  <div class='ocr_page' id='page_1' title='image "/cluster/home/n/w/nwhite01/storage/ocr_20150623/92-93/uva.x000827076/698.png"; bbox 0 0 3914 6228; ppageno 0'>
   <div class='ocr_carea' id='block_1_1' title="bbox 289 348 391 399">
    <p class='ocr_par' dir='ltr' id='par_1_1' title="bbox 289 348 391 399">
     <span class='ocr_line' id='line_1_1' title="bbox 289 348 391 399; baseline 0.01 -1"><span class='ocrx_word' id='word_1_1' title='bbox 289 348 391 399; x_wconf 73' lang='lat'><strong>37</strong></span> 
     </span>
    </p>
   </div>
   <div class='ocr_carea' id='block_1_2' title="bbox 1371 345 2410 416">
    <p class='ocr_par' dir='ltr' id='par_1_2' title="bbox 1371 345 2410 416">
     <span class='ocr_line' id='line_1_2' title="bbox 1371 345 2410 416; baseline -0.001 -11"><span class='ocrx_word' id='word_1_2' title='bbox 1371 346 1806 416; x_wconf 45' lang='grc' dir='ltr'><strong>ωλι-διηθεῖς</strong></span> <span class='ocrx_word' id='word_1_3' title='bbox 1845 345 2061 401; x_wconf 69' lang='lat' dir='ltr'><strong>SUPER</strong></span> <span class='ocrx_word' id='word_1_4' title='bbox 2101 350 2410 408; x_wconf 74' lang='lat' dir='ltr'><strong>GENESlll.</strong></span> 
     </span>
    </p>
   </div>
   <div class='ocr_carea' id='block_1_3' title="bbox 3361 358 3465 410">
    <p class='ocr_par' dir='ltr' id='par_1_3' title="bbox 3361 358 3465 410">
     <span class='ocr_line' id='line_1_3' title="bbox 3361 358 3465 410; baseline -0.038 -1"><span class='ocrx_word' id='word_1_5' title='bbox 3361 358 3465 410; x_wconf 70' lang='grc'><strong>333·</strong></span> 
     </span>
    </p>
   </div>
   <div class='ocr_carea' id='block_1_4' title="bbox 288 451 3456 532">
    <p class='ocr_par' dir='ltr' id='par_1_4' title="bbox 288 451 3456 532">
     <span class='ocr_line' id='line_1_4' title="bbox 288 451 3456 532; baseline 0.003 -24"><span class='ocrx_word' id='word_1_6' title='bbox 288 478 556 532; x_wconf 72' lang='lat' dir='ltr'><strong>queram</strong></span> <span class='ocrx_word' id='word_1_7' title='bbox 589 463 988 528; x_wconf 76' lang='lat' dir='ltr'><strong>routemplativa</strong></span> <span class='ocrx_word' id='word_1_8' title='bbox 1027 463 1128 513; x_wconf 88' lang='lat' dir='ltr'><strong>vita</strong></span> <span class='ocrx_word' id='word_1_9' title='bbox 1168 462 1365 532; x_wconf 63' lang='lat' dir='ltr'><strong>appetit</strong></span> <span class='ocrx_word' id='word_1_10' title='bbox 1414 473 1467 512; x_wconf 94' lang='lat' dir='ltr'><strong>ut</strong></span> <span class='ocrx_word' id='word_1_11' title='bbox 1505 462 1820 532; x_wconf 66' lang='lat' dir='ltr'><strong>divinitatem</strong></span> <span class='ocrx_word' id='word_1_12' title='bbox 1853 461 1902 516; x_wconf 83' lang='grc' dir='ltr'><strong>Α</strong></span> <span class='ocrx_word' id='word_1_13' title='bbox 1928 465 2176 532; x_wconf 66' lang='grc' dir='ltr'><strong>αεειτρίκιὶ,</strong></span> <span class='ocrx_word' id='word_1_14' title='bbox 2213 465 2412 527; x_wconf 72' lang='lat' dir='ltr'><strong>insuper</strong></span> <span class='ocrx_word' id='word_1_15' title='bbox 2450 451 2492 513; x_wconf 86' lang='lat' dir='ltr'><strong>et</strong></span> <span class='ocrx_word' id='word_1_16' title='bbox 2534 463 2917 530; x_wconf 72' lang='lat' dir='ltr'><strong>mandragoram</strong></span> <span class='ocrx_word' id='word_1_17' title='bbox 2957 465 3048 526; x_wconf 67' lang='lat' dir='ltr'><strong>ﬁlii</strong></span> <span class='ocrx_word' id='word_1_18' title='bbox 3090 465 3180 515; x_wconf 77' lang='lat' dir='ltr'><strong>uti</strong></span> <span class='ocrx_word' id='word_1_19' title='bbox 3221 467 3289 516; x_wconf 73' lang='lat' dir='ltr'><strong>vis</strong></span> <span class='ocrx_word' id='word_1_20' title='bbox 3326 471 3456 520; x_wconf 82' lang='lat' dir='ltr'><strong>acci-</strong></span> 
     </span>
    </p>
   </div>
   <div class='ocr_carea' id='block_1_5' title="bbox 293 531 1828 595">
    <p class='ocr_par' dir='ltr' id='par_1_5' title="bbox 293 531 1828 595">
     <span class='ocr_line' id='line_1_5' title="bbox 293 531 1828 595; baseline 0.003 -17"><span class='ocrx_word' id='word_1_21' title='bbox 293 531 607 583; x_wconf 69' lang='lat' dir='ltr'><strong>i-u-ﬂ.ilr&#39;;leru</strong></span> <span class='ocrx_word' id='word_1_22' title='bbox 639 546 808 584; x_wconf 81' lang='lat' dir='ltr'><strong>cernar</strong></span> <span class='ocrx_word' id='word_1_23' title='bbox 837 574 848 592; x_wconf 83' lang='lat'><strong>,</strong></span> <span class='ocrx_word' id='word_1_24' title='bbox 894 545 1075 582; x_wconf 82' lang='lat' dir='ltr'><strong>vacare</strong></span> <span class='ocrx_word' id='word_1_25' title='bbox 1103 531 1210 582; x_wconf 87' lang='lat' dir='ltr'><strong>vult</strong></span> <span class='ocrx_word' id='word_1_26' title='bbox 1240 533 1302 582; x_wconf 91' lang='lat' dir='ltr'><strong>ab</strong></span> <span class='ocrx_word' id='word_1_27' title='bbox 1331 533 1468 582; x_wconf 88' lang='lat' dir='ltr'><strong>omni</strong></span> <span class='ocrx_word' id='word_1_28' title='bbox 1518 531 1739 595; x_wconf 75' lang='lat' dir='ltr'><strong>negotio,</strong></span> <span class='ocrx_word' id='word_1_29' title='bbox 1776 540 1828 582; x_wconf 87' lang='lat' dir='ltr'><strong>et</strong></span> 
     </span>
    </p>
   </div>
   <div class='ocr_carea' id='block_1_6' title="bbox 295 599 1825 664">
    <p class='ocr_par' dir='ltr' id='par_1_6' title="bbox 295 599 1825 664">
     <span class='ocr_line' id='line_1_6' title="bbox 295 599 1825 664; baseline 0.002 -15"><span class='ocrx_word' id='word_1_30' title='bbox 295 604 411 649; x_wconf 61' lang='lat' dir='ltr'><strong>ideo</strong></span> <span class='ocrx_word' id='word_1_31' title='bbox 437 602 625 651; x_wconf 68' lang='lat' dir='ltr'><strong>sterilis</strong></span> <span class='ocrx_word' id='word_1_32' title='bbox 651 603 734 664; x_wconf 88' lang='lat' dir='ltr'><strong>qui</strong></span> <span class='ocrx_word' id='word_1_33' title='bbox 765 600 813 650; x_wconf 89' lang='lat' dir='ltr'><strong>in</strong></span> <span class='ocrx_word' id='word_1_34' title='bbox 845 601 1002 651; x_wconf 86' lang='lat' dir='ltr'><strong>variis</strong></span> <span class='ocrx_word' id='word_1_35' title='bbox 1031 601 1283 664; x_wconf 86' lang='lat' dir='ltr'><strong>pressuris</strong></span> <span class='ocrx_word' id='word_1_36' title='bbox 1311 613 1409 650; x_wconf 84' lang='lat' dir='ltr'><strong>nun</strong></span> <span class='ocrx_word' id='word_1_37' title='bbox 1438 600 1696 652; x_wconf 73' lang='lat' dir='ltr'><strong>subvenit.</strong></span> <span class='ocrx_word' id='word_1_38' title='bbox 1721 599 1825 652; x_wconf 79' lang='lat' dir='ltr'><strong>Sed</strong></span> 
     </span>
    </p>
   </div>
   <div class='ocr_carea' id='block_1_7' title="bbox 293 669 1826 734">
    <p class='ocr_par' dir='ltr' id='par_1_7' title="bbox 293 669 1826 734">
     <span class='ocr_line' id='line_1_7' title="bbox 293 669 1826 734; baseline 0.004 -18"><span class='ocrx_word' id='word_1_39' title='bbox 293 671 410 734; x_wconf 82' lang='lat' dir='ltr'><strong>quia</strong></span> <span class='ocrx_word' id='word_1_40' title='bbox 443 682 486 720; x_wconf 88' lang='lat' dir='ltr'><strong>et</strong></span> <span class='ocrx_word' id='word_1_41' title='bbox 536 672 640 734; x_wconf 80' lang='lat' dir='ltr'><strong>ipsa</strong></span> <span class='ocrx_word' id='word_1_42' title='bbox 688 669 943 720; x_wconf 74' lang='lat' dir='ltr'><strong>interdum</strong></span> <span class='ocrx_word' id='word_1_43' title='bbox 989 670 1289 732; x_wconf 79' lang='lat' dir='ltr'><strong>procreandi</strong></span> <span class='ocrx_word' id='word_1_44' title='bbox 1330 669 1579 721; x_wconf 86' lang='lat' dir='ltr'><strong>charitate</strong></span> <span class='ocrx_word' id='word_1_45' title='bbox 1622 670 1826 722; x_wconf 88' lang='lat' dir='ltr'><strong>inarde-</strong></span> 
     </span>
    </p>
   </div>
   <div class='ocr_carea' id='block_1_8' title="bbox 292 737 1824 802">
    <p class='ocr_par' dir='ltr' id='par_1_8' title="bbox 292 737 1824 802">
     <span class='ocr_line' id='line_1_8' title="bbox 292 737 1824 802; baseline 0.001 -12"><span class='ocrx_word' id='word_1_46' title='bbox 292 742 410 792; x_wconf 83' lang='lat' dir='ltr'><strong>scit.</strong></span> <span class='ocrx_word' id='word_1_47' title='bbox 463 740 563 787; x_wconf 79' lang='lat' dir='ltr'><strong>\&#39;tlll</strong></span> <span class='ocrx_word' id='word_1_48' title='bbox 611 739 746 788; x_wconf 80' lang='lat' dir='ltr'><strong>cnim</strong></span> <span class='ocrx_word' id='word_1_49' title='bbox 786 738 973 790; x_wconf 67' lang='lat' dir='ltr'><strong>duci-re</strong></span> <span class='ocrx_word' id='word_1_50' title='bbox 1011 737 1145 802; x_wconf 88' lang='lat' dir='ltr'><strong>quod</strong></span> <span class='ocrx_word' id='word_1_51' title='bbox 1197 737 1380 789; x_wconf 86' lang='lat' dir='ltr'><strong>novit:</strong></span> <span class='ocrx_word' id='word_1_52' title='bbox 1412 738 1552 788; x_wconf 88' lang='lat' dir='ltr'><strong>videt</strong></span> <span class='ocrx_word' id='word_1_53' title='bbox 1593 751 1824 791; x_wconf 84' lang='lat' dir='ltr'><strong>sororem</strong></span> 
     </span>
    </p>
   </div>
   <div class='ocr_carea' id='block_1_9' title="bbox 296 805 1826 870">
    <p class='ocr_par' dir='ltr' id='par_1_9' title="bbox 296 805 1826 870">
     <span class='ocr_line' id='line_1_9' title="bbox 296 805 1826 870; baseline 0.001 -12"><span class='ocrx_word' id='word_1_54' title='bbox 296 808 474 858; x_wconf 84' lang='lat' dir='ltr'><strong>labore</strong></span> <span class='ocrx_word' id='word_1_55' title='bbox 502 809 683 864; x_wconf 70' lang='lat' dir='ltr'><strong>agmnli</strong></span> <span class='ocrx_word' id='word_1_56' title='bbox 715 808 828 856; x_wconf 88' lang='lat' dir='ltr'><strong>liliis</strong></span> <span class='ocrx_word' id='word_1_57' title='bbox 855 809 1228 868; x_wconf 71' lang='lat' dir='ltr'><strong>abundantem,</strong></span> <span class='ocrx_word' id='word_1_58' title='bbox 1256 814 1309 857; x_wconf 90' lang='lat' dir='ltr'><strong>et</strong></span> <span class='ocrx_word' id='word_1_59' title='bbox 1338 806 1476 858; x_wconf 88' lang='lat' dir='ltr'><strong>dolet</strong></span> <span class='ocrx_word' id='word_1_60' title='bbox 1504 805 1672 870; x_wconf 89' lang='lat' dir='ltr'><strong>potius</strong></span> <span class='ocrx_word' id='word_1_61' title='bbox 1703 822 1826 859; x_wconf 84' lang='lat' dir='ltr'><strong>cur-</strong></span> 
     </span>
    </p>
   </div>
   <div class='ocr_carea' id='block_1_10' title="bbox 295 877 1819 936">
    <p class='ocr_par' dir='ltr' id='par_1_10' title="bbox 295 877 1819 936">
     <span class='ocr_line' id='line_1_10' title="bbox 295 877 1819 936; baseline -0.001 -9"><span class='ocrx_word' id='word_1_62' title='bbox 295 892 410 927; x_wconf 50' lang='lat' dir='ltr'><strong>rr-rr-</strong></span> <span class='ocrx_word' id='word_1_63' title='bbox 445 877 678 927; x_wconf 79' lang='lat' dir='ltr'><strong>homines</strong></span> <span class='ocrx_word' id='word_1_64' title='bbox 711 877 772 924; x_wconf 86' lang='lat' dir='ltr'><strong>ad</strong></span> <span class='ocrx_word' id='word_1_65' title='bbox 802 891 915 925; x_wconf 75' lang='lat' dir='ltr'><strong>eam</strong></span> <span class='ocrx_word' id='word_1_66' title='bbox 947 877 1184 926; x_wconf 82' lang='lat' dir='ltr'><strong>virtutem</strong></span> <span class='ocrx_word' id='word_1_67' title='bbox 1205 911 1220 934; x_wconf 93' lang='lat'><strong>,</strong></span> <span class='ocrx_word' id='word_1_68' title='bbox 1249 888 1346 936; x_wconf 81' lang='lat' dir='ltr'><strong>qua</strong></span> <span class='ocrx_word' id='word_1_69' title='bbox 1381 889 1559 924; x_wconf 89' lang='lat' dir='ltr'><strong>eorum</strong></span> <span class='ocrx_word' id='word_1_70' title='bbox 1593 877 1819 927; x_wconf 79' lang='lat' dir='ltr'><strong>necessi-</strong></span> 
     </span>
    </p>
   </div>
   <div class='ocr_carea' id='block_1_11' title="bbox 295 942 1825 1010">
    <p class='ocr_par' dir='ltr' id='par_1_11' title="bbox 295 942 1825 1010">
     <span class='ocr_line' id='line_1_11' title="bbox 295 942 1825 1010; baseline 0.001 -17"><span class='ocrx_word' id='word_1_71' title='bbox 295 945 491 995; x_wconf 85' lang='lat' dir='ltr'><strong>tatibus</strong></span> <span class='ocrx_word' id='word_1_72' title='bbox 521 946 826 1004; x_wconf 78' lang='lat' dir='ltr'><strong>conSuIitur,</strong></span> <span class='ocrx_word' id='word_1_73' title='bbox 855 956 903 992; x_wconf 75' lang='lat' dir='ltr'><strong>et</strong></span> <span class='ocrx_word' id='word_1_74' title='bbox 934 945 995 994; x_wconf 88' lang='lat' dir='ltr'><strong>ad</strong></span> <span class='ocrx_word' id='word_1_75' title='bbox 1031 945 1165 994; x_wconf 86' lang='lat' dir='ltr'><strong>illam</strong></span> <span class='ocrx_word' id='word_1_76' title='bbox 1198 944 1332 994; x_wconf 89' lang='lat' dir='ltr'><strong>unde</strong></span> <span class='ocrx_word' id='word_1_77' title='bbox 1361 942 1590 995; x_wconf 80' lang='lat' dir='ltr'><strong>divinum</strong></span> <span class='ocrx_word' id='word_1_78' title='bbox 1633 943 1825 1010; x_wconf 87' lang='lat' dir='ltr'><strong>aliquid</strong></span> 
     </span>
    </p>
   </div>
   <div class='ocr_carea' id='block_1_12' title="bbox 292 1011 1827 1075">
    <p class='ocr_par' dir='ltr' id='par_1_12' title="bbox 292 1011 1827 1075">
     <span class='ocr_line' id='line_1_12' title="bbox 292 1011 1827 1075; baseline 0 -12"><span class='ocrx_word' id='word_1_79' title='bbox 292 1013 532 1065; x_wconf 86' lang='lat' dir='ltr'><strong>discitur.</strong></span> <span class='ocrx_word' id='word_1_80' title='bbox 568 1011 658 1064; x_wconf 90' lang='lat' dir='ltr'><strong>llic</strong></span> <span class='ocrx_word' id='word_1_81' title='bbox 683 1014 828 1062; x_wconf 86' lang='lat' dir='ltr'><strong>dolor</strong></span> <span class='ocrx_word' id='word_1_82' title='bbox 857 1012 1104 1075; x_wconf 77' lang='lat' dir='ltr'><strong>ﬁguratus</strong></span> <span class='ocrx_word' id='word_1_83' title='bbox 1133 1012 1339 1062; x_wconf 90' lang='lat' dir='ltr'><strong>videtur</strong></span> <span class='ocrx_word' id='word_1_84' title='bbox 1367 1014 1415 1063; x_wconf 90' lang='lat' dir='ltr'><strong>in</strong></span> <span class='ocrx_word' id='word_1_85' title='bbox 1447 1026 1510 1064; x_wconf 90' lang='lat' dir='ltr'><strong>eo</strong></span> <span class='ocrx_word' id='word_1_86' title='bbox 1536 1011 1672 1073; x_wconf 87' lang='lat' dir='ltr'><strong>quod</strong></span> <span class='ocrx_word' id='word_1_87' title='bbox 1698 1013 1827 1065; x_wconf 86' lang='lat' dir='ltr'><strong>scri-</strong></span> 
     </span>
    </p>
   </div>
   <div class='ocr_carea' id='block_1_13' title="bbox 296 1079 1824 1147">
    <p class='ocr_par' dir='ltr' id='par_1_13' title="bbox 296 1079 1824 1147">
     <span class='ocr_line' id='line_1_13' title="bbox 296 1079 1824 1147; baseline -0.001 -15"><span class='ocrx_word' id='word_1_88' title='bbox 296 1092 438 1144; x_wconf 75' lang='lat' dir='ltr'><strong>ptum</strong></span> <span class='ocrx_word' id='word_1_89' title='bbox 463 1090 542 1133; x_wconf 91' lang='lat' dir='ltr'><strong>est</strong></span> <span class='ocrx_word' id='word_1_90' title='bbox 569 1100 578 1131; x_wconf 90' lang='lat'>:</span> <span class='ocrx_word' id='word_1_91' title='bbox 613 1079 673 1131; x_wconf 84' lang='lat' dir='ltr'><strong>Et</strong></span> <span class='ocrx_word' id='word_1_92' title='bbox 694 1082 866 1132; x_wconf 80' lang='lat' dir='ltr'><strong>zelavit</strong></span> <span class='ocrx_word' id='word_1_93' title='bbox 897 1080 1079 1132; x_wconf 77' lang='lat' dir='ltr'><strong>Rachel</strong></span> <span class='ocrx_word' id='word_1_94' title='bbox 1102 1095 1316 1131; x_wconf 85' lang='lat' dir='ltr'><strong>sororem</strong></span> <span class='ocrx_word' id='word_1_95' title='bbox 1339 1097 1478 1130; x_wconf 73' lang='lat' dir='ltr'><strong>suam</strong></span> <span class='ocrx_word' id='word_1_96' title='bbox 1505 1079 1651 1147; x_wconf 77' lang='lat' dir='ltr'><strong>(Gen.</strong></span> <span class='ocrx_word' id='word_1_97' title='bbox 1678 1081 1824 1145; x_wconf 76' lang='lat' dir='ltr'><strong>xxx).</strong></span> 
     </span>
    </p>
   </div>
   <div class='ocr_carea' id='block_1_14' title="bbox 297 1148 1826 1214">
    <p class='ocr_par' dir='ltr' id='par_1_14' title="bbox 297 1148 1826 1214">
     <span class='ocr_line' id='line_1_14' title="bbox 297 1148 1826 1214; baseline 0.001 -14"><span class='ocrx_word' id='word_1_98' title='bbox 297 1148 525 1201; x_wconf 71' lang='lat' dir='ltr'><strong>Proinde</strong></span> <span class='ocrx_word' id='word_1_99' title='bbox 557 1149 670 1213; x_wconf 89' lang='lat' dir='ltr'><strong>qrria</strong></span> <span class='ocrx_word' id='word_1_100' title='bbox 714 1165 872 1214; x_wconf 88' lang='lat' dir='ltr'><strong>purus</strong></span> <span class='ocrx_word' id='word_1_101' title='bbox 911 1150 1200 1201; x_wconf 79' lang='lat' dir='ltr'><strong>intellectus</strong></span> <span class='ocrx_word' id='word_1_102' title='bbox 1241 1150 1486 1213; x_wconf 82' lang='lat' dir='ltr'><strong>spiritalis</strong></span> <span class='ocrx_word' id='word_1_103' title='bbox 1527 1149 1826 1202; x_wconf 65' lang='lat' dir='ltr'><strong>substantia:</strong></span> 
     </span>
    </p>
   </div>
   <div class='ocr_carea' id='block_1_15' title="bbox 295 1218 1826 1283">
    <p class='ocr_par' dir='ltr' id='par_1_15' title="bbox 295 1218 1826 1283">
     <span class='ocr_line' id='line_1_15' title="bbox 295 1218 1826 1283; baseline 0 -13"><span class='ocrx_word' id='word_1_104' title='bbox 295 1220 472 1271; x_wconf 83' lang='lat' dir='ltr'><strong>verbis</strong></span> <span class='ocrx_word' id='word_1_105' title='bbox 491 1234 644 1271; x_wconf 86' lang='lat' dir='ltr'><strong>carne</strong></span> <span class='ocrx_word' id='word_1_106' title='bbox 670 1219 838 1269; x_wconf 85' lang='lat' dir='ltr'><strong>editus</strong></span> <span class='ocrx_word' id='word_1_107' title='bbox 867 1219 1082 1282; x_wconf 73' lang='lat' dir='ltr'><strong>exprimi</strong></span> <span class='ocrx_word' id='word_1_108' title='bbox 1116 1233 1214 1268; x_wconf 89' lang='lat' dir='ltr'><strong>non</strong></span> <span class='ocrx_word' id='word_1_109' title='bbox 1247 1227 1434 1283; x_wconf 81' lang='lat' dir='ltr'><strong>potest,</strong></span> <span class='ocrx_word' id='word_1_110' title='bbox 1461 1218 1614 1281; x_wconf 71' lang='lat' dir='ltr'><strong>elegit</strong></span> <span class='ocrx_word' id='word_1_111' title='bbox 1636 1218 1826 1270; x_wconf 86' lang='lat' dir='ltr'><strong>doctri-</strong></span> 
     </span>
    </p>
   </div>
   <div class='ocr_carea' id='block_1_16' title="bbox 297 1286 1829 1355">
    <p class='ocr_par' dir='ltr' id='par_1_16' title="bbox 297 1286 1829 1355">
     <span class='ocr_line' id='line_1_16' title="bbox 297 1286 1829 1355; baseline 0.002 -18"><span class='ocrx_word' id='word_1_112' title='bbox 297 1305 416 1337; x_wconf 84' lang='lat' dir='ltr'><strong>uarn</strong></span> <span class='ocrx_word' id='word_1_113' title='bbox 449 1286 713 1355; x_wconf 64' lang='lat' dir='ltr'><strong>sapientia:</strong></span> <span class='ocrx_word' id='word_1_114' title='bbox 742 1303 826 1351; x_wconf 81' lang='lat' dir='ltr'><strong>per</strong></span> <span class='ocrx_word' id='word_1_115' title='bbox 853 1288 1106 1354; x_wconf 77' lang='lat' dir='ltr'><strong>quaslibet</strong></span> <span class='ocrx_word' id='word_1_116' title='bbox 1143 1302 1420 1349; x_wconf 85' lang='lat' dir='ltr'><strong>corporcas</strong></span> <span class='ocrx_word' id='word_1_117' title='bbox 1463 1286 1829 1340; x_wconf 77' lang='lat' dir='ltr'><strong>similitudines</strong></span> 
     </span>
    </p>
   </div>
   <div class='ocr_carea' id='block_1_17' title="bbox 294 1355 1829 1422">
    <p class='ocr_par' dir='ltr' id='par_1_17' title="bbox 294 1355 1829 1422">
     <span class='ocr_line' id='line_1_17' title="bbox 294 1355 1829 1422; baseline 0.001 -16"><span class='ocrx_word' id='word_1_118' title='bbox 294 1356 562 1408; x_wconf 57' lang='lat' dir='ltr'><strong>insinuare</strong></span> <span class='ocrx_word' id='word_1_119' title='bbox 591 1357 794 1414; x_wconf 86' lang='lat' dir='ltr'><strong>divina,</strong></span> <span class='ocrx_word' id='word_1_120' title='bbox 836 1357 965 1408; x_wconf 89' lang='lat' dir='ltr'><strong>sicut</strong></span> <span class='ocrx_word' id='word_1_121' title='bbox 1007 1355 1161 1422; x_wconf 77' lang='lat' dir='ltr'><strong>elegit</strong></span> <span class='ocrx_word' id='word_1_122' title='bbox 1193 1355 1382 1407; x_wconf 68' lang='lat' dir='ltr'><strong>liachvl</strong></span> <span class='ocrx_word' id='word_1_123' title='bbox 1415 1371 1475 1407; x_wconf 85' lang='lat' dir='ltr'><strong>ex</strong></span> <span class='ocrx_word' id='word_1_124' title='bbox 1511 1356 1620 1407; x_wconf 87' lang='lat' dir='ltr'><strong>viro</strong></span> <span class='ocrx_word' id='word_1_125' title='bbox 1652 1371 1748 1408; x_wconf 84' lang='lat' dir='ltr'><strong>suo</strong></span> <span class='ocrx_word' id='word_1_126' title='bbox 1779 1368 1829 1408; x_wconf 85' lang='lat' dir='ltr'><strong>ct</strong></span> 
     </span>
    </p>
   </div>
   <div class='ocr_carea' id='block_1_18' title="bbox 292 1425 1828 1490">
    <p class='ocr_par' dir='ltr' id='par_1_18' title="bbox 292 1425 1828 1490">
     <span class='ocr_line' id='line_1_18' title="bbox 292 1425 1828 1490; baseline 0.003 -17"><span class='ocrx_word' id='word_1_127' title='bbox 292 1425 484 1477; x_wconf 80' lang='lat' dir='ltr'><strong>ancilla</strong></span> <span class='ocrx_word' id='word_1_128' title='bbox 513 1426 778 1490; x_wconf 78' lang='lat' dir='ltr'><strong>suscipere</strong></span> <span class='ocrx_word' id='word_1_129' title='bbox 807 1425 958 1489; x_wconf 90' lang='lat' dir='ltr'><strong>lilios,</strong></span> <span class='ocrx_word' id='word_1_130' title='bbox 992 1440 1143 1490; x_wconf 89' lang='lat' dir='ltr'><strong>quam</strong></span> <span class='ocrx_word' id='word_1_131' title='bbox 1174 1425 1284 1474; x_wconf 85' lang='lat' dir='ltr'><strong>sine</strong></span> <span class='ocrx_word' id='word_1_132' title='bbox 1314 1426 1430 1475; x_wconf 89' lang='lat' dir='ltr'><strong>llliis</strong></span> <span class='ocrx_word' id='word_1_133' title='bbox 1471 1426 1686 1476; x_wconf 90' lang='lat' dir='ltr'><strong>omnino</strong></span> <span class='ocrx_word' id='word_1_134' title='bbox 1719 1443 1828 1477; x_wconf 84' lang='lat' dir='ltr'><strong>rna-</strong></span> 
     </span>
    </p>
   </div>
   <div class='ocr_carea' id='block_1_19' title="bbox 296 1492 1828 1561">
    <p class='ocr_par' dir='ltr' id='par_1_19' title="bbox 296 1492 1828 1561">
     <span class='ocr_line' id='line_1_19' title="bbox 296 1492 1828 1561; baseline 0.002 -19"><span class='ocrx_word' id='word_1_135' title='bbox 296 1508 448 1546; x_wconf 90' lang='lat' dir='ltr'><strong>nere.</strong></span> <span class='ocrx_word' id='word_1_136' title='bbox 493 1495 608 1545; x_wconf 86' lang='lat' dir='ltr'><strong>Bala</strong></span> <span class='ocrx_word' id='word_1_137' title='bbox 641 1497 828 1561; x_wconf 81' lang='lat' dir='ltr'><strong>quippe</strong></span> <span class='ocrx_word' id='word_1_138' title='bbox 857 1495 1041 1545; x_wconf 80' lang='lat' dir='ltr'><strong>ancilla</strong></span> <span class='ocrx_word' id='word_1_139' title='bbox 1073 1495 1259 1545; x_wconf 79' lang='lat' dir='ltr'><strong>ltachel</strong></span> <span class='ocrx_word' id='word_1_140' title='bbox 1288 1492 1659 1558; x_wconf 87' lang='lat' dir='ltr'><strong>interpretatur</strong></span> <span class='ocrx_word' id='word_1_141' title='bbox 1687 1494 1828 1545; x_wconf 85' lang='lat' dir='ltr'><strong>inve-</strong></span> 
     </span>
    </p>
   </div>
   <div class='ocr_carea' id='block_1_20' title="bbox 294 1562 1830 1627">
    <p class='ocr_par' dir='ltr' id='par_1_20' title="bbox 294 1562 1830 1627">
     <span class='ocr_line' id='line_1_20' title="bbox 294 1562 1830 1627; baseline 0.003 -15"><span class='ocrx_word' id='word_1_142' title='bbox 294 1571 484 1616; x_wconf 72' lang='lat' dir='ltr'><strong>terata.</strong></span> <span class='ocrx_word' id='word_1_143' title='bbox 539 1563 609 1613; x_wconf 92' lang='lat' dir='ltr'><strong>De</strong></span> <span class='ocrx_word' id='word_1_144' title='bbox 655 1571 834 1616; x_wconf 89' lang='lat' dir='ltr'><strong>vetere</strong></span> <span class='ocrx_word' id='word_1_145' title='bbox 875 1563 1062 1627; x_wconf 80' lang='lat' dir='ltr'><strong>quippe</strong></span> <span class='ocrx_word' id='word_1_146' title='bbox 1107 1565 1207 1612; x_wconf 90' lang='lat' dir='ltr'><strong>vita</strong></span> <span class='ocrx_word' id='word_1_147' title='bbox 1250 1562 1547 1614; x_wconf 70' lang='lat' dir='ltr'><strong>carnalibus</strong></span> <span class='ocrx_word' id='word_1_148' title='bbox 1592 1563 1830 1616; x_wconf 78' lang='lat' dir='ltr'><strong>sensibus</strong></span> 
     </span>
    </p>
   </div>
   <div class='ocr_carea' id='block_1_21' title="bbox 293 1631 1828 1697">
    <p class='ocr_par' dir='ltr' id='par_1_21' title="bbox 293 1631 1828 1697">
     <span class='ocr_line' id='line_1_21' title="bbox 293 1631 1828 1697; baseline 0.003 -16"><span class='ocrx_word' id='word_1_149' title='bbox 293 1631 494 1691; x_wconf 83' lang='lat' dir='ltr'><strong>dedita,</strong></span> <span class='ocrx_word' id='word_1_150' title='bbox 540 1644 804 1697; x_wconf 70' lang='lat' dir='ltr'><strong>corporeae</strong></span> <span class='ocrx_word' id='word_1_151' title='bbox 852 1632 1143 1684; x_wconf 74' lang='lat' dir='ltr'><strong>excitantur</strong></span> <span class='ocrx_word' id='word_1_152' title='bbox 1189 1631 1458 1696; x_wconf 80' lang='lat' dir='ltr'><strong>imagines,</strong></span> <span class='ocrx_word' id='word_1_153' title='bbox 1512 1631 1666 1684; x_wconf 87' lang='lat' dir='ltr'><strong>etiam</strong></span> <span class='ocrx_word' id='word_1_154' title='bbox 1712 1646 1828 1685; x_wconf 88' lang='lat' dir='ltr'><strong>cum</strong></span> 
     </span>
    </p>
   </div>
   <div class='ocr_carea' id='block_1_22' title="bbox 291 1700 1831 1765">
    <p class='ocr_par' dir='ltr' id='par_1_22' title="bbox 291 1700 1831 1765">
     <span class='ocr_line' id='line_1_22' title="bbox 291 1700 1831 1765; baseline 0.003 -17"><span class='ocrx_word' id='word_1_155' title='bbox 291 1700 490 1765; x_wconf 80' lang='lat' dir='ltr'><strong>aliquid</strong></span> <span class='ocrx_word' id='word_1_156' title='bbox 521 1701 583 1751; x_wconf 86' lang='lat' dir='ltr'><strong>de</strong></span> <span class='ocrx_word' id='word_1_157' title='bbox 612 1700 826 1764; x_wconf 81' lang='lat' dir='ltr'><strong>Spiritali</strong></span> <span class='ocrx_word' id='word_1_158' title='bbox 858 1709 910 1753; x_wconf 90' lang='lat' dir='ltr'><strong>et</strong></span> <span class='ocrx_word' id='word_1_159' title='bbox 939 1700 1342 1751; x_wconf 83' lang='lat' dir='ltr'><strong>incommutain</strong></span> <span class='ocrx_word' id='word_1_160' title='bbox 1381 1700 1670 1752; x_wconf 79' lang='lat' dir='ltr'><strong>substantia</strong></span> <span class='ocrx_word' id='word_1_161' title='bbox 1700 1701 1831 1753; x_wconf 74' lang='lat' dir='ltr'><strong>divi~</strong></span> 
     </span>
    </p>
   </div>
   <div class='ocr_carea' id='block_1_23' title="bbox 1929 532 3455 599">
    <p class='ocr_par' dir='ltr' id='par_1_23' title="bbox 1929 532 3455 599">
     <span class='ocr_line' id='line_1_23' title="bbox 1929 532 3455 599; baseline 0.005 -19"><span class='ocrx_word' id='word_1_162' title='bbox 1929 547 2044 597; x_wconf 82' lang='lat' dir='ltr'><strong>pere</strong></span> <span class='ocrx_word' id='word_1_163' title='bbox 2073 532 2219 599; x_wconf 80' lang='lat' dir='ltr'><strong>(Gen.</strong></span> <span class='ocrx_word' id='word_1_164' title='bbox 2254 532 2410 595; x_wconf 79' lang='lat' dir='ltr'><strong>xxx)?</strong></span> <span class='ocrx_word' id='word_1_165' title='bbox 2460 533 2555 582; x_wconf 78' lang='lat' dir='ltr'><strong>Per</strong></span> <span class='ocrx_word' id='word_1_166' title='bbox 2603 546 2758 581; x_wconf 90' lang='lat' dir='ltr'><strong>unrrm</strong></span> <span class='ocrx_word' id='word_1_167' title='bbox 2807 532 2970 581; x_wconf 88' lang='lat' dir='ltr'><strong>virum</strong></span> <span class='ocrx_word' id='word_1_168' title='bbox 3017 532 3315 598; x_wconf 73' lang='lat' dir='ltr'><strong>significans</strong></span> <span class='ocrx_word' id='word_1_169' title='bbox 3362 552 3455 588; x_wconf 81' lang='lat' dir='ltr'><strong>eos</strong></span> 
     </span>
    </p>
   </div>
   <div class='ocr_carea' id='block_1_24' title="bbox 1929 599 3454 673">
    <p class='ocr_par' dir='ltr' id='par_1_24' title="bbox 1929 599 3454 673">
     <span class='ocr_line' id='line_1_24' title="bbox 1929 599 3454 673; baseline 0.003 -23"><span class='ocrx_word' id='word_1_170' title='bbox 1929 614 2132 673; x_wconf 79' lang='lat' dir='ltr'><strong>omnes,</strong></span> <span class='ocrx_word' id='word_1_171' title='bbox 2158 602 2276 673; x_wconf 83' lang='lat' dir='ltr'><strong>quia</strong></span> <span class='ocrx_word' id='word_1_172' title='bbox 2299 601 2549 673; x_wconf 83' lang='lat' dir='ltr'><strong>cum_siut</strong></span> <span class='ocrx_word' id='word_1_173' title='bbox 2570 599 2751 673; x_wconf 77' lang='lat' dir='ltr'><strong>agendi</strong></span> <span class='ocrx_word' id='word_1_174' title='bbox 2779 600 2963 673; x_wconf 72' lang='lat' dir='ltr'><strong>virtute</strong></span> <span class='ocrx_word' id='word_1_175' title='bbox 2988 601 3208 673; x_wconf 78' lang='lat' dir='ltr'><strong>habiles,</strong></span> <span class='ocrx_word' id='word_1_176' title='bbox 3237 613 3290 654; x_wconf 90' lang='lat' dir='ltr'><strong>et</strong></span> <span class='ocrx_word' id='word_1_177' title='bbox 3317 605 3454 673; x_wconf 82' lang='lat' dir='ltr'><strong>digni</strong></span> 
     </span>
    </p>
   </div>
   <div class='ocr_carea' id='block_1_25' title="bbox 1927 669 3458 736">
    <p class='ocr_par' dir='ltr' id='par_1_25' title="bbox 1927 669 3458 736">
     <span class='ocr_line' id='line_1_25' title="bbox 1927 669 3458 736; baseline 0.005 -17"><span class='ocrx_word' id='word_1_178' title='bbox 1927 670 2113 732; x_wconf 83' lang='lat' dir='ltr'><strong>quibus</strong></span> <span class='ocrx_word' id='word_1_179' title='bbox 2144 672 2371 736; x_wconf 82' lang='lat' dir='ltr'><strong>regimen</strong></span> <span class='ocrx_word' id='word_1_180' title='bbox 2405 669 2649 722; x_wconf 66' lang='lat' dir='ltr'><strong>Ecclesia:</strong></span> <span class='ocrx_word' id='word_1_181' title='bbox 2676 669 3025 721; x_wconf 83' lang='lat' dir='ltr'><strong>committatur</strong></span> <span class='ocrx_word' id='word_1_182' title='bbox 3062 671 3123 720; x_wconf 91' lang='lat' dir='ltr'><strong>ad</strong></span> <span class='ocrx_word' id='word_1_183' title='bbox 3153 669 3458 732; x_wconf 71' lang='lat' dir='ltr'><strong>dispensan-</strong></span> 
     </span>
    </p>
   </div>
   <div class='ocr_carea' id='block_1_26' title="bbox 1928 737 3454 798">
    <p class='ocr_par' dir='ltr' id='par_1_26' title="bbox 1928 737 3454 798">
     <span class='ocr_line' id='line_1_26' title="bbox 1928 737 3454 798; baseline -0.002 -11"><span class='ocrx_word' id='word_1_184' title='bbox 1928 739 2048 790; x_wconf 87' lang='lat' dir='ltr'><strong>duru</strong></span> <span class='ocrx_word' id='word_1_185' title='bbox 2081 739 2198 791; x_wconf 85' lang='lat' dir='ltr'><strong>lldei</strong></span> <span class='ocrx_word' id='word_1_186' title='bbox 2229 746 2632 798; x_wconf 83' lang='lat' dir='ltr'><strong>sacramentum,</strong></span> <span class='ocrx_word' id='word_1_187' title='bbox 2668 737 2736 790; x_wconf 81' lang='lat' dir='ltr'><strong>illi</strong></span> <span class='ocrx_word' id='word_1_188' title='bbox 2767 741 2971 789; x_wconf 87' lang='lat' dir='ltr'><strong>accensi</strong></span> <span class='ocrx_word' id='word_1_189' title='bbox 3003 738 3171 790; x_wconf 88' lang='lat' dir='ltr'><strong>studio</strong></span> <span class='ocrx_word' id='word_1_190' title='bbox 3200 738 3454 793; x_wconf 62' lang='lat' dir='ltr'><strong>doctrina:</strong></span> 
     </span>
    </p>
   </div>
   <div class='ocr_carea' id='block_1_27' title="bbox 1893 805 3457 874">
    <p class='ocr_par' dir='ltr' id='par_1_27' title="bbox 1893 805 3457 874">
     <span class='ocr_line' id='line_1_27' title="bbox 1893 805 3457 874; baseline 0.002 -19"><span class='ocrx_word' id='word_1_191' title='bbox 1893 866 1896 870; x_wconf 25' lang='grc' dir='ltr'><em>ι</em></span> <span class='ocrx_word' id='word_1_192' title='bbox 1928 816 2080 874; x_wconf 84' lang='lat' dir='ltr'><strong>atque</strong></span> <span class='ocrx_word' id='word_1_193' title='bbox 2119 805 2423 874; x_wconf 77' lang='lat' dir='ltr'><strong>indagandze</strong></span> <span class='ocrx_word' id='word_1_194' title='bbox 2457 815 2508 856; x_wconf 90' lang='lat' dir='ltr'><strong>et</strong></span> <span class='ocrx_word' id='word_1_195' title='bbox 2547 807 2958 874; x_wconf 69' lang='lat' dir='ltr'><strong>contemplandas</strong></span> <span class='ocrx_word' id='word_1_196' title='bbox 2996 808 3260 871; x_wconf 62' lang='lat' dir='ltr'><strong>sapientiae</strong></span> <span class='ocrx_word' id='word_1_197' title='bbox 3298 824 3355 860; x_wconf 91' lang='lat' dir='ltr'><strong>se</strong></span> <span class='ocrx_word' id='word_1_198' title='bbox 3394 810 3457 858; x_wconf 87' lang='lat' dir='ltr'><strong>ab</strong></span> 
     </span>
    </p>
   </div>
   <div class='ocr_carea' id='block_1_28' title="bbox 1927 873 3458 940">
    <p class='ocr_par' dir='ltr' id='par_1_28' title="bbox 1927 873 3458 940">
     <span class='ocr_line' id='line_1_28' title="bbox 1927 873 3458 940; baseline 0.002 -14"><span class='ocrx_word' id='word_1_199' title='bbox 1927 873 2169 926; x_wconf 82' lang='lat' dir='ltr'><strong>omnibus</strong></span> <span class='ocrx_word' id='word_1_200' title='bbox 2197 873 2456 926; x_wconf 81' lang='lat' dir='ltr'><strong>actionum</strong></span> <span class='ocrx_word' id='word_1_201' title='bbox 2491 873 2739 926; x_wconf 83' lang='lat' dir='ltr'><strong>molestiis</strong></span> <span class='ocrx_word' id='word_1_202' title='bbox 2768 889 3058 935; x_wconf 86' lang='lat' dir='ltr'><strong>removere,</strong></span> <span class='ocrx_word' id='word_1_203' title='bbox 3089 886 3243 940; x_wconf 86' lang='lat' dir='ltr'><strong>atque</strong></span> <span class='ocrx_word' id='word_1_204' title='bbox 3270 877 3319 929; x_wconf 89' lang='lat' dir='ltr'><strong>in</strong></span> <span class='ocrx_word' id='word_1_205' title='bbox 3350 878 3458 930; x_wconf 84' lang='lat' dir='ltr'><strong>orio</strong></span> 
     </span>
    </p>
   </div>
   <div class='ocr_carea' id='block_1_29' title="bbox 1928 942 3458 1011">
    <p class='ocr_par' dir='ltr' id='par_1_29' title="bbox 1928 942 3458 1011">
     <span class='ocr_line' id='line_1_29' title="bbox 1928 942 3458 1011; baseline 0.003 -18"><span class='ocrx_word' id='word_1_206' title='bbox 1928 943 2158 996; x_wconf 85' lang='lat' dir='ltr'><strong>discendi</strong></span> <span class='ocrx_word' id='word_1_207' title='bbox 2213 951 2302 996; x_wconf 91' lang='lat' dir='ltr'><strong>aut</strong></span> <span class='ocrx_word' id='word_1_208' title='bbox 2351 942 2569 994; x_wconf 82' lang='lat' dir='ltr'><strong>docendi</strong></span> <span class='ocrx_word' id='word_1_209' title='bbox 2626 943 2804 994; x_wconf 88' lang='lat' dir='ltr'><strong>volunt</strong></span> <span class='ocrx_word' id='word_1_210' title='bbox 2858 944 3151 998; x_wconf 87' lang='lat' dir='ltr'><strong>considere.</strong></span> <span class='ocrx_word' id='word_1_211' title='bbox 3209 945 3275 996; x_wconf 88' lang='lat' dir='ltr'><strong>lla</strong></span> <span class='ocrx_word' id='word_1_212' title='bbox 3333 961 3458 1011; x_wconf 85' lang='lat' dir='ltr'><strong>ergo</strong></span> 
     </span>
    </p>
   </div>
   <div class='ocr_carea' id='block_1_30' title="bbox 1928 1011 3456 1077">
    <p class='ocr_par' dir='ltr' id='par_1_30' title="bbox 1928 1011 3456 1077">
     <span class='ocr_line' id='line_1_30' title="bbox 1928 1011 3456 1077; baseline 0.003 -15"><span class='ocrx_word' id='word_1_213' title='bbox 1928 1011 2118 1064; x_wconf 88' lang='lat' dir='ltr'><strong>dictum</strong></span> <span class='ocrx_word' id='word_1_214' title='bbox 2166 1021 2245 1064; x_wconf 89' lang='lat' dir='ltr'><strong>est</strong></span> <span class='ocrx_word' id='word_1_215' title='bbox 2294 1030 2305 1062; x_wconf 87' lang='lat'><strong>:</strong></span> <span class='ocrx_word' id='word_1_216' title='bbox 2364 1011 2550 1062; x_wconf 83' lang='lat' dir='ltr'><strong>l’arurrt</strong></span> <span class='ocrx_word' id='word_1_217' title='bbox 2596 1021 2662 1062; x_wconf 79' lang='lat' dir='ltr'><strong>est</strong></span> <span class='ocrx_word' id='word_1_218' title='bbox 2710 1012 2797 1062; x_wconf 89' lang='lat' dir='ltr'><strong>tibi</strong></span> <span class='ocrx_word' id='word_1_219' title='bbox 2842 1012 2977 1076; x_wconf 77' lang='lat' dir='ltr'><strong>quod</strong></span> <span class='ocrx_word' id='word_1_220' title='bbox 3025 1015 3255 1077; x_wconf 69' lang='lat' dir='ltr'><strong>accepisti</strong></span> <span class='ocrx_word' id='word_1_221' title='bbox 3293 1016 3456 1067; x_wconf 78' lang='lat' dir='ltr'><strong>virum</strong></span> 
     </span>
    </p>
   </div>
   <div class='ocr_carea' id='block_1_31' title="bbox 1927 1079 3456 1152">
    <p class='ocr_par' dir='ltr' id='par_1_31' title="bbox 1927 1079 3456 1152">
     <span class='ocr_line' id='line_1_31' title="bbox 1927 1079 3456 1152; baseline 0.003 -20"><span class='ocrx_word' id='word_1_222' title='bbox 1927 1081 2341 1152; x_wconf 29' lang='lat' dir='ltr'><strong>meumtinsuper</strong></span> <span class='ocrx_word' id='word_1_223' title='bbox 2370 1079 2809 1152; x_wconf 77' lang='lat' dir='ltr'><strong>et_mandragaras</strong></span> <span class='ocrx_word' id='word_1_224' title='bbox 2849 1080 2942 1152; x_wconf 76' lang='lat' dir='ltr'><strong>filii</strong></span> <span class='ocrx_word' id='word_1_225' title='bbox 2984 1083 3074 1152; x_wconf 81' lang='lat' dir='ltr'><strong>mei</strong></span> <span class='ocrx_word' id='word_1_226' title='bbox 3105 1084 3175 1133; x_wconf 79' lang='lat' dir='ltr'><strong>vis</strong></span> <span class='ocrx_word' id='word_1_227' title='bbox 3213 1086 3456 1152; x_wconf 77' lang='lat' dir='ltr'><strong>accipere,</strong></span> 
     </span>
    </p>
   </div>
   <div class='ocr_carea' id='block_1_32' title="bbox 1928 1147 3458 1213">
    <p class='ocr_par' dir='ltr' id='par_1_32' title="bbox 1928 1147 3458 1213">
     <span class='ocr_line' id='line_1_32' title="bbox 1928 1147 3458 1213; baseline 0.001 -13"><span class='ocrx_word' id='word_1_228' title='bbox 1928 1165 1988 1200; x_wconf 81' lang='lat' dir='ltr'><strong>ac</strong></span> <span class='ocrx_word' id='word_1_229' title='bbox 2019 1150 2060 1203; x_wconf 88' lang='lat' dir='ltr'><strong>si</strong></span> <span class='ocrx_word' id='word_1_230' title='bbox 2091 1151 2350 1202; x_wconf 85' lang='lat' dir='ltr'><strong>diceretur</strong></span> <span class='ocrx_word' id='word_1_231' title='bbox 2382 1166 2392 1199; x_wconf 93' lang='lat'><strong>:</strong></span> <span class='ocrx_word' id='word_1_232' title='bbox 2428 1147 2610 1198; x_wconf 84' lang='lat' dir='ltr'><strong>Parum</strong></span> <span class='ocrx_word' id='word_1_233' title='bbox 2643 1157 2720 1199; x_wconf 90' lang='lat' dir='ltr'><strong>cst</strong></span> <span class='ocrx_word' id='word_1_234' title='bbox 2747 1149 2882 1213; x_wconf 84' lang='lat' dir='ltr'><strong>quod</strong></span> <span class='ocrx_word' id='word_1_235' title='bbox 2931 1150 3167 1203; x_wconf 83' lang='lat' dir='ltr'><strong>homines</strong></span> <span class='ocrx_word' id='word_1_236' title='bbox 3211 1153 3272 1204; x_wconf 88' lang='lat' dir='ltr'><strong>ad</strong></span> <span class='ocrx_word' id='word_1_237' title='bbox 3317 1147 3458 1205; x_wconf 86' lang='lat' dir='ltr'><strong>labo—</strong></span> 
     </span>
    </p>
   </div>
   <div class='ocr_carea' id='block_1_33' title="bbox 1927 1217 3458 1282">
    <p class='ocr_par' dir='ltr' id='par_1_33' title="bbox 1927 1217 3458 1282">
     <span class='ocr_line' id='line_1_33' title="bbox 1927 1217 3458 1282; baseline 0.003 -12"><span class='ocrx_word' id='word_1_238' title='bbox 1927 1235 2036 1271; x_wconf 90' lang='lat' dir='ltr'><strong>rem</strong></span> <span class='ocrx_word' id='word_1_239' title='bbox 2075 1233 2244 1270; x_wconf 87' lang='lat' dir='ltr'><strong>rerum</strong></span> <span class='ocrx_word' id='word_1_240' title='bbox 2286 1217 2625 1282; x_wconf 82' lang='lat' dir='ltr'><strong>gerendarum</strong></span> <span class='ocrx_word' id='word_1_241' title='bbox 2669 1219 2999 1270; x_wconf 87' lang='lat' dir='ltr'><strong>necessarios</strong></span> <span class='ocrx_word' id='word_1_242' title='bbox 3028 1220 3077 1270; x_wconf 90' lang='lat' dir='ltr'><strong>in</strong></span> <span class='ocrx_word' id='word_1_243' title='bbox 3120 1220 3230 1272; x_wconf 90' lang='lat' dir='ltr'><strong>otio</strong></span> <span class='ocrx_word' id='word_1_244' title='bbox 3259 1221 3458 1275; x_wconf 86' lang='lat' dir='ltr'><strong>detinet</strong></span> 
     </span>
    </p>
   </div>
   <div class='ocr_carea' id='block_1_34' title="bbox 1884 1285 3456 1362">
    <p class='ocr_par' dir='ltr' id='par_1_34' title="bbox 1884 1285 3456 1362">
     <span class='ocr_line' id='line_1_34' title="bbox 1884 1285 3456 1362; baseline 0.002 -23"><span class='ocrx_word' id='word_1_245' title='bbox 1884 1296 1888 1301; x_wconf 83' lang='grc'><strong>’</strong></span> <span class='ocrx_word' id='word_1_246' title='bbox 1928 1289 2025 1339; x_wconf 77' lang='lat' dir='ltr'><strong>viti</strong></span> <span class='ocrx_word' id='word_1_247' title='bbox 2049 1288 2365 1362; x_wconf 61' lang='lat' dir='ltr'><strong>studiorum,</strong></span> <span class='ocrx_word' id='word_1_248' title='bbox 2391 1285 2596 1362; x_wconf 73' lang='lat' dir='ltr'><strong>insuper</strong></span> <span class='ocrx_word' id='word_1_249' title='bbox 2627 1295 2678 1335; x_wconf 89' lang='lat' dir='ltr'><strong>et.</strong></span> <span class='ocrx_word' id='word_1_250' title='bbox 2708 1287 3003 1351; x_wconf 76' lang='lat' dir='ltr'><strong>pepulerem</strong></span> <span class='ocrx_word' id='word_1_251' title='bbox 3034 1288 3250 1356; x_wconf 81' lang='lat' dir='ltr'><strong>gloriam</strong></span> <span class='ocrx_word' id='word_1_252' title='bbox 3282 1306 3340 1342; x_wconf 90' lang='lat' dir='ltr'><strong>re</strong></span> <span class='ocrx_word' id='word_1_253' title='bbox 3360 1293 3456 1352; x_wconf 79' lang='grc' dir='ltr'><strong>μιίο</strong></span> 
     </span>
    </p>
   </div>
   <div class='ocr_carea' id='block_1_35' title="bbox 1929 1355 3459 1422">
    <p class='ocr_par' dir='ltr' id='par_1_35' title="bbox 1929 1355 3459 1422">
     <span class='ocr_line' id='line_1_35' title="bbox 1929 1355 3459 1422; baseline 0.003 -15"><span class='ocrx_word' id='word_1_254' title='bbox 1929 1358 2013 1407; x_wconf 91' lang='lat' dir='ltr'><strong>ril.</strong></span> <span class='ocrx_word' id='word_1_255' title='bbox 2049 1355 2290 1414; x_wconf 82' lang='lat' dir='ltr'><strong>Proinde,</strong></span> <span class='ocrx_word' id='word_1_256' title='bbox 2317 1363 2369 1405; x_wconf 92' lang='lat' dir='ltr'><strong>ut</strong></span> <span class='ocrx_word' id='word_1_257' title='bbox 2393 1355 2662 1419; x_wconf 88' lang='lat' dir='ltr'><strong>eamjuste</strong></span> <span class='ocrx_word' id='word_1_258' title='bbox 2683 1366 2967 1422; x_wconf 67' lang='lat' dir='ltr'><strong>eotnparvt,</strong></span> <span class='ocrx_word' id='word_1_259' title='bbox 3001 1357 3230 1422; x_wconf 88' lang='lat' dir='ltr'><strong>impertit</strong></span> <span class='ocrx_word' id='word_1_260' title='bbox 3263 1359 3459 1412; x_wconf 81' lang='lat' dir='ltr'><strong>Rachel</strong></span> 
     </span>
    </p>
   </div>
   <div class='ocr_carea' id='block_1_36' title="bbox 1928 1424 3458 1489">
    <p class='ocr_par' dir='ltr' id='par_1_36' title="bbox 1928 1424 3458 1489">
     <span class='ocr_line' id='line_1_36' title="bbox 1928 1424 3458 1489; baseline 0.004 -15"><span class='ocrx_word' id='word_1_261' title='bbox 1928 1426 2094 1476; x_wconf 86' lang='lat' dir='ltr'><strong>virum</strong></span> <span class='ocrx_word' id='word_1_262' title='bbox 2139 1426 2302 1475; x_wconf 68' lang='lat' dir='ltr'><strong>sorori</strong></span> <span class='ocrx_word' id='word_1_263' title='bbox 2351 1438 2456 1474; x_wconf 76' lang='lat' dir='ltr'><strong>sua:</strong></span> <span class='ocrx_word' id='word_1_264' title='bbox 2501 1424 2580 1474; x_wconf 86' lang='lat' dir='ltr'><strong>illa</strong></span> <span class='ocrx_word' id='word_1_265' title='bbox 2625 1433 2794 1483; x_wconf 89' lang='lat' dir='ltr'><strong>nocte,</strong></span> <span class='ocrx_word' id='word_1_266' title='bbox 2830 1430 2885 1473; x_wconf 88' lang='lat' dir='ltr'><strong>ut</strong></span> <span class='ocrx_word' id='word_1_267' title='bbox 2914 1424 3109 1476; x_wconf 67' lang='lat' dir='ltr'><strong>scilicet</strong></span> <span class='ocrx_word' id='word_1_268' title='bbox 3154 1428 3238 1489; x_wconf 87' lang='lat' dir='ltr'><strong>qui</strong></span> <span class='ocrx_word' id='word_1_269' title='bbox 3271 1427 3458 1480; x_wconf 85' lang='lat' dir='ltr'><strong>virtute</strong></span> 
     </span>
    </p>
   </div>
   <div class='ocr_carea' id='block_1_37' title="bbox 1930 1494 3457 1560">
    <p class='ocr_par' dir='ltr' id='par_1_37' title="bbox 1930 1494 3457 1560">
     <span class='ocr_line' id='line_1_37' title="bbox 1930 1494 3457 1560; baseline 0.002 -16"><span class='ocrx_word' id='word_1_270' title='bbox 1930 1495 2187 1545; x_wconf 83' lang='lat' dir='ltr'><strong>laboriosa</strong></span> <span class='ocrx_word' id='word_1_271' title='bbox 2234 1494 2467 1560; x_wconf 80' lang='lat' dir='ltr'><strong>regimini</strong></span> <span class='ocrx_word' id='word_1_272' title='bbox 2520 1494 2829 1557; x_wconf 89' lang='lat' dir='ltr'><strong>populorum</strong></span> <span class='ocrx_word' id='word_1_273' title='bbox 2875 1495 3252 1546; x_wconf 87' lang='lat' dir='ltr'><strong>accommodati</strong></span> <span class='ocrx_word' id='word_1_274' title='bbox 3303 1505 3457 1558; x_wconf 91' lang='lat' dir='ltr'><strong>sunt,</strong></span> 
     </span>
    </p>
   </div>
   <div class='ocr_carea' id='block_1_38' title="bbox 1928 1561 3456 1629">
    <p class='ocr_par' dir='ltr' id='par_1_38' title="bbox 1928 1561 3456 1629">
     <span class='ocr_line' id='line_1_38' title="bbox 1928 1561 3456 1629; baseline 0.004 -17"><span class='ocrx_word' id='word_1_275' title='bbox 1928 1563 2082 1613; x_wconf 85' lang='lat' dir='ltr'><strong>etiam</strong></span> <span class='ocrx_word' id='word_1_276' title='bbox 2116 1561 2158 1613; x_wconf 91' lang='lat' dir='ltr'><strong>si</strong></span> <span class='ocrx_word' id='word_1_277' title='bbox 2188 1563 2418 1613; x_wconf 72' lang='lat' dir='ltr'><strong>scientiae</strong></span> <span class='ocrx_word' id='word_1_278' title='bbox 2447 1575 2626 1612; x_wconf 85' lang='lat' dir='ltr'><strong>vacare</strong></span> <span class='ocrx_word' id='word_1_279' title='bbox 2655 1562 2957 1626; x_wconf 72' lang='lat' dir='ltr'><strong>diligerent,</strong></span> <span class='ocrx_word' id='word_1_280' title='bbox 2986 1564 3274 1629; x_wconf 85' lang='lat' dir='ltr'><strong>suscipiant</strong></span> <span class='ocrx_word' id='word_1_281' title='bbox 3301 1580 3456 1628; x_wconf 67' lang='lat' dir='ltr'><strong>erpe-</strong></span> 
     </span>
    </p>
   </div>
   <div class='ocr_carea' id='block_1_39' title="bbox 1930 1630 3458 1699">
    <p class='ocr_par' dir='ltr' id='par_1_39' title="bbox 1930 1630 3458 1699">
     <span class='ocr_line' id='line_1_39' title="bbox 1930 1630 3458 1699; baseline 0.002 -17"><span class='ocrx_word' id='word_1_282' title='bbox 1930 1630 2167 1683; x_wconf 90' lang='lat' dir='ltr'><strong>rientiam</strong></span> <span class='ocrx_word' id='word_1_283' title='bbox 2200 1631 2537 1699; x_wconf 72' lang='lat' dir='ltr'><strong>tentatiunum</strong></span> <span class='ocrx_word' id='word_1_284' title='bbox 2576 1645 2919 1699; x_wconf 86' lang='lat' dir='ltr'><strong>curarumque</strong></span> <span class='ocrx_word' id='word_1_285' title='bbox 2948 1633 3201 1684; x_wconf 84' lang='lat' dir='ltr'><strong>sarcinam</strong></span> <span class='ocrx_word' id='word_1_286' title='bbox 3235 1649 3325 1699; x_wconf 89' lang='lat' dir='ltr'><strong>pro</strong></span> <span class='ocrx_word' id='word_1_287' title='bbox 3359 1636 3458 1685; x_wconf 83' lang='lat' dir='ltr'><strong>titi-</strong></span> 
     </span>
    </p>
   </div>
   <div class='ocr_carea' id='block_1_40' title="bbox 1932 1697 3457 1763">
    <p class='ocr_par' dir='ltr' id='par_1_40' title="bbox 1932 1697 3457 1763">
     <span class='ocr_line' id='line_1_40' title="bbox 1932 1697 3457 1763; baseline 0.002 -12"><span class='ocrx_word' id='word_1_288' title='bbox 1932 1700 2074 1751; x_wconf 89' lang='lat' dir='ltr'><strong>litate</strong></span> <span class='ocrx_word' id='word_1_289' title='bbox 2103 1700 2393 1760; x_wconf 90' lang='lat' dir='ltr'><strong>cumrnuni,</strong></span> <span class='ocrx_word' id='word_1_290' title='bbox 2429 1712 2492 1749; x_wconf 91' lang='lat' dir='ltr'><strong>ne</strong></span> <span class='ocrx_word' id='word_1_291' title='bbox 2519 1697 2626 1762; x_wconf 83' lang='lat' dir='ltr'><strong>ipsa</strong></span> <span class='ocrx_word' id='word_1_292' title='bbox 2659 1697 2888 1749; x_wconf 68' lang='lat' dir='ltr'><strong>docrrina</strong></span> <span class='ocrx_word' id='word_1_293' title='bbox 2919 1697 3336 1763; x_wconf 28' lang='lat' dir='ltr'><strong>sapieritichcui</strong></span> <span class='ocrx_word' id='word_1_294' title='bbox 3369 1719 3457 1754; x_wconf 90' lang='lat' dir='ltr'><strong>va-</strong></span> 
     </span>
    </p>
   </div>
   <div class='ocr_carea' id='block_1_41' title="bbox 294 1766 3459 1847">
    <p class='ocr_par' dir='ltr' id='par_1_41' title="bbox 294 1766 3459 1847">
     <span class='ocr_line' id='line_1_41' title="bbox 294 1766 3459 1847; baseline 0.001 -29"><span class='ocrx_word' id='word_1_295' title='bbox 294 1771 477 1819; x_wconf 86' lang='lat' dir='ltr'><strong>nitatis</strong></span> <span class='ocrx_word' id='word_1_296' title='bbox 509 1770 734 1847; x_wconf 72' lang='lat' dir='ltr'><strong>auditur.</strong></span> <span class='ocrx_word' id='word_1_297' title='bbox 767 1769 1005 1835; x_wconf 83' lang='lat' dir='ltr'><strong>Suscepit</strong></span> <span class='ocrx_word' id='word_1_298' title='bbox 1031 1778 1086 1847; x_wconf 81' lang='lat' dir='ltr'><strong>et</strong></span> <span class='ocrx_word' id='word_1_299' title='bbox 1111 1769 1205 1847; x_wconf 40' lang='lat' dir='ltr'><strong>.Lia</strong></span> <span class='ocrx_word' id='word_1_300' title='bbox 1237 1768 1366 1847; x_wconf 73' lang='lat' dir='ltr'><strong>[ilius</strong></span> <span class='ocrx_word' id='word_1_301' title='bbox 1395 1768 1459 1821; x_wconf 90' lang='lat' dir='ltr'><strong>de</strong></span> <span class='ocrx_word' id='word_1_302' title='bbox 1496 1769 1682 1847; x_wconf 80' lang='lat' dir='ltr'><strong>ancilla</strong></span> <span class='ocrx_word' id='word_1_303' title='bbox 1713 1786 1824 1831; x_wconf 83' lang='lat' dir='ltr'><strong>sua,</strong></span> <span class='ocrx_word' id='word_1_304' title='bbox 1863 1789 1905 1846; x_wconf 75' lang='grc' dir='ltr'><strong>Β</strong></span> <span class='ocrx_word' id='word_1_305' title='bbox 1933 1783 2053 1847; x_wconf 77' lang='lat' dir='ltr'><strong>care</strong></span> <span class='ocrx_word' id='word_1_306' title='bbox 2079 1778 2387 1847; x_wconf 74' lang='lat' dir='ltr'><strong>statuerant,</strong></span> <span class='ocrx_word' id='word_1_307' title='bbox 2415 1766 2830 1847; x_wconf 77' lang='lat' dir='ltr'><strong>blasphemetur;</strong></span> <span class='ocrx_word' id='word_1_308' title='bbox 2860 1781 3026 1845; x_wconf 82' lang='lat' dir='ltr'><strong>neque</strong></span> <span class='ocrx_word' id='word_1_309' title='bbox 3051 1769 3368 1847; x_wconf 54' lang='lat' dir='ltr'><strong>adipiscatur</strong></span> <span class='ocrx_word' id='word_1_310' title='bbox 3395 1773 3459 1847; x_wconf 82' lang='lat' dir='ltr'><strong>ab</strong></span> 
     </span>
    </p>
   </div>
   <div class='ocr_carea' id='block_1_42' title="bbox 293 1838 1827 1902">
    <p class='ocr_par' dir='ltr' id='par_1_42' title="bbox 293 1838 1827 1902">
     <span class='ocr_line' id='line_1_42' title="bbox 293 1838 1827 1902; baseline 0.004 -16"><span class='ocrx_word' id='word_1_311' title='bbox 293 1853 480 1888; x_wconf 82' lang='lat' dir='ltr'><strong>amore</strong></span> <span class='ocrx_word' id='word_1_312' title='bbox 509 1839 758 1890; x_wconf 79' lang='lat' dir='ltr'><strong>habendae</strong></span> <span class='ocrx_word' id='word_1_313' title='bbox 785 1838 1153 1890; x_wconf 85' lang='lat' dir='ltr'><strong>numerosioris</strong></span> <span class='ocrx_word' id='word_1_314' title='bbox 1181 1838 1334 1902; x_wconf 84' lang='lat' dir='ltr'><strong>prolis</strong></span> <span class='ocrx_word' id='word_1_315' title='bbox 1357 1852 1603 1902; x_wconf 75' lang='lat' dir='ltr'><strong>accensa;</strong></span> <span class='ocrx_word' id='word_1_316' title='bbox 1636 1839 1827 1892; x_wconf 83' lang='lat' dir='ltr'><strong>inveni-</strong></span> 
     </span>
    </p>
   </div>
   <div class='ocr_carea' id='block_1_43' title="bbox 294 1906 1824 1973">
    <p class='ocr_par' dir='ltr' id='par_1_43' title="bbox 294 1906 1824 1973">
     <span class='ocr_line' id='line_1_43' title="bbox 294 1906 1824 1973; baseline 0.004 -18"><span class='ocrx_word' id='word_1_317' title='bbox 294 1922 416 1955; x_wconf 86' lang='lat' dir='ltr'><strong>rnns</strong></span> <span class='ocrx_word' id='word_1_318' title='bbox 432 1917 598 1958; x_wconf 72' lang='lat' dir='ltr'><strong>autem</strong></span> <span class='ocrx_word' id='word_1_319' title='bbox 614 1907 808 1971; x_wconf 84' lang='lat' dir='ltr'><strong>Zellan,</strong></span> <span class='ocrx_word' id='word_1_320' title='bbox 825 1907 937 1971; x_wconf 82' lang='lat' dir='ltr'><strong>ejus</strong></span> <span class='ocrx_word' id='word_1_321' title='bbox 955 1906 1211 1969; x_wconf 83' lang='lat' dir='ltr'><strong>ancillam,</strong></span> <span class='ocrx_word' id='word_1_322' title='bbox 1235 1909 1560 1971; x_wconf 87' lang='lat' dir='ltr'><strong>interpretari</strong></span> <span class='ocrx_word' id='word_1_323' title='bbox 1578 1925 1629 1960; x_wconf 77' lang='lat' dir='ltr'><strong>os</strong></span> <span class='ocrx_word' id='word_1_324' title='bbox 1646 1909 1824 1973; x_wconf 81' lang='lat' dir='ltr'><strong>hians;</strong></span> 
     </span>
    </p>
   </div>
   <div class='ocr_carea' id='block_1_44' title="bbox 289 1975 1824 2043">
    <p class='ocr_par' dir='ltr' id='par_1_44' title="bbox 289 1975 1824 2043">
     <span class='ocr_line' id='line_1_44' title="bbox 289 1975 1824 2043; baseline 0.005 -19"><span class='ocrx_word' id='word_1_325' title='bbox 289 1990 615 2042; x_wconf 67' lang='lat' dir='ltr'><strong>quapropter</strong></span> <span class='ocrx_word' id='word_1_326' title='bbox 651 1976 758 2027; x_wconf 66' lang='lat' dir='ltr'><strong>hanc</strong></span> <span class='ocrx_word' id='word_1_327' title='bbox 786 1977 967 2027; x_wconf 69' lang='lat' dir='ltr'><strong>ancilla</strong></span> <span class='ocrx_word' id='word_1_328' title='bbox 999 1975 1114 2026; x_wconf 91' lang='lat' dir='ltr'><strong>illos</strong></span> <span class='ocrx_word' id='word_1_329' title='bbox 1147 1975 1327 2041; x_wconf 86' lang='lat' dir='ltr'><strong>ligurat</strong></span> <span class='ocrx_word' id='word_1_330' title='bbox 1355 1989 1575 2040; x_wconf 90' lang='lat' dir='ltr'><strong>quorum</strong></span> <span class='ocrx_word' id='word_1_331' title='bbox 1609 1979 1660 2032; x_wconf 89' lang='lat' dir='ltr'><strong>in</strong></span> <span class='ocrx_word' id='word_1_332' title='bbox 1691 1994 1824 2043; x_wconf 74' lang='lat' dir='ltr'><strong>prte-</strong></span> 
     </span>
    </p>
   </div>
   <div class='ocr_carea' id='block_1_45' title="bbox 292 2044 1821 2106">
    <p class='ocr_par' dir='ltr' id='par_1_45' title="bbox 292 2044 1821 2106">
     <span class='ocr_line' id='line_1_45' title="bbox 292 2044 1821 2106; baseline 0.006 -15"><span class='ocrx_word' id='word_1_333' title='bbox 292 2044 560 2096; x_wconf 71' lang='lat' dir='ltr'><strong>dicatione</strong></span> <span class='ocrx_word' id='word_1_334' title='bbox 593 2044 710 2096; x_wconf 86' lang='lat' dir='ltr'><strong>lidei</strong></span> <span class='ocrx_word' id='word_1_335' title='bbox 739 2045 1050 2106; x_wconf 65' lang='lat' dir='ltr'><strong>evangelica:</strong></span> <span class='ocrx_word' id='word_1_336' title='bbox 1079 2056 1136 2094; x_wconf 88' lang='lat' dir='ltr'><strong>os</strong></span> <span class='ocrx_word' id='word_1_337' title='bbox 1178 2047 1311 2104; x_wconf 89' lang='lat' dir='ltr'><strong>hiat,</strong></span> <span class='ocrx_word' id='word_1_338' title='bbox 1340 2052 1393 2094; x_wconf 89' lang='lat' dir='ltr'><strong>et</strong></span> <span class='ocrx_word' id='word_1_339' title='bbox 1429 2060 1519 2096; x_wconf 87' lang='lat' dir='ltr'><strong>cor</strong></span> <span class='ocrx_word' id='word_1_340' title='bbox 1561 2061 1660 2099; x_wconf 92' lang='lat' dir='ltr'><strong>non</strong></span> <span class='ocrx_word' id='word_1_341' title='bbox 1699 2047 1821 2100; x_wconf 87' lang='lat' dir='ltr'><strong>hiat.</strong></span> 
     </span>
    </p>
   </div>
   <div class='ocr_carea' id='block_1_46' title="bbox 297 2110 1827 2178">
    <p class='ocr_par' dir='ltr' id='par_1_46' title="bbox 297 2110 1827 2178">
     <span class='ocr_line' id='line_1_46' title="bbox 297 2110 1827 2178; baseline 0.005 -15"><span class='ocrx_word' id='word_1_342' title='bbox 297 2112 376 2164; x_wconf 87' lang='lat' dir='ltr'><strong>De</strong></span> <span class='ocrx_word' id='word_1_343' title='bbox 422 2114 662 2176; x_wconf 77' lang='lat' dir='ltr'><strong>qualibus</strong></span> <span class='ocrx_word' id='word_1_344' title='bbox 710 2113 954 2178; x_wconf 88' lang='lat' dir='ltr'><strong>scriptum</strong></span> <span class='ocrx_word' id='word_1_345' title='bbox 993 2119 1074 2164; x_wconf 81' lang='lat' dir='ltr'><strong>est</strong></span> <span class='ocrx_word' id='word_1_346' title='bbox 1115 2128 1128 2162; x_wconf 89' lang='lat'><strong>:</strong></span> <span class='ocrx_word' id='word_1_347' title='bbox 1170 2110 1396 2175; x_wconf 80' lang='lat' dir='ltr'><strong>Populus</strong></span> <span class='ocrx_word' id='word_1_348' title='bbox 1444 2115 1524 2164; x_wconf 85' lang='lat' dir='ltr'><strong>hic</strong></span> <span class='ocrx_word' id='word_1_349' title='bbox 1565 2115 1707 2168; x_wconf 78' lang='lat' dir='ltr'><strong>labiis</strong></span> <span class='ocrx_word' id='word_1_350' title='bbox 1752 2134 1827 2172; x_wconf 84' lang='lat' dir='ltr'><strong>me</strong></span> 
     </span>
    </p>
   </div>
   <div class='ocr_carea' id='block_1_47' title="bbox 290 2179 1822 2250">
    <p class='ocr_par' dir='ltr' id='par_1_47' title="bbox 290 2179 1822 2250">
     <span class='ocr_line' id='line_1_47' title="bbox 290 2179 1822 2250; baseline 0.005 -21"><span class='ocrx_word' id='word_1_351' title='bbox 290 2182 527 2242; x_wconf 81' lang='lat' dir='ltr'><strong>honorat,</strong></span> <span class='ocrx_word' id='word_1_352' title='bbox 559 2198 641 2233; x_wconf 87' lang='lat' dir='ltr'><strong>cor</strong></span> <span class='ocrx_word' id='word_1_353' title='bbox 669 2191 830 2232; x_wconf 84' lang='lat' dir='ltr'><strong>autem</strong></span> <span class='ocrx_word' id='word_1_354' title='bbox 858 2196 1034 2250; x_wconf 10' lang='lat' dir='ltr'><strong>eorum?</strong></span> <span class='ocrx_word' id='word_1_355' title='bbox 1052 2179 1196 2250; x_wconf 84' lang='lat' dir='ltr'><strong>longe</strong></span> <span class='ocrx_word' id='word_1_356' title='bbox 1221 2192 1290 2233; x_wconf 78' lang='lat' dir='ltr'><strong>est</strong></span> <span class='ocrx_word' id='word_1_357' title='bbox 1316 2198 1343 2231; x_wconf 92' lang='lat' dir='ltr'><strong>a</strong></span> <span class='ocrx_word' id='word_1_358' title='bbox 1381 2197 1454 2233; x_wconf 83' lang='lat' dir='ltr'><strong>me</strong></span> <span class='ocrx_word' id='word_1_359' title='bbox 1490 2182 1678 2250; x_wconf 78' lang='lat' dir='ltr'><strong>(Marc.</strong></span> <span class='ocrx_word' id='word_1_360' title='bbox 1709 2193 1822 2250; x_wconf 79' lang='lat' dir='ltr'><strong>vn).</strong></span> 
     </span>
    </p>
   </div>
   <div class='ocr_carea' id='block_1_48' title="bbox 294 2249 1828 2318">
    <p class='ocr_par' dir='ltr' id='par_1_48' title="bbox 294 2249 1828 2318">
     <span class='ocr_line' id='line_1_48' title="bbox 294 2249 1828 2318; baseline 0.004 -17"><span class='ocrx_word' id='word_1_361' title='bbox 294 2252 363 2301; x_wconf 73' lang='lat' dir='ltr'><strong>l-Zt</strong></span> <span class='ocrx_word' id='word_1_362' title='bbox 388 2251 452 2301; x_wconf 88' lang='lat' dir='ltr'><strong>de</strong></span> <span class='ocrx_word' id='word_1_363' title='bbox 483 2254 668 2314; x_wconf 84' lang='lat' dir='ltr'><strong>quibus</strong></span> <span class='ocrx_word' id='word_1_364' title='bbox 702 2251 980 2314; x_wconf 80' lang='lat' dir='ltr'><strong>Apostolus</strong></span> <span class='ocrx_word' id='word_1_365' title='bbox 1009 2249 1174 2302; x_wconf 77' lang='lat' dir='ltr'><strong>dicit:</strong></span> <span class='ocrx_word' id='word_1_366' title='bbox 1209 2250 1302 2312; x_wconf 85' lang='lat' dir='ltr'><strong>Qui</strong></span> <span class='ocrx_word' id='word_1_367' title='bbox 1331 2249 1571 2318; x_wconf 74' lang='lat' dir='ltr'><strong>prmdicas</strong></span> <span class='ocrx_word' id='word_1_368' title='bbox 1598 2269 1694 2305; x_wconf 85' lang='lat' dir='ltr'><strong>non</strong></span> <span class='ocrx_word' id='word_1_369' title='bbox 1725 2270 1828 2307; x_wconf 75' lang='lat' dir='ltr'><strong>esse</strong></span> 
     </span>
    </p>
   </div>
   <div class='ocr_carea' id='block_1_49' title="bbox 290 2318 1824 2389">
    <p class='ocr_par' dir='ltr' id='par_1_49' title="bbox 290 2318 1824 2389">
     <span class='ocr_line' id='line_1_49' title="bbox 290 2318 1824 2389; baseline 0.004 -19"><span class='ocrx_word' id='word_1_370' title='bbox 290 2321 588 2389; x_wconf 74' lang='lat' dir='ltr'><strong>furandum,</strong></span> <span class='ocrx_word' id='word_1_371' title='bbox 633 2320 816 2389; x_wconf 69' lang='lat' dir='ltr'><strong>{tu-aris</strong></span> <span class='ocrx_word' id='word_1_372' title='bbox 857 2318 1025 2389; x_wconf 71' lang='lat' dir='ltr'><strong>(item.</strong></span> <span class='ocrx_word' id='word_1_373' title='bbox 1059 2322 1122 2382; x_wconf 86' lang='grc' dir='ltr'><strong>ι).</strong></span> <span class='ocrx_word' id='word_1_374' title='bbox 1165 2318 1531 2389; x_wconf 83' lang='lat' dir='ltr'><strong>Verumtamen</strong></span> <span class='ocrx_word' id='word_1_375' title='bbox 1577 2330 1630 2374; x_wconf 90' lang='lat' dir='ltr'><strong>ut</strong></span> <span class='ocrx_word' id='word_1_376' title='bbox 1669 2325 1824 2376; x_wconf 88' lang='lat' dir='ltr'><strong>etiam</strong></span> 
     </span>
    </p>
   </div>
   <div class='ocr_carea' id='block_1_50' title="bbox 293 2387 1827 2459">
    <p class='ocr_par' dir='ltr' id='par_1_50' title="bbox 293 2387 1827 2459">
     <span class='ocr_line' id='line_1_50' title="bbox 293 2387 1827 2459; baseline 0.002 -17"><span class='ocrx_word' id='word_1_377' title='bbox 293 2387 391 2459; x_wconf 72' lang='lat' dir='ltr'><strong>per</strong></span> <span class='ocrx_word' id='word_1_378' title='bbox 422 2389 554 2459; x_wconf 89' lang='lat' dir='ltr'><strong>hanc</strong></span> <span class='ocrx_word' id='word_1_379' title='bbox 582 2387 985 2459; x_wconf 80' lang='lat' dir='ltr'><strong>conditionalem</strong></span> <span class='ocrx_word' id='word_1_380' title='bbox 1010 2401 1250 2459; x_wconf 80' lang='lat' dir='ltr'><strong>uxorem</strong></span> <span class='ocrx_word' id='word_1_381' title='bbox 1271 2388 1426 2459; x_wconf 84' lang='lat' dir='ltr'><strong>libera</strong></span> <span class='ocrx_word' id='word_1_382' title='bbox 1457 2389 1540 2459; x_wconf 85' lang='lat' dir='ltr'><strong>illa</strong></span> <span class='ocrx_word' id='word_1_383' title='bbox 1584 2405 1714 2444; x_wconf 81' lang='lat' dir='ltr'><strong>uxor</strong></span> <span class='ocrx_word' id='word_1_384' title='bbox 1740 2393 1827 2444; x_wconf 83' lang='lat' dir='ltr'><strong>Ja-</strong></span> 
     </span>
    </p>
   </div>
   <div class='ocr_carea' id='block_1_51' title="bbox 289 2455 1826 2523">
    <p class='ocr_par' dir='ltr' id='par_1_51' title="bbox 289 2455 1826 2523">
     <span class='ocr_line' id='line_1_51' title="bbox 289 2455 1826 2523; baseline 0.005 -15"><span class='ocrx_word' id='word_1_385' title='bbox 289 2455 393 2516; x_wconf 66' lang='grc' dir='ltr'><strong>ί-υι)</strong></span> <span class='ocrx_word' id='word_1_386' title='bbox 425 2458 663 2510; x_wconf 86' lang='lat' dir='ltr'><strong>laborans</strong></span> <span class='ocrx_word' id='word_1_387' title='bbox 688 2456 821 2509; x_wconf 89' lang='lat' dir='ltr'><strong>lilios</strong></span> <span class='ocrx_word' id='word_1_388' title='bbox 852 2455 1083 2507; x_wconf 71' lang='lat' dir='ltr'><strong>hteredes</strong></span> <span class='ocrx_word' id='word_1_389' title='bbox 1114 2456 1254 2523; x_wconf 86' lang='lat' dir='ltr'><strong>regni</strong></span> <span class='ocrx_word' id='word_1_390' title='bbox 1283 2457 1551 2522; x_wconf 88' lang='lat' dir='ltr'><strong>suscipiat,</strong></span> <span class='ocrx_word' id='word_1_391' title='bbox 1582 2460 1696 2512; x_wconf 90' lang='lat' dir='ltr'><strong>ideo</strong></span> <span class='ocrx_word' id='word_1_392' title='bbox 1729 2461 1826 2514; x_wconf 86' lang='lat' dir='ltr'><strong>Do-</strong></span> 
     </span>
    </p>
   </div>
   <div class='ocr_carea' id='block_1_52' title="bbox 291 2524 1826 2592">
    <p class='ocr_par' dir='ltr' id='par_1_52' title="bbox 291 2524 1826 2592">
     <span class='ocr_line' id='line_1_52' title="bbox 291 2524 1826 2592; baseline -0.003 -8"><span class='ocrx_word' id='word_1_393' title='bbox 291 2536 467 2584; x_wconf 86' lang='lat' dir='ltr'><strong>minus</strong></span> <span class='ocrx_word' id='word_1_394' title='bbox 494 2528 618 2580; x_wconf 90' lang='lat' dir='ltr'><strong>dicit</strong></span> <span class='ocrx_word' id='word_1_395' title='bbox 648 2546 660 2577; x_wconf 91' lang='lat'><strong>:</strong></span> <span class='ocrx_word' id='word_1_396' title='bbox 696 2527 817 2587; x_wconf 77' lang='lat' dir='ltr'><strong>Quae</strong></span> <span class='ocrx_word' id='word_1_397' title='bbox 853 2525 1019 2576; x_wconf 84' lang='lat' dir='ltr'><strong>dicunt</strong></span> <span class='ocrx_word' id='word_1_398' title='bbox 1055 2524 1227 2588; x_wconf 77' lang='lat' dir='ltr'><strong>facite,</strong></span> <span class='ocrx_word' id='word_1_399' title='bbox 1271 2540 1378 2592; x_wconf 81' lang='lat' dir='ltr'><strong>qua:</strong></span> <span class='ocrx_word' id='word_1_400' title='bbox 1434 2535 1597 2579; x_wconf 85' lang='lat' dir='ltr'><strong>autem</strong></span> <span class='ocrx_word' id='word_1_401' title='bbox 1637 2529 1826 2592; x_wconf 81' lang='lat' dir='ltr'><strong>faciunt</strong></span> 
     </span>
    </p>
   </div>
   <div class='ocr_carea' id='block_1_53' title="bbox 287 2593 1825 2667">
    <p class='ocr_par' dir='ltr' id='par_1_53' title="bbox 287 2593 1825 2667">
     <span class='ocr_line' id='line_1_53' title="bbox 287 2593 1825 2667; baseline 0.007 -25"><span class='ocrx_word' id='word_1_402' title='bbox 287 2603 458 2667; x_wconf 64' lang='lat' dir='ltr'><strong>facere</strong></span> <span class='ocrx_word' id='word_1_403' title='bbox 496 2597 648 2648; x_wconf 79' lang='lat' dir='ltr'><strong>nolite</strong></span> <span class='ocrx_word' id='word_1_404' title='bbox 676 2594 884 2667; x_wconf 83' lang='lat' dir='ltr'><strong>(Matth.</strong></span> <span class='ocrx_word' id='word_1_405' title='bbox 918 2595 1088 2667; x_wconf 69' lang='grc' dir='ltr'>ιιιιιι).</span> <span class='ocrx_word' id='word_1_406' title='bbox 1138 2593 1284 2667; x_wconf 87' lang='lat' dir='ltr'><strong>Unde</strong></span> <span class='ocrx_word' id='word_1_407' title='bbox 1324 2596 1602 2667; x_wconf 67' lang='lat' dir='ltr'><strong>Apostolus</strong></span> <span class='ocrx_word' id='word_1_408' title='bbox 1634 2615 1643 2648; x_wconf 96' lang='lat'>:</span> <span class='ocrx_word' id='word_1_409' title='bbox 1689 2598 1825 2663; x_wconf 77' lang='lat' dir='ltr'><strong>Sive,</strong></span> 
     </span>
    </p>
   </div>
   <div class='ocr_carea' id='block_1_54' title="bbox 288 2662 1828 2735">
    <p class='ocr_par' dir='ltr' id='par_1_54' title="bbox 288 2662 1828 2735">
     <span class='ocr_line' id='line_1_54' title="bbox 288 2662 1828 2735; baseline 0 -15"><span class='ocrx_word' id='word_1_410' title='bbox 288 2662 458 2735; x_wconf 82' lang='lat' dir='ltr'><strong>inquit</strong></span> <span class='ocrx_word' id='word_1_411' title='bbox 479 2702 491 2724; x_wconf 86' lang='lat'><strong>,</strong></span> <span class='ocrx_word' id='word_1_412' title='bbox 520 2679 584 2735; x_wconf 13' lang='lat' dir='ltr'><strong>rex</strong></span> <span class='ocrx_word' id='word_1_413' title='bbox 621 2665 906 2735; x_wconf 75' lang='lat' dir='ltr'><strong>occasione,</strong></span> <span class='ocrx_word' id='word_1_414' title='bbox 943 2663 1040 2713; x_wconf 81' lang='lat' dir='ltr'><strong>sive</strong></span> <span class='ocrx_word' id='word_1_415' title='bbox 1069 2677 1130 2735; x_wconf 77' lang='lat' dir='ltr'><strong>ea:</strong></span> <span class='ocrx_word' id='word_1_416' title='bbox 1154 2664 1352 2735; x_wconf 69' lang='lat' dir='ltr'><strong>veritate</strong></span> <span class='ocrx_word' id='word_1_417' title='bbox 1380 2662 1604 2735; x_wconf 60' lang='lat' dir='ltr'><strong>Christus</strong></span> <span class='ocrx_word' id='word_1_418' title='bbox 1632 2662 1828 2720; x_wconf 50' lang='lat' dir='ltr'><strong>annuit;</strong></span> 
     </span>
    </p>
   </div>
   <div class='ocr_carea' id='block_1_55' title="bbox 290 2732 1822 2805">
    <p class='ocr_par' dir='ltr' id='par_1_55' title="bbox 290 2732 1822 2805">
     <span class='ocr_line' id='line_1_55' title="bbox 290 2732 1822 2805; baseline -0.001 -15"><span class='ocrx_word' id='word_1_419' title='bbox 290 2732 466 2799; x_wconf 78' lang='lat' dir='ltr'><strong>lielur,</strong></span> <span class='ocrx_word' id='word_1_420' title='bbox 512 2734 564 2784; x_wconf 84' lang='lat' dir='ltr'><strong>in</strong></span> <span class='ocrx_word' id='word_1_421' title='bbox 610 2734 701 2784; x_wconf 85' lang='lat' dir='ltr'><strong>hoc</strong></span> <span class='ocrx_word' id='word_1_422' title='bbox 743 2734 958 2805; x_wconf 56' lang='lat' dir='ltr'><strong>gaudeo,</strong></span> <span class='ocrx_word' id='word_1_423' title='bbox 994 2733 1081 2805; x_wconf 73' lang='lat' dir='ltr'><strong>sed</strong></span> <span class='ocrx_word' id='word_1_424' title='bbox 1123 2739 1168 2784; x_wconf 84' lang='lat' dir='ltr'><strong>et</strong></span> <span class='ocrx_word' id='word_1_425' title='bbox 1199 2732 1430 2805; x_wconf 67' lang='lat' dir='ltr'><strong>gaudebo</strong></span> <span class='ocrx_word' id='word_1_426' title='bbox 1471 2732 1725 2802; x_wconf 80' lang='lat' dir='ltr'><strong>(Philipp.</strong></span> <span class='ocrx_word' id='word_1_427' title='bbox 1767 2738 1822 2805; x_wconf 94' lang='grc' dir='ltr'><strong>ι).</strong></span> 
     </span>
    </p>
   </div>
   <div class='ocr_carea' id='block_1_56' title="bbox 290 2801 1824 2873">
    <p class='ocr_par' dir='ltr' id='par_1_56' title="bbox 290 2801 1824 2873">
     <span class='ocr_line' id='line_1_56' title="bbox 290 2801 1824 2873; baseline -0.001 -13"><span class='ocrx_word' id='word_1_428' title='bbox 290 2809 586 2873; x_wconf 34' lang='grc' dir='ltr'>Τειιιψιειηιῌ</span> <span class='ocrx_word' id='word_1_429' title='bbox 604 2809 659 2854; x_wconf 80' lang='grc' dir='ltr'><strong>ιιι</strong></span> <span class='ocrx_word' id='word_1_430' title='bbox 694 2801 1136 2873; x_wconf 65' lang='lat' dir='ltr'><strong>ancillapariens</strong></span> <span class='ocrx_word' id='word_1_431' title='bbox 1181 2801 1247 2873; x_wconf 83' lang='lat' dir='ltr'><strong>de</strong></span> <span class='ocrx_word' id='word_1_432' title='bbox 1298 2802 1439 2867; x_wconf 91' lang='lat' dir='ltr'><strong>prole</strong></span> <span class='ocrx_word' id='word_1_433' title='bbox 1484 2801 1824 2873; x_wconf 72' lang='lat' dir='ltr'><strong>numerosioi&#39;i</strong></span> 
     </span>
    </p>
   </div>
   <div class='ocr_carea' id='block_1_57' title="bbox 291 2867 1829 2937">
    <p class='ocr_par' dir='ltr' id='par_1_57' title="bbox 291 2867 1829 2937">
     <span class='ocr_line' id='line_1_57' title="bbox 291 2867 1829 2937; baseline -0.002 -9"><span class='ocrx_word' id='word_1_434' title='bbox 291 2867 515 2928; x_wconf 64' lang='lat' dir='ltr'><strong>leuatur.</strong></span> <span class='ocrx_word' id='word_1_435' title='bbox 554 2871 638 2922; x_wconf 87' lang='lat' dir='ltr'><strong>Est</strong></span> <span class='ocrx_word' id='word_1_436' title='bbox 670 2883 792 2920; x_wconf 78' lang='lat' dir='ltr'><strong>vero</strong></span> <span class='ocrx_word' id='word_1_437' title='bbox 816 2867 1024 2937; x_wconf 88' lang='lat' dir='ltr'><strong>quidam</strong></span> <span class='ocrx_word' id='word_1_438' title='bbox 1053 2868 1156 2920; x_wconf 69' lang='lat' dir='ltr'><strong>Lize</strong></span> <span class='ocrx_word' id='word_1_439' title='bbox 1187 2868 1318 2922; x_wconf 76' lang='lat' dir='ltr'><strong>fetus</strong></span> <span class='ocrx_word' id='word_1_440' title='bbox 1349 2885 1410 2922; x_wconf 80' lang='lat' dir='ltr'><strong>ex</strong></span> <span class='ocrx_word' id='word_1_441' title='bbox 1443 2872 1697 2925; x_wconf 81' lang='lat' dir='ltr'><strong>beneﬁcio</strong></span> <span class='ocrx_word' id='word_1_442' title='bbox 1728 2874 1829 2926; x_wconf 78' lang='lat' dir='ltr'><strong>Ra-</strong></span> 
     </span>
    </p>
   </div>
   <div class='ocr_carea' id='block_1_58' title="bbox 286 2939 1825 3003">
    <p class='ocr_par' dir='ltr' id='par_1_58' title="bbox 286 2939 1825 3003">
     <span class='ocr_line' id='line_1_58' title="bbox 286 2939 1825 3003; baseline 0.001 -9"><span class='ocrx_word' id='word_1_443' title='bbox 286 2946 430 3000; x_wconf 86' lang='lat' dir='ltr'><strong>chel.</strong></span> <span class='ocrx_word' id='word_1_444' title='bbox 465 2940 658 2995; x_wconf 78' lang='lat' dir='ltr'><strong>Rachel</strong></span> <span class='ocrx_word' id='word_1_445' title='bbox 689 2939 815 3003; x_wconf 76' lang='lat' dir='ltr'><strong>exit,</strong></span> <span class='ocrx_word' id='word_1_446' title='bbox 849 2948 903 2990; x_wconf 88' lang='lat' dir='ltr'><strong>ut</strong></span> <span class='ocrx_word' id='word_1_447' title='bbox 927 2953 1042 2988; x_wconf 84' lang='lat' dir='ltr'><strong>cum</strong></span> <span class='ocrx_word' id='word_1_448' title='bbox 1071 2940 1179 2989; x_wconf 88' lang='lat' dir='ltr'><strong>viro</strong></span> <span class='ocrx_word' id='word_1_449' title='bbox 1207 2952 1301 2989; x_wconf 87' lang='lat' dir='ltr'><strong>suo</strong></span> <span class='ocrx_word' id='word_1_450' title='bbox 1326 2939 1493 2992; x_wconf 88' lang='lat' dir='ltr'><strong>debita</strong></span> <span class='ocrx_word' id='word_1_451' title='bbox 1520 2951 1671 2994; x_wconf 90' lang='lat' dir='ltr'><strong>nocte</strong></span> <span class='ocrx_word' id='word_1_452' title='bbox 1698 2957 1825 2996; x_wconf 86' lang='lat' dir='ltr'><strong>con-</strong></span> 
     </span>
    </p>
   </div>
   <div class='ocr_carea' id='block_1_59' title="bbox 287 3007 1827 3076">
    <p class='ocr_par' dir='ltr' id='par_1_59' title="bbox 287 3007 1827 3076">
     <span class='ocr_line' id='line_1_59' title="bbox 287 3007 1827 3076; baseline 0.002 -13"><span class='ocrx_word' id='word_1_453' title='bbox 287 3014 491 3075; x_wconf 83' lang='lat' dir='ltr'><strong>cubito,</strong></span> <span class='ocrx_word' id='word_1_454' title='bbox 520 3011 563 3062; x_wconf 88' lang='lat' dir='ltr'><strong>si</strong></span> <span class='ocrx_word' id='word_1_455' title='bbox 604 3010 826 3075; x_wconf 66' lang='lat' dir='ltr'><strong>acceptis</strong></span> <span class='ocrx_word' id='word_1_456' title='bbox 867 3023 894 3059; x_wconf 90' lang='lat' dir='ltr'><strong>a</strong></span> <span class='ocrx_word' id='word_1_457' title='bbox 936 3007 1043 3058; x_wconf 89' lang='lat' dir='ltr'><strong>lilio</strong></span> <span class='ocrx_word' id='word_1_458' title='bbox 1085 3007 1186 3076; x_wconf 77' lang='lat' dir='ltr'><strong>Lite</strong></span> <span class='ocrx_word' id='word_1_459' title='bbox 1234 3009 1640 3076; x_wconf 82' lang='lat' dir='ltr'><strong>mandragoricis</strong></span> <span class='ocrx_word' id='word_1_460' title='bbox 1679 3014 1827 3066; x_wconf 89' lang='lat' dir='ltr'><strong>malis</strong></span> 
     </span>
    </p>
   </div>
   <div class='ocr_carea' id='block_1_60' title="bbox 285 3075 1821 3140">
    <p class='ocr_par' dir='ltr' id='par_1_60' title="bbox 285 3075 1821 3140">
     <span class='ocr_line' id='line_1_60' title="bbox 285 3075 1821 3140; baseline -0.003 -4"><span class='ocrx_word' id='word_1_461' title='bbox 285 3099 413 3138; x_wconf 86' lang='lat' dir='ltr'><strong>cum</strong></span> <span class='ocrx_word' id='word_1_462' title='bbox 445 3094 624 3134; x_wconf 84' lang='lat' dir='ltr'><strong>sorore</strong></span> <span class='ocrx_word' id='word_1_463' title='bbox 652 3076 825 3130; x_wconf 82' lang='lat' dir='ltr'><strong>cubari</strong></span> <span class='ocrx_word' id='word_1_464' title='bbox 863 3076 1126 3140; x_wconf 88' lang='lat' dir='ltr'><strong>permittit.</strong></span> <span class='ocrx_word' id='word_1_465' title='bbox 1161 3075 1292 3139; x_wconf 84' lang='lat' dir='ltr'><strong>Quid</strong></span> <span class='ocrx_word' id='word_1_466' title='bbox 1322 3075 1554 3131; x_wconf 89' lang='lat' dir='ltr'><strong>enimde</strong></span> <span class='ocrx_word' id='word_1_467' title='bbox 1583 3082 1821 3133; x_wconf 86' lang='lat' dir='ltr'><strong>mandra-</strong></span> 
     </span>
    </p>
   </div>
   <div class='ocr_carea' id='block_1_61' title="bbox 290 3143 1820 3220">
    <p class='ocr_par' dir='ltr' id='par_1_61' title="bbox 290 3143 1820 3220">
     <span class='ocr_line' id='line_1_61' title="bbox 290 3143 1820 3220; baseline -0.002 -16"><span class='ocrx_word' id='word_1_468' title='bbox 290 3168 417 3220; x_wconf 82' lang='lat' dir='ltr'><strong>gora</strong></span> <span class='ocrx_word' id='word_1_469' title='bbox 446 3149 719 3202; x_wconf 74' lang='lat' dir='ltr'><strong>dicendum</strong></span> <span class='ocrx_word' id='word_1_470' title='bbox 750 3147 866 3196; x_wconf 70' lang='lat' dir='ltr'><strong>est?</strong></span> <span class='ocrx_word' id='word_1_471' title='bbox 904 3143 1122 3198; x_wconf 80' lang='lat' dir='ltr'><strong>Proinde</strong></span> <span class='ocrx_word' id='word_1_472' title='bbox 1160 3159 1268 3196; x_wconf 90' lang='lat' dir='ltr'><strong>rem</strong></span> <span class='ocrx_word' id='word_1_473' title='bbox 1289 3147 1524 3220; x_wconf 76' lang='lat' dir='ltr'><strong>comperi</strong></span> <span class='ocrx_word' id='word_1_474' title='bbox 1556 3150 1820 3220; x_wconf 84' lang='lat' dir='ltr'><strong>pulchram</strong></span> 
     </span>
    </p>
   </div>
   <div class='ocr_carea' id='block_1_62' title="bbox 287 3215 1823 3280">
    <p class='ocr_par' dir='ltr' id='par_1_62' title="bbox 287 3215 1823 3280">
     <span class='ocr_line' id='line_1_62' title="bbox 287 3215 1823 3280; baseline -0.002 -6"><span class='ocrx_word' id='word_1_475' title='bbox 287 3215 346 3275; x_wconf 67' lang='lat' dir='ltr'><strong>Et</strong></span> <span class='ocrx_word' id='word_1_476' title='bbox 372 3234 527 3272; x_wconf 81' lang='lat' dir='ltr'><strong>suave</strong></span> <span class='ocrx_word' id='word_1_477' title='bbox 556 3220 801 3278; x_wconf 89' lang='lat' dir='ltr'><strong>olentem,</strong></span> <span class='ocrx_word' id='word_1_478' title='bbox 829 3227 1066 3280; x_wconf 90' lang='lat' dir='ltr'><strong>saporem</strong></span> <span class='ocrx_word' id='word_1_479' title='bbox 1093 3225 1264 3265; x_wconf 87' lang='lat' dir='ltr'><strong>autem</strong></span> <span class='ocrx_word' id='word_1_480' title='bbox 1289 3215 1563 3277; x_wconf 87' lang='lat' dir='ltr'><strong>insipidum</strong></span> <span class='ocrx_word' id='word_1_481' title='bbox 1588 3233 1600 3278; x_wconf 94' lang='lat'>;</span> <span class='ocrx_word' id='word_1_482' title='bbox 1625 3229 1676 3269; x_wconf 91' lang='lat' dir='ltr'><strong>et</strong></span> <span class='ocrx_word' id='word_1_483' title='bbox 1709 3219 1823 3271; x_wconf 83' lang='lat' dir='ltr'><strong>id--o</strong></span> 
     </span>
    </p>
   </div>
   <div class='ocr_carea' id='block_1_63' title="bbox 289 3282 1821 3359">
    <p class='ocr_par' dir='ltr' id='par_1_63' title="bbox 289 3282 1821 3359">
     <span class='ocr_line' id='line_1_63' title="bbox 289 3282 1821 3359; baseline -0.008 -17"><span class='ocrx_word' id='word_1_484' title='bbox 289 3293 343 3343; x_wconf 86' lang='lat' dir='ltr'><strong>in</strong></span> <span class='ocrx_word' id='word_1_485' title='bbox 377 3291 464 3342; x_wconf 89' lang='lat' dir='ltr'><strong>illo</strong></span> <span class='ocrx_word' id='word_1_486' title='bbox 503 3282 1320 3359; x_wconf 39' lang='lat' dir='ltr'><strong>mautlragoric0_potito-Ilignrari</strong></span> <span class='ocrx_word' id='word_1_487' title='bbox 1363 3285 1591 3359; x_wconf 77' lang='lat' dir='ltr'><strong>intelligo</strong></span> <span class='ocrx_word' id='word_1_488' title='bbox 1630 3286 1821 3359; x_wconf 68' lang='lat' dir='ltr'><strong>laruam</strong></span> 
     </span>
    </p>
   </div>
   <div class='ocr_carea' id='block_1_64' title="bbox 291 3350 1823 3422">
    <p class='ocr_par' dir='ltr' id='par_1_64' title="bbox 291 3350 1823 3422">
     <span class='ocr_line' id='line_1_64' title="bbox 291 3350 1823 3422; baseline -0.001 -12"><span class='ocrx_word' id='word_1_489' title='bbox 291 3366 484 3411; x_wconf 81' lang='lat' dir='ltr'><strong>bonam</strong></span> <span class='ocrx_word' id='word_1_490' title='bbox 534 3356 849 3422; x_wconf 79' lang='lat' dir='ltr'><strong>pepularem.</strong></span> <span class='ocrx_word' id='word_1_491' title='bbox 895 3350 1042 3422; x_wconf 77' lang='lat' dir='ltr'><strong>Unde</strong></span> <span class='ocrx_word' id='word_1_492' title='bbox 1070 3350 1194 3403; x_wconf 90' lang='lat' dir='ltr'><strong>dicit</strong></span> <span class='ocrx_word' id='word_1_493' title='bbox 1238 3350 1574 3422; x_wconf 49' lang='lat' dir='ltr'><strong>Apostolus&#39;:</strong></span> <span class='ocrx_word' id='word_1_494' title='bbox 1619 3355 1823 3420; x_wconf 82' lang='lat' dir='ltr'><strong>Oportet</strong></span> 
     </span>
    </p>
   </div>
   <div class='ocr_carea' id='block_1_65' title="bbox 286 3419 1823 3492">
    <p class='ocr_par' dir='ltr' id='par_1_65' title="bbox 286 3419 1823 3492">
     <span class='ocr_line' id='line_1_65' title="bbox 286 3419 1823 3492; baseline -0.003 -12"><span class='ocrx_word' id='word_1_495' title='bbox 286 3431 442 3481; x_wconf 80' lang='lat' dir='ltr'><strong>etiam</strong></span> <span class='ocrx_word' id='word_1_496' title='bbox 472 3419 800 3477; x_wconf 64' lang='lat' dir='ltr'><strong>testimonium</strong></span> <span class='ocrx_word' id='word_1_497' title='bbox 830 3419 1008 3471; x_wconf 85' lang='lat' dir='ltr'><strong>habere</strong></span> <span class='ocrx_word' id='word_1_498' title='bbox 1031 3421 1210 3471; x_wconf 88' lang='lat' dir='ltr'><strong>bonum</strong></span> <span class='ocrx_word' id='word_1_499' title='bbox 1240 3420 1301 3492; x_wconf 88' lang='lat' dir='ltr'><strong>ab</strong></span> <span class='ocrx_word' id='word_1_500' title='bbox 1328 3421 1425 3482; x_wconf 72' lang='lat' dir='ltr'><strong>his,</strong></span> <span class='ocrx_word' id='word_1_501' title='bbox 1458 3423 1541 3483; x_wconf 85' lang='lat' dir='ltr'><strong>qui</strong></span> <span class='ocrx_word' id='word_1_502' title='bbox 1571 3419 1691 3492; x_wconf 78' lang='lat' dir='ltr'><strong>{oris</strong></span> <span class='ocrx_word' id='word_1_503' title='bbox 1711 3438 1823 3479; x_wconf 80' lang='lat' dir='ltr'><strong>sunt</strong></span> 
     </span>
    </p>
   </div>
   <div class='ocr_carea' id='block_1_66' title="bbox 287 3491 1824 3564">
    <p class='ocr_par' dir='ltr' id='par_1_66' title="bbox 287 3491 1824 3564">
     <span class='ocr_line' id='line_1_66' title="bbox 287 3491 1824 3564; baseline 0 -16"><span class='ocrx_word' id='word_1_504' title='bbox 287 3498 340 3564; x_wconf 93' lang='grc' dir='ltr'><strong>(Ι</strong></span> <span class='ocrx_word' id='word_1_505' title='bbox 376 3497 504 3548; x_wconf 85' lang='lat' dir='ltr'><strong>Tim.</strong></span> <span class='ocrx_word' id='word_1_506' title='bbox 539 3493 636 3557; x_wconf 85' lang='lat' dir='ltr'><strong>tu),</strong></span> <span class='ocrx_word' id='word_1_507' title='bbox 669 3492 754 3556; x_wconf 87' lang='lat' dir='ltr'><strong>qui</strong></span> <span class='ocrx_word' id='word_1_508' title='bbox 791 3491 910 3564; x_wconf 58' lang='lat' dir='ltr'><strong>llt‘t‘i</strong></span> <span class='ocrx_word' id='word_1_509' title='bbox 935 3504 1113 3564; x_wconf 80' lang='lat' dir='ltr'><strong>parum</strong></span> <span class='ocrx_word' id='word_1_510' title='bbox 1139 3491 1374 3557; x_wconf 85' lang='lat' dir='ltr'><strong>sapiant,</strong></span> <span class='ocrx_word' id='word_1_511' title='bbox 1407 3492 1630 3564; x_wconf 79' lang='lat' dir='ltr'><strong>reddunt</strong></span> <span class='ocrx_word' id='word_1_512' title='bbox 1654 3504 1824 3548; x_wconf 86' lang='lat' dir='ltr'><strong>tamen</strong></span> 
     </span>
    </p>
   </div>
   <div class='ocr_carea' id='block_1_67' title="bbox 287 3557 1825 3630">
    <p class='ocr_par' dir='ltr' id='par_1_67' title="bbox 287 3557 1825 3630">
     <span class='ocr_line' id='line_1_67' title="bbox 287 3557 1825 3630; baseline -0.002 -11"><span class='ocrx_word' id='word_1_513' title='bbox 287 3557 515 3619; x_wconf 80' lang='lat' dir='ltr'><strong>lrtrctum</strong></span> <span class='ocrx_word' id='word_1_514' title='bbox 549 3563 852 3630; x_wconf 79' lang='lat' dir='ltr'><strong>plerumque</strong></span> <span class='ocrx_word' id='word_1_515' title='bbox 882 3557 1040 3630; x_wconf 66' lang='lat' dir='ltr'><strong>labori</strong></span> <span class='ocrx_word' id='word_1_516' title='bbox 1070 3572 1250 3630; x_wconf 84' lang='lat' dir='ltr'><strong>eorum</strong></span> <span class='ocrx_word' id='word_1_517' title='bbox 1285 3572 1376 3630; x_wconf 87' lang='lat' dir='ltr'><strong>per</strong></span> <span class='ocrx_word' id='word_1_518' title='bbox 1415 3575 1543 3626; x_wconf 71' lang='lat' dir='ltr'><strong>quos</strong></span> <span class='ocrx_word' id='word_1_519' title='bbox 1571 3562 1668 3614; x_wconf 88' lang='lat' dir='ltr'><strong>sibi</strong></span> <span class='ocrx_word' id='word_1_520' title='bbox 1699 3578 1825 3616; x_wconf 86' lang='lat' dir='ltr'><strong>cort-</strong></span> 
     </span>
    </p>
   </div>
   <div class='ocr_carea' id='block_1_68' title="bbox 285 3626 1824 3697">
    <p class='ocr_par' dir='ltr' id='par_1_68' title="bbox 285 3626 1824 3697">
     <span class='ocr_line' id='line_1_68' title="bbox 285 3626 1824 3697; baseline -0.001 -11"><span class='ocrx_word' id='word_1_521' title='bbox 285 3640 511 3693; x_wconf 68' lang='lat' dir='ltr'><strong>suletur,</strong></span> <span class='ocrx_word' id='word_1_522' title='bbox 542 3626 593 3682; x_wconf 83' lang='lat' dir='ltr'><strong>ét</strong></span> <span class='ocrx_word' id='word_1_523' title='bbox 621 3627 948 3697; x_wconf 72' lang='lat' dir='ltr'><strong>splenderem</strong></span> <span class='ocrx_word' id='word_1_524' title='bbox 978 3626 1142 3697; x_wconf 82' lang='lat' dir='ltr'><strong>laudis</strong></span> <span class='ocrx_word' id='word_1_525' title='bbox 1172 3636 1222 3679; x_wconf 89' lang='lat' dir='ltr'><strong>et</strong></span> <span class='ocrx_word' id='word_1_526' title='bbox 1263 3629 1476 3679; x_wconf 91' lang='lat' dir='ltr'><strong>odorem</strong></span> <span class='ocrx_word' id='word_1_527' title='bbox 1522 3631 1670 3682; x_wconf 73' lang='lat' dir='ltr'><strong>bona:</strong></span> <span class='ocrx_word' id='word_1_528' title='bbox 1714 3635 1824 3694; x_wconf 86' lang='lat' dir='ltr'><strong>opi-</strong></span> 
     </span>
    </p>
   </div>
   <div class='ocr_carea' id='block_1_69' title="bbox 288 3695 1799 3768">
    <p class='ocr_par' dir='ltr' id='par_1_69' title="bbox 288 3695 1799 3768">
     <span class='ocr_line' id='line_1_69' title="bbox 288 3695 1799 3768; baseline -0.001 -13"><span class='ocrx_word' id='word_1_529' title='bbox 288 3705 482 3755; x_wconf 74' lang='lat' dir='ltr'><strong>nionis.</strong></span> <span class='ocrx_word' id='word_1_530' title='bbox 527 3699 630 3752; x_wconf 83' lang='lat' dir='ltr'><strong>Nec</strong></span> <span class='ocrx_word' id='word_1_531' title='bbox 654 3695 731 3748; x_wconf 81' lang='lat' dir='ltr'><strong>ad</strong></span> <span class='ocrx_word' id='word_1_532' title='bbox 763 3696 913 3768; x_wconf 78' lang='lat' dir='ltr'><strong>istam</strong></span> <span class='ocrx_word' id='word_1_533' title='bbox 943 3695 1158 3768; x_wconf 73' lang='lat' dir='ltr'><strong>gloriam</strong></span> <span class='ocrx_word' id='word_1_534' title='bbox 1201 3697 1496 3768; x_wconf 78' lang='lat' dir='ltr'><strong>popularem</strong></span> <span class='ocrx_word' id='word_1_535' title='bbox 1530 3701 1677 3766; x_wconf 87' lang='lat' dir='ltr'><strong>primi</strong></span> <span class='ocrx_word' id='word_1_536' title='bbox 1708 3716 1799 3768; x_wconf 90' lang='lat' dir='ltr'><strong>per</strong></span> 
     </span>
    </p>
   </div>
   <div class='ocr_carea' id='block_1_70' title="bbox 288 3764 1825 3835">
    <p class='ocr_par' dir='ltr' id='par_1_70' title="bbox 288 3764 1825 3835">
     <span class='ocr_line' id='line_1_70' title="bbox 288 3764 1825 3835; baseline 0.001 -12"><span class='ocrx_word' id='word_1_537' title='bbox 288 3771 507 3824; x_wconf 81' lang='lat' dir='ltr'><strong>veniunt</strong></span> <span class='ocrx_word' id='word_1_538' title='bbox 535 3781 712 3820; x_wconf 78' lang='lat' dir='ltr'><strong>eorum</strong></span> <span class='ocrx_word' id='word_1_539' title='bbox 748 3765 1088 3835; x_wconf 78' lang='lat' dir='ltr'><strong>quisuntiu</strong></span> <span class='ocrx_word' id='word_1_540' title='bbox 1124 3764 1376 3830; x_wconf 83' lang='lat' dir='ltr'><strong>Ecclesia,</strong></span> <span class='ocrx_word' id='word_1_541' title='bbox 1414 3768 1506 3818; x_wconf 88' lang='lat' dir='ltr'><strong>nisi</strong></span> <span class='ocrx_word' id='word_1_542' title='bbox 1532 3764 1825 3835; x_wconf 77' lang='lat' dir='ltr'><strong>quit-utique</strong></span> 
     </span>
    </p>
   </div>
   <div class='ocr_carea' id='block_1_71' title="bbox 286 3833 1822 3906">
    <p class='ocr_par' dir='ltr' id='par_1_71' title="bbox 286 3833 1822 3906">
     <span class='ocr_line' id='line_1_71' title="bbox 286 3833 1822 3906; baseline -0.002 -13"><span class='ocrx_word' id='word_1_543' title='bbox 286 3842 341 3893; x_wconf 93' lang='lat' dir='ltr'><strong>in</strong></span> <span class='ocrx_word' id='word_1_544' title='bbox 374 3841 634 3892; x_wconf 78' lang='lat' dir='ltr'><strong>actionum</strong></span> <span class='ocrx_word' id='word_1_545' title='bbox 667 3833 904 3906; x_wconf 70' lang='lat' dir='ltr'><strong>periculis</strong></span> <span class='ocrx_word' id='word_1_546' title='bbox 933 3844 985 3906; x_wconf 85' lang='lat' dir='ltr'><strong>et</strong></span> <span class='ocrx_word' id='word_1_547' title='bbox 1015 3833 1191 3906; x_wconf 87' lang='lat' dir='ltr'><strong>labore</strong></span> <span class='ocrx_word' id='word_1_548' title='bbox 1218 3847 1508 3906; x_wconf 84' lang='lat' dir='ltr'><strong>versantur.</strong></span> <span class='ocrx_word' id='word_1_549' title='bbox 1540 3833 1822 3906; x_wconf 84' lang='lat' dir='ltr'><strong>Pr0pterea</strong></span> 
     </span>
    </p>
   </div>
   <div class='ocr_carea' id='block_1_72' title="bbox 287 3903 1820 3966">
    <p class='ocr_par' dir='ltr' id='par_1_72' title="bbox 287 3903 1820 3966">
     <span class='ocr_line' id='line_1_72' title="bbox 287 3903 1820 3966; baseline -0.001 -4"><span class='ocrx_word' id='word_1_550' title='bbox 287 3912 397 3962; x_wconf 86' lang='lat' dir='ltr'><strong>l.i:.e</strong></span> <span class='ocrx_word' id='word_1_551' title='bbox 444 3908 576 3959; x_wconf 83' lang='lat' dir='ltr'><strong>ﬁlius</strong></span> <span class='ocrx_word' id='word_1_552' title='bbox 633 3903 764 3955; x_wconf 89' lang='lat' dir='ltr'><strong>mala</strong></span> <span class='ocrx_word' id='word_1_553' title='bbox 815 3903 1201 3966; x_wconf 78' lang='lat' dir='ltr'><strong>mandragorica</strong></span> <span class='ocrx_word' id='word_1_554' title='bbox 1255 3904 1484 3965; x_wconf 85' lang='lat' dir='ltr'><strong>invenit,</strong></span> <span class='ocrx_word' id='word_1_555' title='bbox 1541 3903 1719 3959; x_wconf 78' lang='lat' dir='ltr'><strong>exiens</strong></span> <span class='ocrx_word' id='word_1_556' title='bbox 1771 3911 1820 3960; x_wconf 91' lang='lat' dir='ltr'><strong>in</strong></span> 
     </span>
    </p>
   </div>
   <div class='ocr_carea' id='block_1_73' title="bbox 284 3971 1823 4046">
    <p class='ocr_par' dir='ltr' id='par_1_73' title="bbox 284 3971 1823 4046">
     <span class='ocr_line' id='line_1_73' title="bbox 284 3971 1823 4046; baseline 0.001 -17"><span class='ocrx_word' id='word_1_557' title='bbox 284 3993 493 4046; x_wconf 74' lang='lat' dir='ltr'><strong>agrum,</strong></span> <span class='ocrx_word' id='word_1_558' title='bbox 531 3974 592 4046; x_wconf 63' lang='lat' dir='ltr'><strong>id</strong></span> <span class='ocrx_word' id='word_1_559' title='bbox 638 3983 735 4036; x_wconf 86' lang='lat' dir='ltr'><strong>est,</strong></span> <span class='ocrx_word' id='word_1_560' title='bbox 780 3972 990 4046; x_wconf 75' lang='lat' dir='ltr'><strong>honeste</strong></span> <span class='ocrx_word' id='word_1_561' title='bbox 1021 3971 1407 4046; x_wconf 82' lang='lat' dir='ltr'><strong>_ambulan_s__ad</strong></span> <span class='ocrx_word' id='word_1_562' title='bbox 1446 3991 1536 4046; x_wconf 84' lang='lat' dir='ltr'><strong>eos</strong></span> <span class='ocrx_word' id='word_1_563' title='bbox 1567 3979 1652 4042; x_wconf 89' lang='lat' dir='ltr'><strong>qui</strong></span> <span class='ocrx_word' id='word_1_564' title='bbox 1703 3978 1823 4031; x_wconf 83' lang='lat' dir='ltr'><strong>loris</strong></span> 
     </span>
    </p>
   </div>
   <div class='ocr_carea' id='block_1_74' title="bbox 285 4040 1822 4114">
    <p class='ocr_par' dir='ltr' id='par_1_74' title="bbox 285 4040 1822 4114">
     <span class='ocr_line' id='line_1_74' title="bbox 285 4040 1822 4114; baseline 0 -14"><span class='ocrx_word' id='word_1_565' title='bbox 285 4040 412 4100; x_wconf 73' lang='lat' dir='ltr'><strong>sunt</strong></span> <span class='ocrx_word' id='word_1_566' title='bbox 446 4045 494 4114; x_wconf 87' lang='lat' dir='ltr'><strong>(I</strong></span> <span class='ocrx_word' id='word_1_567' title='bbox 526 4044 696 4094; x_wconf 73' lang='lat' dir='ltr'><strong>Thess.</strong></span> <span class='ocrx_word' id='word_1_568' title='bbox 729 4040 832 4109; x_wconf 84' lang='lat' dir='ltr'><strong>tv);</strong></span> <span class='ocrx_word' id='word_1_569' title='bbox 864 4040 1098 4114; x_wconf 86' lang='lat' dir='ltr'><strong>doctrina</strong></span> <span class='ocrx_word' id='word_1_570' title='bbox 1129 4054 1252 4114; x_wconf 86' lang='lat' dir='ltr'><strong>vero</strong></span> <span class='ocrx_word' id='word_1_571' title='bbox 1283 4042 1366 4092; x_wconf 91' lang='lat' dir='ltr'><strong>illa</strong></span> <span class='ocrx_word' id='word_1_572' title='bbox 1393 4040 1672 4107; x_wconf 63' lang='lat' dir='ltr'><strong>sapientite,</strong></span> <span class='ocrx_word' id='word_1_573' title='bbox 1707 4061 1822 4112; x_wconf 76' lang='lat' dir='ltr'><strong>qua:</strong></span> 
     </span>
    </p>
   </div>
   <div class='ocr_carea' id='block_1_75' title="bbox 285 4110 1820 4181">
    <p class='ocr_par' dir='ltr' id='par_1_75' title="bbox 285 4110 1820 4181">
     <span class='ocr_line' id='line_1_75' title="bbox 285 4110 1820 4181; baseline -0.008 -14"><span class='ocrx_word' id='word_1_574' title='bbox 285 4132 315 4168; x_wconf 86' lang='lat' dir='ltr'><strong>a</strong></span> <span class='ocrx_word' id='word_1_575' title='bbox 353 4110 485 4181; x_wconf 67' lang='lat' dir='ltr'><strong>vulgi</strong></span> <span class='ocrx_word' id='word_1_576' title='bbox 516 4115 730 4181; x_wconf 83' lang='lat' dir='ltr'><strong>strepitu</strong></span> <span class='ocrx_word' id='word_1_577' title='bbox 759 4112 1101 4181; x_wconf 75' lang='lat' dir='ltr'><strong>remotissime</strong></span> <span class='ocrx_word' id='word_1_578' title='bbox 1123 4110 1181 4181; x_wconf 80' lang='lat' dir='ltr'><strong>in</strong></span> <span class='ocrx_word' id='word_1_579' title='bbox 1211 4115 1646 4181; x_wconf 74' lang='lat' dir='ltr'><strong>contemplatione</strong></span> <span class='ocrx_word' id='word_1_580' title='bbox 1685 4110 1820 4169; x_wconf 59' lang='grc' dir='ltr'><strong>νει-ί-</strong></span> 
     </span>
    </p>
   </div>
   <div class='ocr_carea' id='block_1_76' title="bbox 286 4178 1821 4252">
    <p class='ocr_par' dir='ltr' id='par_1_76' title="bbox 286 4178 1821 4252">
     <span class='ocr_line' id='line_1_76' title="bbox 286 4178 1821 4252; baseline -0.001 -16"><span class='ocrx_word' id='word_1_581' title='bbox 286 4185 408 4237; x_wconf 78' lang='lat' dir='ltr'><strong>tatis</strong></span> <span class='ocrx_word' id='word_1_582' title='bbox 439 4178 572 4235; x_wconf 82' lang='lat' dir='ltr'><strong>dulci</strong></span> <span class='ocrx_word' id='word_1_583' title='bbox 603 4179 946 4252; x_wconf 86' lang='lat' dir='ltr'><strong>delectatione</strong></span> <span class='ocrx_word' id='word_1_584' title='bbox 981 4178 1175 4245; x_wconf 82' lang='lat' dir='ltr'><strong>deligit.</strong></span> <span class='ocrx_word' id='word_1_585' title='bbox 1219 4180 1357 4230; x_wconf 88' lang='lat' dir='ltr'><strong>llanc</strong></span> <span class='ocrx_word' id='word_1_586' title='bbox 1384 4184 1682 4248; x_wconf 86' lang='lat' dir='ltr'><strong>popularem</strong></span> <span class='ocrx_word' id='word_1_587' title='bbox 1713 4185 1821 4252; x_wconf 69' lang='lat' dir='ltr'><strong>glu-</strong></span> 
     </span>
    </p>
   </div>
   <div class='ocr_carea' id='block_1_77' title="bbox 285 4251 1822 4320">
    <p class='ocr_par' dir='ltr' id='par_1_77' title="bbox 285 4251 1822 4320">
     <span class='ocr_line' id='line_1_77' title="bbox 285 4251 1822 4320; baseline 0 -14"><span class='ocrx_word' id='word_1_588' title='bbox 285 4260 420 4306; x_wconf 86' lang='lat' dir='ltr'><strong>riam</strong></span> <span class='ocrx_word' id='word_1_589' title='bbox 469 4251 976 4320; x_wconf 78' lang='lat' dir='ltr'><strong>quantulumcunque</strong></span> <span class='ocrx_word' id='word_1_590' title='bbox 1018 4263 1118 4298; x_wconf 91' lang='lat' dir='ltr'><strong>non</strong></span> <span class='ocrx_word' id='word_1_591' title='bbox 1169 4260 1550 4320; x_wconf 81' lang='lat' dir='ltr'><strong>assequcretur,</strong></span> <span class='ocrx_word' id='word_1_592' title='bbox 1591 4252 1688 4304; x_wconf 90' lang='lat' dir='ltr'><strong>nisi</strong></span> <span class='ocrx_word' id='word_1_593' title='bbox 1727 4251 1822 4320; x_wconf 87' lang='lat' dir='ltr'><strong>per</strong></span> 
     </span>
    </p>
   </div>
   <div class='ocr_carea' id='block_1_78' title="bbox 282 4316 1820 4389">
    <p class='ocr_par' dir='ltr' id='par_1_78' title="bbox 282 4316 1820 4389">
     <span class='ocr_line' id='line_1_78' title="bbox 282 4316 1820 4389; baseline -0.008 -13"><span class='ocrx_word' id='word_1_594' title='bbox 282 4338 380 4376; x_wconf 83' lang='lat' dir='ltr'><strong>eos</strong></span> <span class='ocrx_word' id='word_1_595' title='bbox 404 4316 573 4388; x_wconf 83' lang='lat' dir='ltr'><strong>quiin</strong></span> <span class='ocrx_word' id='word_1_596' title='bbox 614 4317 796 4389; x_wconf 80' lang='lat' dir='ltr'><strong>mediis</strong></span> <span class='ocrx_word' id='word_1_597' title='bbox 837 4316 1000 4389; x_wconf 84' lang='lat' dir='ltr'><strong>turbis</strong></span> <span class='ocrx_word' id='word_1_598' title='bbox 1039 4317 1258 4389; x_wconf 80' lang='lat' dir='ltr'><strong>agendo,</strong></span> <span class='ocrx_word' id='word_1_599' title='bbox 1299 4327 1442 4389; x_wconf 78' lang='lat' dir='ltr'><strong>actus</strong></span> <span class='ocrx_word' id='word_1_600' title='bbox 1483 4322 1652 4385; x_wconf 86' lang='lat' dir='ltr'><strong>populi</strong></span> <span class='ocrx_word' id='word_1_601' title='bbox 1691 4316 1820 4389; x_wconf 59' lang='grc' dir='ltr'><strong>βίω.</strong></span> 
     </span>
    </p>
   </div>
   <div class='ocr_carea' id='block_1_79' title="bbox 285 4385 1818 4457">
    <p class='ocr_par' dir='ltr' id='par_1_79' title="bbox 285 4385 1818 4457">
     <span class='ocr_line' id='line_1_79' title="bbox 285 4385 1818 4457; baseline 0 -14"><span class='ocrx_word' id='word_1_602' title='bbox 285 4385 434 4451; x_wconf 76' lang='lat' dir='ltr'><strong>sunt,</strong></span> <span class='ocrx_word' id='word_1_603' title='bbox 465 4389 582 4455; x_wconf 87' lang='lat' dir='ltr'><strong>quia</strong></span> <span class='ocrx_word' id='word_1_604' title='bbox 621 4387 741 4437; x_wconf 90' lang='lat' dir='ltr'><strong>dum</strong></span> <span class='ocrx_word' id='word_1_605' title='bbox 772 4386 854 4457; x_wconf 81' lang='lat' dir='ltr'><strong>isti</strong></span> <span class='ocrx_word' id='word_1_606' title='bbox 893 4396 943 4436; x_wconf 90' lang='lat' dir='ltr'><strong>et</strong></span> <span class='ocrx_word' id='word_1_607' title='bbox 968 4395 1049 4457; x_wconf 81' lang='lat' dir='ltr'><strong>act</strong></span> <span class='ocrx_word' id='word_1_608' title='bbox 1074 4385 1166 4457; x_wconf 84' lang='lat' dir='ltr'><strong>.osi</strong></span> <span class='ocrx_word' id='word_1_609' title='bbox 1209 4387 1439 4457; x_wconf 74' lang='lat' dir='ltr'><strong>homines</strong></span> <span class='ocrx_word' id='word_1_610' title='bbox 1479 4398 1525 4439; x_wconf 89' lang='lat' dir='ltr'><strong>et</strong></span> <span class='ocrx_word' id='word_1_611' title='bbox 1570 4385 1818 4457; x_wconf 72' lang='lat' dir='ltr'><strong>negotiosi</strong></span> 
     </span>
    </p>
   </div>
   <div class='ocr_carea' id='block_1_80' title="bbox 287 4453 1811 4526">
    <p class='ocr_par' dir='ltr' id='par_1_80' title="bbox 287 4453 1811 4526">
     <span class='ocr_line' id='line_1_80' title="bbox 287 4453 1811 4526; baseline 0.001 -15"><span class='ocrx_word' id='word_1_612' title='bbox 287 4477 383 4526; x_wconf 86' lang='lat' dir='ltr'><strong>per</strong></span> <span class='ocrx_word' id='word_1_613' title='bbox 412 4453 540 4523; x_wconf 79' lang='lat' dir='ltr'><strong>quos</strong></span> <span class='ocrx_word' id='word_1_614' title='bbox 571 4455 908 4508; x_wconf 87' lang='lat' dir='ltr'><strong>multitudinis</strong></span> <span class='ocrx_word' id='word_1_615' title='bbox 936 4453 1328 4526; x_wconf 85' lang='lat' dir='ltr'><strong>administratur</strong></span> <span class='ocrx_word' id='word_1_616' title='bbox 1358 4456 1579 4526; x_wconf 82' lang='lat' dir='ltr'><strong>utilitas,</strong></span> <span class='ocrx_word' id='word_1_617' title='bbox 1606 4453 1658 4510; x_wconf 72' lang='lat' dir='ltr'><strong>et</strong></span> <span class='ocrx_word' id='word_1_618' title='bbox 1683 4477 1811 4526; x_wconf 87' lang='lat' dir='ltr'><strong>quo-</strong></span> 
     </span>
    </p>
   </div>
   <div class='ocr_carea' id='block_1_81' title="bbox 286 4523 1818 4595">
    <p class='ocr_par' dir='ltr' id='par_1_81' title="bbox 286 4523 1818 4595">
     <span class='ocr_line' id='line_1_81' title="bbox 286 4523 1818 4595; baseline 0.001 -15"><span class='ocrx_word' id='word_1_619' title='bbox 286 4523 408 4580; x_wconf 78' lang='lat' dir='ltr'><strong>rum</strong></span> <span class='ocrx_word' id='word_1_620' title='bbox 439 4536 718 4579; x_wconf 77' lang='lat' dir='ltr'><strong>auctoritas</strong></span> <span class='ocrx_word' id='word_1_621' title='bbox 755 4525 955 4595; x_wconf 57' lang='lat' dir='ltr'><strong>populis</strong></span> <span class='ocrx_word' id='word_1_622' title='bbox 983 4524 1137 4573; x_wconf 89' lang='lat' dir='ltr'><strong>chara</strong></span> <span class='ocrx_word' id='word_1_623' title='bbox 1164 4532 1274 4595; x_wconf 79' lang='lat' dir='ltr'><strong>est,</strong></span> <span class='ocrx_word' id='word_1_624' title='bbox 1317 4523 1664 4578; x_wconf 87' lang='lat' dir='ltr'><strong>lcstimoniurn</strong></span> <span class='ocrx_word' id='word_1_625' title='bbox 1702 4523 1818 4595; x_wconf 62' lang='lat' dir='ltr'><strong>pur-</strong></span> 
     </span>
    </p>
   </div>
   <div class='ocr_carea' id='block_1_82' title="bbox 285 4594 1818 4668">
    <p class='ocr_par' dir='ltr' id='par_1_82' title="bbox 285 4594 1818 4668">
     <span class='ocr_line' id='line_1_82' title="bbox 285 4594 1818 4668; baseline 0.001 -18"><span class='ocrx_word' id='word_1_626' title='bbox 285 4598 472 4650; x_wconf 70' lang='lat' dir='ltr'><strong>habent</strong></span> <span class='ocrx_word' id='word_1_627' title='bbox 490 4636 502 4656; x_wconf 86' lang='lat'><strong>.</strong></span> <span class='ocrx_word' id='word_1_628' title='bbox 534 4596 690 4668; x_wconf 81' lang='lat' dir='ltr'><strong>etiam</strong></span> <span class='ocrx_word' id='word_1_629' title='bbox 716 4594 852 4668; x_wconf 45' lang='lat' dir='ltr'><strong>vitae.</strong></span> <span class='ocrx_word' id='word_1_630' title='bbox 879 4603 1088 4668; x_wconf 74' lang='lat' dir='ltr'><strong>propter</strong></span> <span class='ocrx_word' id='word_1_631' title='bbox 1114 4594 1342 4644; x_wconf 79' lang='lat' dir='ltr'><strong>studium</strong></span> <span class='ocrx_word' id='word_1_632' title='bbox 1370 4594 1738 4668; x_wconf 73' lang='lat' dir='ltr'><strong>conquirenda:</strong></span> <span class='ocrx_word' id='word_1_633' title='bbox 1767 4612 1818 4652; x_wconf 89' lang='lat' dir='ltr'><strong>et</strong></span> 
     </span>
    </p>
   </div>
   <div class='ocr_carea' id='block_1_83' title="bbox 283 4659 1815 4730">
    <p class='ocr_par' dir='ltr' id='par_1_83' title="bbox 283 4659 1815 4730">
     <span class='ocr_line' id='line_1_83' title="bbox 283 4659 1815 4730; baseline 0 -11"><span class='ocrx_word' id='word_1_634' title='bbox 283 4664 704 4730; x_wconf 79' lang='lat' dir='ltr'><strong>cantemplandte</strong></span> <span class='ocrx_word' id='word_1_635' title='bbox 745 4659 979 4730; x_wconf 71' lang='lat' dir='ltr'><strong>veritatis</strong></span> <span class='ocrx_word' id='word_1_636' title='bbox 1019 4660 1218 4722; x_wconf 73' lang='lat' dir='ltr'><strong>otiosce,</strong></span> <span class='ocrx_word' id='word_1_637' title='bbox 1263 4659 1640 4728; x_wconf 81' lang='lat' dir='ltr'><strong>quodammodo</strong></span> <span class='ocrx_word' id='word_1_638' title='bbox 1681 4670 1815 4721; x_wconf 87' lang='lat' dir='ltr'><strong>mala</strong></span> 
     </span>
    </p>
   </div>
   <div class='ocr_carea' id='block_1_84' title="bbox 283 4728 1814 4801">
    <p class='ocr_par' dir='ltr' id='par_1_84' title="bbox 283 4728 1814 4801">
     <span class='ocr_line' id='line_1_84' title="bbox 283 4728 1814 4801; baseline 0.001 -14"><span class='ocrx_word' id='word_1_639' title='bbox 283 4728 682 4799; x_wconf 67' lang='lat' dir='ltr'><strong>mandragorica</strong></span> <span class='ocrx_word' id='word_1_640' title='bbox 709 4728 961 4801; x_wconf 66' lang='lat' dir='ltr'><strong>pt-rLiam</strong></span> <span class='ocrx_word' id='word_1_641' title='bbox 990 4730 1196 4801; x_wconf 84' lang='lat' dir='ltr'><strong>veniunt</strong></span> <span class='ocrx_word' id='word_1_642' title='bbox 1225 4735 1287 4782; x_wconf 87' lang='lat' dir='ltr'><strong>ad</strong></span> <span class='ocrx_word' id='word_1_643' title='bbox 1318 4731 1535 4796; x_wconf 74' lang='lat' dir='ltr'><strong>ltachel;</strong></span> <span class='ocrx_word' id='word_1_644' title='bbox 1562 4736 1625 4785; x_wconf 90' lang='lat' dir='ltr'><strong>ad</strong></span> <span class='ocrx_word' id='word_1_645' title='bbox 1653 4735 1814 4801; x_wconf 81' lang='lat' dir='ltr'><strong>ipsam</strong></span> 
     </span>
    </p>
   </div>
   <div class='ocr_carea' id='block_1_85' title="bbox 264 4798 1816 4868">
    <p class='ocr_par' dir='ltr' id='par_1_85' title="bbox 264 4798 1816 4868">
     <span class='ocr_line' id='line_1_85' title="bbox 264 4798 1816 4868; baseline -0.003 -18"><span class='ocrx_word' id='word_1_646' title='bbox 264 4819 414 4866; x_wconf 65' lang='lat' dir='ltr'><strong>vero</strong></span> <span class='ocrx_word' id='word_1_647' title='bbox 445 4798 708 4867; x_wconf 72' lang='lat' dir='ltr'><strong>Lrarn-pcr</strong></span> <span class='ocrx_word' id='word_1_648' title='bbox 738 4798 898 4868; x_wconf 89' lang='lat' dir='ltr'><strong>lilium</strong></span> <span class='ocrx_word' id='word_1_649' title='bbox 932 4799 1324 4864; x_wconf 84' lang='lat' dir='ltr'><strong>primogenitum</strong></span> <span class='ocrx_word' id='word_1_650' title='bbox 1345 4839 1357 4860; x_wconf 91' lang='lat'><strong>,</strong></span> <span class='ocrx_word' id='word_1_651' title='bbox 1389 4801 1434 4850; x_wconf 89' lang='lat' dir='ltr'><strong>rd</strong></span> <span class='ocrx_word' id='word_1_652' title='bbox 1464 4811 1573 4864; x_wconf 90' lang='lat' dir='ltr'><strong>est,</strong></span> <span class='ocrx_word' id='word_1_653' title='bbox 1608 4798 1697 4868; x_wconf 83' lang='lat' dir='ltr'><strong>pei-</strong></span> <span class='ocrx_word' id='word_1_654' title='bbox 1725 4805 1816 4856; x_wconf 72' lang='grc' dir='ltr'>ιω-</span> 
     </span>
    </p>
   </div>
   <div class='ocr_carea' id='block_1_86' title="bbox 283 4867 1817 4932">
    <p class='ocr_par' dir='ltr' id='par_1_86' title="bbox 283 4867 1817 4932">
     <span class='ocr_line' id='line_1_86' title="bbox 283 4867 1817 4932; baseline 0 -8"><span class='ocrx_word' id='word_1_655' title='bbox 283 4885 469 4924; x_wconf 86' lang='lat' dir='ltr'><strong>norem</strong></span> <span class='ocrx_word' id='word_1_656' title='bbox 503 4867 846 4930; x_wconf 73' lang='lat' dir='ltr'><strong>lectrnditaris,</strong></span> <span class='ocrx_word' id='word_1_657' title='bbox 890 4869 938 4918; x_wconf 93' lang='lat' dir='ltr'><strong>in</strong></span> <span class='ocrx_word' id='word_1_658' title='bbox 979 4882 1078 4932; x_wconf 89' lang='lat' dir='ltr'><strong>quo</strong></span> <span class='ocrx_word' id='word_1_659' title='bbox 1118 4879 1194 4919; x_wconf 92' lang='lat' dir='ltr'><strong>est</strong></span> <span class='ocrx_word' id='word_1_660' title='bbox 1234 4871 1400 4920; x_wconf 83' lang='lat' dir='ltr'><strong>Omnis</strong></span> <span class='ocrx_word' id='word_1_661' title='bbox 1442 4867 1636 4922; x_wconf 80' lang='lat' dir='ltr'><strong>fructus</strong></span> <span class='ocrx_word' id='word_1_662' title='bbox 1674 4872 1817 4924; x_wconf 85' lang='lat' dir='ltr'><strong>labo-</strong></span> 
     </span>
    </p>
   </div>
   <div class='ocr_carea' id='block_1_87' title="bbox 282 4935 1815 5005">
    <p class='ocr_par' dir='ltr' id='par_1_87' title="bbox 282 4935 1815 5005">
     <span class='ocr_line' id='line_1_87' title="bbox 282 4935 1815 5005; baseline -0.001 -12"><span class='ocrx_word' id='word_1_663' title='bbox 282 4944 443 4993; x_wconf 73' lang='lat' dir='ltr'><strong>rioste</strong></span> <span class='ocrx_word' id='word_1_664' title='bbox 488 4948 641 5003; x_wconf 84' lang='lat' dir='ltr'><strong>atque</strong></span> <span class='ocrx_word' id='word_1_665' title='bbox 685 4939 734 4988; x_wconf 92' lang='lat' dir='ltr'><strong>in</strong></span> <span class='ocrx_word' id='word_1_666' title='bbox 775 4935 1056 4988; x_wconf 81' lang='lat' dir='ltr'><strong>certamina</strong></span> <span class='ocrx_word' id='word_1_667' title='bbox 1103 4938 1439 4989; x_wconf 89' lang='lat' dir='ltr'><strong>tentatiorurrn</strong></span> <span class='ocrx_word' id='word_1_668' title='bbox 1481 4942 1815 5005; x_wconf 72' lang='lat' dir='ltr'><strong>periclitantis</strong></span> 
     </span>
    </p>
   </div>
   <div class='ocr_carea' id='block_1_88' title="bbox 280 5006 1815 5077">
    <p class='ocr_par' dir='ltr' id='par_1_88' title="bbox 280 5006 1815 5077">
     <span class='ocr_line' id='line_1_88' title="bbox 280 5006 1815 5077; baseline 0.002 -17"><span class='ocrx_word' id='word_1_669' title='bbox 280 5009 529 5061; x_wconf 79' lang='lat' dir='ltr'><strong>acrionis.</strong></span> <span class='ocrx_word' id='word_1_670' title='bbox 563 5011 724 5070; x_wconf 78' lang='lat' dir='ltr'><strong>Quam</strong></span> <span class='ocrx_word' id='word_1_671' title='bbox 757 5007 985 5077; x_wconf 72' lang='lat' dir='ltr'><strong>plerique</strong></span> <span class='ocrx_word' id='word_1_672' title='bbox 1015 5006 1151 5056; x_wconf 86' lang='lat' dir='ltr'><strong>bono</strong></span> <span class='ocrx_word' id='word_1_673' title='bbox 1184 5006 1388 5072; x_wconf 84' lang='lat' dir='ltr'><strong>ingenio</strong></span> <span class='ocrx_word' id='word_1_674' title='bbox 1414 5009 1688 5077; x_wconf 89' lang='lat' dir='ltr'><strong>studioque</strong></span> <span class='ocrx_word' id='word_1_675' title='bbox 1724 5011 1815 5063; x_wconf 84' lang='lat' dir='ltr'><strong>ﬂa-</strong></span> 
     </span>
    </p>
   </div>
   <div class='ocr_carea' id='block_1_89' title="bbox 280 5075 1815 5146">
    <p class='ocr_par' dir='ltr' id='par_1_89' title="bbox 280 5075 1815 5146">
     <span class='ocr_line' id='line_1_89' title="bbox 280 5075 1815 5146; baseline 0.003 -19"><span class='ocrx_word' id='word_1_676' title='bbox 280 5087 519 5144; x_wconf 77' lang='lat' dir='ltr'><strong>grantes,</strong></span> <span class='ocrx_word' id='word_1_677' title='bbox 560 5075 798 5140; x_wconf 84' lang='lat' dir='ltr'><strong>quamvis</strong></span> <span class='ocrx_word' id='word_1_678' title='bbox 834 5075 1000 5125; x_wconf 88' lang='lat' dir='ltr'><strong>idonei</strong></span> <span class='ocrx_word' id='word_1_679' title='bbox 1034 5077 1270 5146; x_wconf 70' lang='lat' dir='ltr'><strong>regendis</strong></span> <span class='ocrx_word' id='word_1_680' title='bbox 1300 5077 1503 5141; x_wconf 89' lang='lat' dir='ltr'><strong>populis</strong></span> <span class='ocrx_word' id='word_1_681' title='bbox 1542 5075 1658 5132; x_wconf 80' lang='lat' dir='ltr'><strong>esse</strong></span> <span class='ocrx_word' id='word_1_682' title='bbox 1699 5095 1815 5146; x_wconf 79' lang='lat' dir='ltr'><strong>pos-</strong></span> 
     </span>
    </p>
   </div>
   <div class='ocr_carea' id='block_1_90' title="bbox 280 5145 1815 5213">
    <p class='ocr_par' dir='ltr' id='par_1_90' title="bbox 280 5145 1815 5213">
     <span class='ocr_line' id='line_1_90' title="bbox 280 5145 1815 5213; baseline 0.003 -15"><span class='ocrx_word' id='word_1_683' title='bbox 280 5157 412 5211; x_wconf 79' lang='lat' dir='ltr'><strong>sint,</strong></span> <span class='ocrx_word' id='word_1_684' title='bbox 438 5154 610 5197; x_wconf 83' lang='lat' dir='ltr'><strong>tamen</strong></span> <span class='ocrx_word' id='word_1_685' title='bbox 639 5150 832 5213; x_wconf 84' lang='lat' dir='ltr'><strong>ev.tant</strong></span> <span class='ocrx_word' id='word_1_686' title='bbox 861 5152 1069 5207; x_wconf 79' lang='lat' dir='ltr'><strong>prapter</strong></span> <span class='ocrx_word' id='word_1_687' title='bbox 1095 5145 1420 5196; x_wconf 87' lang='lat' dir='ltr'><strong>turbulentas</strong></span> <span class='ocrx_word' id='word_1_688' title='bbox 1447 5145 1815 5213; x_wconf 88' lang='lat' dir='ltr'><strong>occupationes</strong></span> 
     </span>
    </p>
   </div>
   <div class='ocr_carea' id='block_1_91' title="bbox 280 5212 1813 5283">
    <p class='ocr_par' dir='ltr' id='par_1_91' title="bbox 280 5212 1813 5283">
     <span class='ocr_line' id='line_1_91' title="bbox 280 5212 1813 5283; baseline -0.006 -15"><span class='ocrx_word' id='word_1_689' title='bbox 280 5216 466 5281; x_wconf 74' lang='lat' dir='ltr'><strong>exire,</strong></span> <span class='ocrx_word' id='word_1_690' title='bbox 499 5213 622 5283; x_wconf 71' lang='lat' dir='ltr'><strong>siin</strong></span> <span class='ocrx_word' id='word_1_691' title='bbox 653 5212 906 5283; x_wconf 60' lang='lat' dir='ltr'><strong>doctrinae</strong></span> <span class='ocrx_word' id='word_1_692' title='bbox 933 5213 1090 5262; x_wconf 85' lang='lat' dir='ltr'><strong>otium</strong></span> <span class='ocrx_word' id='word_1_693' title='bbox 1122 5221 1228 5264; x_wconf 89' lang='lat' dir='ltr'><strong>toto</strong></span> <span class='ocrx_word' id='word_1_694' title='bbox 1257 5222 1462 5279; x_wconf 86' lang='lat' dir='ltr'><strong>pectore</strong></span> <span class='ocrx_word' id='word_1_695' title='bbox 1493 5212 1733 5283; x_wconf 70' lang='lat' dir='ltr'><strong>tanquam</strong></span> <span class='ocrx_word' id='word_1_696' title='bbox 1763 5220 1813 5271; x_wconf 78' lang='grc' dir='ltr'><strong>ίη</strong></span> 
     </span>
    </p>
   </div>
   <div class='ocr_carea' id='block_1_92' title="bbox 281 5279 1808 5351">
    <p class='ocr_par' dir='ltr' id='par_1_92' title="bbox 281 5279 1808 5351">
     <span class='ocr_line' id='line_1_92' title="bbox 281 5279 1808 5351; baseline 0.001 -17"><span class='ocrx_word' id='word_1_697' title='bbox 281 5279 537 5351; x_wconf 75' lang='lat' dir='ltr'><strong>speciosae</strong></span> <span class='ocrx_word' id='word_1_698' title='bbox 566 5281 758 5334; x_wconf 84' lang='lat' dir='ltr'><strong>Rachel</strong></span> <span class='ocrx_word' id='word_1_699' title='bbox 786 5279 1020 5351; x_wconf 82' lang='lat' dir='ltr'><strong>feruntur</strong></span> <span class='ocrx_word' id='word_1_700' title='bbox 1047 5285 1353 5345; x_wconf 83' lang='lat' dir='ltr'><strong>amplexus;</strong></span> <span class='ocrx_word' id='word_1_701' title='bbox 1383 5292 1436 5334; x_wconf 89' lang='lat' dir='ltr'><strong>et</strong></span> <span class='ocrx_word' id='word_1_702' title='bbox 1460 5287 1578 5348; x_wconf 84' lang='lat' dir='ltr'><strong>quia</strong></span> <span class='ocrx_word' id='word_1_703' title='bbox 1597 5279 1808 5341; x_wconf 74' lang='lat' dir='ltr'><strong>bonum</strong></span> 
     </span>
    </p>
   </div>
   <div class='ocr_carea' id='block_1_93' title="bbox 278 5347 1814 5422">
    <p class='ocr_par' dir='ltr' id='par_1_93' title="bbox 278 5347 1814 5422">
     <span class='ocr_line' id='line_1_93' title="bbox 278 5347 1814 5422; baseline 0.001 -16"><span class='ocrx_word' id='word_1_704' title='bbox 278 5347 362 5406; x_wconf 76' lang='lat' dir='ltr'><strong>est</strong></span> <span class='ocrx_word' id='word_1_705' title='bbox 403 5363 457 5405; x_wconf 89' lang='lat' dir='ltr'><strong>ut</strong></span> <span class='ocrx_word' id='word_1_706' title='bbox 484 5366 537 5406; x_wconf 82' lang='lat' dir='ltr'><strong>et</strong></span> <span class='ocrx_word' id='word_1_707' title='bbox 566 5357 676 5402; x_wconf 63' lang='lat' dir='ltr'><strong>haec</strong></span> <span class='ocrx_word' id='word_1_708' title='bbox 703 5352 806 5422; x_wconf 76' lang='lat' dir='ltr'><strong>vita</strong></span> <span class='ocrx_word' id='word_1_709' title='bbox 835 5347 986 5422; x_wconf 76' lang='lat' dir='ltr'><strong>latius</strong></span> <span class='ocrx_word' id='word_1_710' title='bbox 1022 5351 1349 5402; x_wconf 82' lang='lat' dir='ltr'><strong>innotescens</strong></span> <span class='ocrx_word' id='word_1_711' title='bbox 1379 5347 1674 5419; x_wconf 75' lang='lat' dir='ltr'><strong>popularem</strong></span> <span class='ocrx_word' id='word_1_712' title='bbox 1700 5358 1814 5422; x_wconf 81' lang='lat' dir='ltr'><strong>glo-</strong></span> 
     </span>
    </p>
   </div>
   <div class='ocr_carea' id='block_1_94' title="bbox 281 5415 1812 5484">
    <p class='ocr_par' dir='ltr' id='par_1_94' title="bbox 281 5415 1812 5484">
     <span class='ocr_line' id='line_1_94' title="bbox 281 5415 1812 5484; baseline 0.001 -10"><span class='ocrx_word' id='word_1_713' title='bbox 281 5425 416 5474; x_wconf 83' lang='lat' dir='ltr'><strong>riam</strong></span> <span class='ocrx_word' id='word_1_714' title='bbox 460 5429 741 5474; x_wconf 87' lang='lat' dir='ltr'><strong>mereatur.</strong></span> <span class='ocrx_word' id='word_1_715' title='bbox 794 5415 1041 5484; x_wconf 80' lang='lat' dir='ltr'><strong>lnjnstutn</strong></span> <span class='ocrx_word' id='word_1_716' title='bbox 1085 5427 1168 5469; x_wconf 89' lang='lat' dir='ltr'><strong>est</strong></span> <span class='ocrx_word' id='word_1_717' title='bbox 1204 5415 1459 5470; x_wconf 78' lang='lat' dir='ltr'><strong>autetuut</strong></span> <span class='ocrx_word' id='word_1_718' title='bbox 1484 5436 1596 5473; x_wconf 89' lang='lat' dir='ltr'><strong>eam</strong></span> <span class='ocrx_word' id='word_1_719' title='bbox 1627 5415 1812 5480; x_wconf 71' lang='lat' dir='ltr'><strong>corise-</strong></span> 
     </span>
    </p>
   </div>
   <div class='ocr_carea' id='block_1_95' title="bbox 278 5488 1812 5560">
    <p class='ocr_par' dir='ltr' id='par_1_95' title="bbox 278 5488 1812 5560">
     <span class='ocr_line' id='line_1_95' title="bbox 278 5488 1812 5560; baseline 0.001 -16"><span class='ocrx_word' id='word_1_720' title='bbox 278 5500 490 5560; x_wconf 82' lang='lat' dir='ltr'><strong>quatur,</strong></span> <span class='ocrx_word' id='word_1_721' title='bbox 530 5491 573 5542; x_wconf 87' lang='lat' dir='ltr'><strong>si</strong></span> <span class='ocrx_word' id='word_1_722' title='bbox 614 5501 842 5538; x_wconf 85' lang='lat' dir='ltr'><strong>aurorem</strong></span> <span class='ocrx_word' id='word_1_723' title='bbox 871 5499 1018 5560; x_wconf 77' lang='lat' dir='ltr'><strong>suum</strong></span> <span class='ocrx_word' id='word_1_724' title='bbox 1051 5488 1471 5560; x_wconf 79' lang='lat' dir='ltr'><strong>adrl&#39;tiuistrandis</strong></span> <span class='ocrx_word' id='word_1_725' title='bbox 1501 5493 1812 5546; x_wconf 81' lang='lat' dir='ltr'><strong>ecclesiasti-</strong></span> 
     </span>
    </p>
   </div>
   <div class='ocr_carea' id='block_1_96' title="bbox 277 5555 1812 5629">
    <p class='ocr_par' dir='ltr' id='par_1_96' title="bbox 277 5555 1812 5629">
     <span class='ocr_line' id='line_1_96' title="bbox 277 5555 1812 5629; baseline 0 -15"><span class='ocrx_word' id='word_1_726' title='bbox 277 5555 355 5615; x_wconf 72' lang='lat' dir='ltr'><strong>cis</strong></span> <span class='ocrx_word' id='word_1_727' title='bbox 385 5560 522 5612; x_wconf 91' lang='lat' dir='ltr'><strong>curis</strong></span> <span class='ocrx_word' id='word_1_728' title='bbox 553 5566 727 5624; x_wconf 85' lang='lat' dir='ltr'><strong>aptum</strong></span> <span class='ocrx_word' id='word_1_729' title='bbox 755 5569 806 5608; x_wconf 88' lang='lat' dir='ltr'><strong>et</strong></span> <span class='ocrx_word' id='word_1_730' title='bbox 837 5555 1167 5629; x_wconf 27' lang='lat' dir='ltr'><strong>idoneurrruin</strong></span> <span class='ocrx_word' id='word_1_731' title='bbox 1189 5567 1312 5629; x_wconf 20' lang='lat' dir='ltr'><strong>_ot.Ao</strong></span> <span class='ocrx_word' id='word_1_732' title='bbox 1341 5557 1566 5621; x_wconf 84' lang='lat' dir='ltr'><strong>detinet,</strong></span> <span class='ocrx_word' id='word_1_733' title='bbox 1601 5576 1694 5613; x_wconf 87' lang='lat' dir='ltr'><strong>nec</strong></span> <span class='ocrx_word' id='word_1_734' title='bbox 1717 5577 1812 5629; x_wconf 76' lang='lat' dir='ltr'><strong>gu-</strong></span> 
     </span>
    </p>
   </div>
   <div class='ocr_carea' id='block_1_97' title="bbox 280 5624 1808 5694">
    <p class='ocr_par' dir='ltr' id='par_1_97' title="bbox 280 5624 1808 5694">
     <span class='ocr_line' id='line_1_97' title="bbox 280 5624 1808 5694; baseline -0.003 -10"><span class='ocrx_word' id='word_1_735' title='bbox 280 5631 643 5685; x_wconf 70' lang='lat' dir='ltr'><strong>bernationem</strong></span> <span class='ocrx_word' id='word_1_736' title='bbox 672 5626 959 5694; x_wconf 79' lang='lat' dir='ltr'><strong>communis</strong></span> <span class='ocrx_word' id='word_1_737' title='bbox 999 5624 1229 5676; x_wconf 87' lang='lat' dir='ltr'><strong>utilitatis</strong></span> <span class='ocrx_word' id='word_1_738' title='bbox 1272 5625 1486 5690; x_wconf 88' lang='lat' dir='ltr'><strong>itnpetrt.</strong></span> <span class='ocrx_word' id='word_1_739' title='bbox 1535 5624 1808 5694; x_wconf 67' lang='lat' dir='ltr'><strong>l&#39;rOptei&#39;ca</strong></span> 
     </span>
    </p>
   </div>
   <div class='ocr_carea' id='block_1_98' title="bbox 280 5692 1808 5765">
    <p class='ocr_par' dir='ltr' id='par_1_98' title="bbox 280 5692 1808 5765">
     <span class='ocr_line' id='line_1_98' title="bbox 280 5692 1808 5765; baseline -0.002 -9"><span class='ocrx_word' id='word_1_740' title='bbox 280 5703 372 5756; x_wconf 71' lang='lat' dir='ltr'><strong>Lta</strong></span> <span class='ocrx_word' id='word_1_741' title='bbox 399 5697 565 5756; x_wconf 85' lang='lat' dir='ltr'><strong>sorori</strong></span> <span class='ocrx_word' id='word_1_742' title='bbox 594 5709 704 5749; x_wconf 68' lang='lat' dir='ltr'><strong>suis</strong></span> <span class='ocrx_word' id='word_1_743' title='bbox 724 5694 845 5748; x_wconf 83' lang='lat' dir='ltr'><strong>dicit</strong></span> <span class='ocrx_word' id='word_1_744' title='bbox 869 5710 879 5746; x_wconf 89' lang='lat'>:</span> <span class='ocrx_word' id='word_1_745' title='bbox 908 5692 1098 5746; x_wconf 80' lang='lat' dir='ltr'><strong>Parum</strong></span> <span class='ocrx_word' id='word_1_746' title='bbox 1120 5703 1186 5745; x_wconf 79' lang='lat' dir='ltr'><strong>est</strong></span> <span class='ocrx_word' id='word_1_747' title='bbox 1209 5694 1292 5746; x_wconf 82' lang='lat' dir='ltr'><strong>tibi</strong></span> <span class='ocrx_word' id='word_1_748' title='bbox 1317 5697 1442 5765; x_wconf 77' lang='lat' dir='ltr'><strong>quod</strong></span> <span class='ocrx_word' id='word_1_749' title='bbox 1473 5692 1808 5754; x_wconf 70' lang='lat' dir='ltr'><strong>t&#39;irarrtmctuu</strong></span> 
     </span>
    </p>
   </div>
   <div class='ocr_carea' id='block_1_99' title="bbox 1935 1835 3453 1904">
    <p class='ocr_par' dir='ltr' id='par_1_99' title="bbox 1935 1835 3453 1904">
     <span class='ocr_line' id='line_1_99' title="bbox 1935 1835 3453 1904; baseline 0.003 -17"><span class='ocrx_word' id='word_1_750' title='bbox 1935 1837 2336 1900; x_wconf 84' lang='lat' dir='ltr'><strong>imperitioribus</strong></span> <span class='ocrx_word' id='word_1_751' title='bbox 2365 1838 2567 1902; x_wconf 88' lang='lat' dir='ltr'><strong>populis</strong></span> <span class='ocrx_word' id='word_1_752' title='bbox 2596 1835 3026 1888; x_wconf 86' lang='lat' dir='ltr'><strong>existimationem</strong></span> <span class='ocrx_word' id='word_1_753' title='bbox 3060 1839 3242 1890; x_wconf 77' lang='lat' dir='ltr'><strong>bonam</strong></span> <span class='ocrx_word' id='word_1_754' title='bbox 3265 1877 3279 1901; x_wconf 94' lang='lat'><strong>,</strong></span> <span class='ocrx_word' id='word_1_755' title='bbox 3317 1841 3453 1904; x_wconf 88' lang='lat' dir='ltr'><strong>quod</strong></span> 
     </span>
    </p>
   </div>
   <div class='ocr_carea' id='block_1_100' title="bbox 1927 1905 3456 1972">
    <p class='ocr_par' dir='ltr' id='par_1_100' title="bbox 1927 1905 3456 1972">
     <span class='ocr_line' id='line_1_100' title="bbox 1927 1905 3456 1972; baseline 0.001 -15"><span class='ocrx_word' id='word_1_756' title='bbox 1927 1906 2010 1957; x_wconf 90' lang='lat' dir='ltr'><strong>illa</strong></span> <span class='ocrx_word' id='word_1_757' title='bbox 2063 1920 2209 1971; x_wconf 87' lang='lat' dir='ltr'><strong>poma</strong></span> <span class='ocrx_word' id='word_1_758' title='bbox 2242 1905 2553 1972; x_wconf 81' lang='lat' dir='ltr'><strong>signiﬁcant,</strong></span> <span class='ocrx_word' id='word_1_759' title='bbox 2598 1913 2650 1956; x_wconf 92' lang='lat' dir='ltr'><strong>ct</strong></span> <span class='ocrx_word' id='word_1_760' title='bbox 2692 1905 2824 1970; x_wconf 85' lang='lat' dir='ltr'><strong>quod</strong></span> <span class='ocrx_word' id='word_1_761' title='bbox 2874 1908 3219 1957; x_wconf 72' lang='lat' dir='ltr'><strong>necessarium</strong></span> <span class='ocrx_word' id='word_1_762' title='bbox 3268 1916 3347 1959; x_wconf 87' lang='lat' dir='ltr'><strong>est</strong></span> <span class='ocrx_word' id='word_1_763' title='bbox 3393 1908 3456 1959; x_wconf 87' lang='lat' dir='ltr'><strong>ad</strong></span> 
     </span>
    </p>
   </div>
   <div class='ocr_carea' id='block_1_101' title="bbox 1927 1973 3457 2032">
    <p class='ocr_par' dir='ltr' id='par_1_101' title="bbox 1927 1973 3457 2032">
     <span class='ocr_line' id='line_1_101' title="bbox 1927 1973 3457 2032; baseline 0.001 -5"><span class='ocrx_word' id='word_1_764' title='bbox 1927 1976 2340 2027; x_wconf 71' lang='lat' dir='ltr'><strong>exhortationem</strong></span> <span class='ocrx_word' id='word_1_765' title='bbox 2373 1974 2626 2025; x_wconf 79' lang='lat' dir='ltr'><strong>tliscentiu</strong></span> <span class='ocrx_word' id='word_1_766' title='bbox 2652 1990 2701 2022; x_wconf 88' lang='grc' dir='ltr'><strong>ιι.</strong></span> <span class='ocrx_word' id='word_1_767' title='bbox 2733 1973 2834 2024; x_wconf 89' lang='lat' dir='ltr'><strong>Sed</strong></span> <span class='ocrx_word' id='word_1_768' title='bbox 2868 1976 3014 2032; x_wconf 75' lang='lat' dir='ltr'><strong>plane</strong></span> <span class='ocrx_word' id='word_1_769' title='bbox 3041 1985 3092 2027; x_wconf 89' lang='lat' dir='ltr'><strong>ut</strong></span> <span class='ocrx_word' id='word_1_770' title='bbox 3122 1975 3250 2028; x_wconf 84' lang='lat' dir='ltr'><strong>hanc</strong></span> <span class='ocrx_word' id='word_1_771' title='bbox 3277 1991 3457 2029; x_wconf 83' lang='lat' dir='ltr'><strong>curata</strong></span> 
     </span>
    </p>
   </div>
   <div class='ocr_carea' id='block_1_102' title="bbox 1926 2042 3453 2110">
    <p class='ocr_par' dir='ltr' id='par_1_102' title="bbox 1926 2042 3453 2110">
     <span class='ocr_line' id='line_1_102' title="bbox 1926 2042 3453 2110; baseline 0.003 -18"><span class='ocrx_word' id='word_1_772' title='bbox 1926 2045 2214 2109; x_wconf 84' lang='lat' dir='ltr'><strong>suscipiant</strong></span> <span class='ocrx_word' id='word_1_773' title='bbox 2236 2044 2326 2094; x_wconf 91' lang='lat' dir='ltr'><strong>viri</strong></span> <span class='ocrx_word' id='word_1_774' title='bbox 2354 2050 2626 2108; x_wconf 84' lang='lat' dir='ltr'><strong>coguntur,</strong></span> <span class='ocrx_word' id='word_1_775' title='bbox 2651 2043 2774 2110; x_wconf 77' lang='lat' dir='ltr'><strong>satis</strong></span> <span class='ocrx_word' id='word_1_776' title='bbox 2797 2049 2849 2091; x_wconf 87' lang='lat' dir='ltr'><strong>et</strong></span> <span class='ocrx_word' id='word_1_777' title='bbox 2875 2042 2970 2094; x_wconf 88' lang='lat' dir='ltr'><strong>hoc</strong></span> <span class='ocrx_word' id='word_1_778' title='bbox 2989 2055 3066 2094; x_wconf 77' lang='lat' dir='ltr'><strong>est</strong></span> <span class='ocrx_word' id='word_1_779' title='bbox 3088 2045 3453 2110; x_wconf 73' lang='lat' dir='ltr'><strong>signiﬁcatum.</strong></span> 
     </span>
    </p>
   </div>
   <div class='ocr_carea' id='block_1_103' title="bbox 1927 2109 3456 2176">
    <p class='ocr_par' dir='ltr' id='par_1_103' title="bbox 1927 2109 3456 2176">
     <span class='ocr_line' id='line_1_103' title="bbox 1927 2109 3456 2176; baseline 0.001 -13"><span class='ocrx_word' id='word_1_780' title='bbox 1927 2112 2072 2176; x_wconf 79' lang='lat' dir='ltr'><strong>Quod</strong></span> <span class='ocrx_word' id='word_1_781' title='bbox 2101 2127 2216 2163; x_wconf 88' lang='lat' dir='ltr'><strong>cum</strong></span> <span class='ocrx_word' id='word_1_782' title='bbox 2247 2111 2446 2164; x_wconf 80' lang='lat' dir='ltr'><strong>veniret</strong></span> <span class='ocrx_word' id='word_1_783' title='bbox 2484 2110 2643 2162; x_wconf 83' lang='lat' dir='ltr'><strong>Jacob</strong></span> <span class='ocrx_word' id='word_1_784' title='bbox 2672 2109 2734 2161; x_wconf 86' lang='lat' dir='ltr'><strong>de</strong></span> <span class='ocrx_word' id='word_1_785' title='bbox 2782 2124 2842 2176; x_wconf 80' lang='lat' dir='ltr'><strong>ag</strong></span> <span class='ocrx_word' id='word_1_786' title='bbox 2873 2123 2923 2167; x_wconf 80' lang='grc' dir='ltr'><strong>ο.</strong></span> <span class='ocrx_word' id='word_1_787' title='bbox 2971 2109 3200 2165; x_wconf 78' lang='lat' dir='ltr'><strong>occuzrit</strong></span> <span class='ocrx_word' id='word_1_788' title='bbox 3247 2115 3292 2166; x_wconf 91' lang='lat' dir='ltr'><strong>ei</strong></span> <span class='ocrx_word' id='word_1_789' title='bbox 3347 2114 3456 2174; x_wconf 88' lang='lat' dir='ltr'><strong>Lia,</strong></span> 
     </span>
    </p>
   </div>
   <div class='ocr_carea' id='block_1_104' title="bbox 1926 2178 3459 2248">
    <p class='ocr_par' dir='ltr' id='par_1_104' title="bbox 1926 2178 3459 2248">
     <span class='ocr_line' id='line_1_104' title="bbox 1926 2178 3459 2248; baseline 0 -16"><span class='ocrx_word' id='word_1_790' title='bbox 1926 2195 2146 2248; x_wconf 66' lang='lat' dir='ltr'><strong>eumque</strong></span> <span class='ocrx_word' id='word_1_791' title='bbox 2185 2180 2421 2236; x_wconf 82' lang='lat' dir='ltr'><strong>detinens</strong></span> <span class='ocrx_word' id='word_1_792' title='bbox 2452 2181 2522 2231; x_wconf 86' lang='lat' dir='ltr'><strong>ait</strong></span> <span class='ocrx_word' id='word_1_793' title='bbox 2553 2199 2564 2232; x_wconf 89' lang='lat'>:</span> <span class='ocrx_word' id='word_1_794' title='bbox 2608 2180 2682 2229; x_wconf 76' lang='lat' dir='ltr'><strong>Ad</strong></span> <span class='ocrx_word' id='word_1_795' title='bbox 2715 2194 2789 2229; x_wconf 87' lang='lat' dir='ltr'><strong>me</strong></span> <span class='ocrx_word' id='word_1_796' title='bbox 2818 2178 3051 2248; x_wconf 77' lang='lat' dir='ltr'><strong>intrabis,</strong></span> <span class='ocrx_word' id='word_1_797' title='bbox 3086 2183 3300 2234; x_wconf 61' lang='lat' dir='ltr'><strong>conduxi</strong></span> <span class='ocrx_word' id='word_1_798' title='bbox 3331 2185 3459 2235; x_wconf 81' lang='lat' dir='ltr'><strong>enim</strong></span> 
     </span>
    </p>
   </div>
   <div class='ocr_carea' id='block_1_105' title="bbox 1927 2247 3458 2314">
    <p class='ocr_par' dir='ltr' id='par_1_105' title="bbox 1927 2247 3458 2314">
     <span class='ocr_line' id='line_1_105' title="bbox 1927 2247 3458 2314; baseline 0.003 -15"><span class='ocrx_word' id='word_1_799' title='bbox 1927 2259 1972 2300; x_wconf 85' lang='lat' dir='ltr'><strong>te</strong></span> <span class='ocrx_word' id='word_1_800' title='bbox 2009 2247 2095 2314; x_wconf 83' lang='lat' dir='ltr'><strong>pro</strong></span> <span class='ocrx_word' id='word_1_801' title='bbox 2132 2250 2472 2314; x_wconf 61' lang='lat' dir='ltr'><strong>mandragoris</strong></span> <span class='ocrx_word' id='word_1_802' title='bbox 2517 2248 2609 2312; x_wconf 77' lang='lat' dir='ltr'><strong>lilii</strong></span> <span class='ocrx_word' id='word_1_803' title='bbox 2651 2248 2764 2298; x_wconf 86' lang='lat' dir='ltr'><strong>mei.</strong></span> <span class='ocrx_word' id='word_1_804' title='bbox 2798 2247 3060 2314; x_wconf 74' lang='lat' dir='ltr'><strong>Tanquam</strong></span> <span class='ocrx_word' id='word_1_805' title='bbox 3089 2251 3285 2304; x_wconf 86' lang='lat' dir='ltr'><strong>diceret</strong></span> <span class='ocrx_word' id='word_1_806' title='bbox 3317 2269 3329 2304; x_wconf 89' lang='lat'><strong>:</strong></span> <span class='ocrx_word' id='word_1_807' title='bbox 3359 2252 3458 2304; x_wconf 90' lang='lat' dir='ltr'><strong>Do-</strong></span> 
     </span>
    </p>
   </div>
   <div class='ocr_carea' id='block_1_106' title="bbox 1925 2316 3455 2386">
    <p class='ocr_par' dir='ltr' id='par_1_106' title="bbox 1925 2316 3455 2386">
     <span class='ocr_line' id='line_1_106' title="bbox 1925 2316 3455 2386; baseline 0.001 -15"><span class='ocrx_word' id='word_1_808' title='bbox 1925 2322 2105 2371; x_wconf 72' lang='lat' dir='ltr'><strong>ctrinaa</strong></span> <span class='ocrx_word' id='word_1_809' title='bbox 2134 2332 2286 2386; x_wconf 88' lang='lat' dir='ltr'><strong>quun</strong></span> <span class='ocrx_word' id='word_1_810' title='bbox 2314 2317 2488 2386; x_wconf 72' lang='lat' dir='ltr'><strong>diligis</strong></span> <span class='ocrx_word' id='word_1_811' title='bbox 2518 2319 2590 2366; x_wconf 79' lang='lat' dir='ltr'><strong>vis</strong></span> <span class='ocrx_word' id='word_1_812' title='bbox 2628 2316 2867 2368; x_wconf 81' lang='lat' dir='ltr'><strong>conferre</strong></span> <span class='ocrx_word' id='word_1_813' title='bbox 2911 2319 3094 2369; x_wconf 84' lang='lat' dir='ltr'><strong>bonam</strong></span> <span class='ocrx_word' id='word_1_814' title='bbox 3135 2320 3455 2385; x_wconf 88' lang='lat' dir='ltr'><strong>opinionem,</strong></span> 
     </span>
    </p>
   </div>
   <div class='ocr_carea' id='block_1_107' title="bbox 1928 2385 3451 2456">
    <p class='ocr_par' dir='ltr' id='par_1_107' title="bbox 1928 2385 3451 2456">
     <span class='ocr_line' id='line_1_107' title="bbox 1928 2385 3451 2456; baseline 0.003 -18"><span class='ocrx_word' id='word_1_815' title='bbox 1928 2389 2029 2440; x_wconf 91' lang='lat' dir='ltr'><strong>noli</strong></span> <span class='ocrx_word' id='word_1_816' title='bbox 2057 2385 2233 2454; x_wconf 83' lang='lat' dir='ltr'><strong>lugere</strong></span> <span class='ocrx_word' id='word_1_817' title='bbox 2258 2385 2541 2437; x_wconf 77' lang='lat' dir='ltr'><strong>ofﬁciosum</strong></span> <span class='ocrx_word' id='word_1_818' title='bbox 2574 2387 2823 2456; x_wconf 83' lang='lat' dir='ltr'><strong>laborem.</strong></span> <span class='ocrx_word' id='word_1_819' title='bbox 2858 2386 2978 2456; x_wconf 73' lang='lat' dir='ltr'><strong>Ilaac</strong></span> <span class='ocrx_word' id='word_1_820' title='bbox 3008 2391 3055 2438; x_wconf 93' lang='lat' dir='ltr'><strong>iu</strong></span> <span class='ocrx_word' id='word_1_821' title='bbox 3086 2388 3314 2442; x_wconf 86' lang='lat' dir='ltr'><strong>Ecclesia</strong></span> <span class='ocrx_word' id='word_1_822' title='bbox 3343 2393 3451 2456; x_wconf 56' lang='lat' dir='ltr'><strong>gr-ri</strong></span> 
     </span>
    </p>
   </div>
   <div class='ocr_carea' id='block_1_108' title="bbox 1927 2454 3455 2524">
    <p class='ocr_par' dir='ltr' id='par_1_108' title="bbox 1927 2454 3455 2524">
     <span class='ocr_line' id='line_1_108' title="bbox 1927 2454 3455 2524; baseline 0.002 -19"><span class='ocrx_word' id='word_1_823' title='bbox 1927 2459 2155 2524; x_wconf 83' lang='lat' dir='ltr'><strong>quisquis</strong></span> <span class='ocrx_word' id='word_1_824' title='bbox 2185 2461 2467 2508; x_wconf 81' lang='lat' dir='ltr'><strong>adverterit</strong></span> <span class='ocrx_word' id='word_1_825' title='bbox 2488 2494 2500 2516; x_wconf 96' lang='lat'><strong>,</strong></span> <span class='ocrx_word' id='word_1_826' title='bbox 2529 2455 2692 2524; x_wconf 84' lang='lat' dir='ltr'><strong>cernit</strong></span> <span class='ocrx_word' id='word_1_827' title='bbox 2722 2463 2772 2505; x_wconf 90' lang='lat' dir='ltr'><strong>et</strong></span> <span class='ocrx_word' id='word_1_828' title='bbox 2801 2454 3062 2519; x_wconf 79' lang='lat' dir='ltr'><strong>experitur</strong></span> <span class='ocrx_word' id='word_1_829' title='bbox 3101 2458 3150 2508; x_wconf 92' lang='lat' dir='ltr'><strong>in</strong></span> <span class='ocrx_word' id='word_1_830' title='bbox 3181 2454 3455 2522; x_wconf 74' lang='lat' dir='ltr'><strong>exemplis,</strong></span> 
     </span>
    </p>
   </div>
   <div class='ocr_carea' id='block_1_109' title="bbox 1928 2521 3454 2593">
    <p class='ocr_par' dir='ltr' id='par_1_109' title="bbox 1928 2521 3454 2593">
     <span class='ocr_line' id='line_1_109' title="bbox 1928 2521 3454 2593; baseline 0.001 -17"><span class='ocrx_word' id='word_1_831' title='bbox 1928 2521 2074 2591; x_wconf 79' lang='lat' dir='ltr'><strong>quod</strong></span> <span class='ocrx_word' id='word_1_832' title='bbox 2095 2525 2444 2591; x_wconf 86' lang='lat' dir='ltr'><strong>intelligamus</strong></span> <span class='ocrx_word' id='word_1_833' title='bbox 2471 2526 2519 2575; x_wconf 91' lang='lat' dir='ltr'><strong>in</strong></span> <span class='ocrx_word' id='word_1_834' title='bbox 2552 2521 2712 2593; x_wconf 88' lang='lat' dir='ltr'><strong>libris.</strong></span> <span class='ocrx_word' id='word_1_835' title='bbox 2733 2524 2867 2593; x_wconf 5' lang='lat' dir='ltr'><strong>(Quis</strong></span> <span class='ocrx_word' id='word_1_836' title='bbox 2896 2540 2996 2576; x_wconf 92' lang='lat' dir='ltr'><strong>uon</strong></span> <span class='ocrx_word' id='word_1_837' title='bbox 3025 2525 3197 2577; x_wconf 84' lang='lat' dir='ltr'><strong>videat</strong></span> <span class='ocrx_word' id='word_1_838' title='bbox 3223 2528 3319 2579; x_wconf 90' lang='lat' dir='ltr'><strong>hoc</strong></span> <span class='ocrx_word' id='word_1_839' title='bbox 3342 2521 3454 2593; x_wconf 81' lang='lat' dir='ltr'><strong>geri</strong></span> 
     </span>
    </p>
   </div>
   <div class='ocr_carea' id='block_1_110' title="bbox 1929 2591 3458 2661">
    <p class='ocr_par' dir='ltr' id='par_1_110' title="bbox 1929 2591 3458 2661">
     <span class='ocr_line' id='line_1_110' title="bbox 1929 2591 3458 2661; baseline 0.001 -16"><span class='ocrx_word' id='word_1_840' title='bbox 1929 2603 2036 2646; x_wconf 82' lang='lat' dir='ltr'><strong>toto</strong></span> <span class='ocrx_word' id='word_1_841' title='bbox 2065 2597 2191 2647; x_wconf 92' lang='lat' dir='ltr'><strong>orbe</strong></span> <span class='ocrx_word' id='word_1_842' title='bbox 2217 2603 2491 2653; x_wconf 88' lang='lat' dir='ltr'><strong>terrarum,</strong></span> <span class='ocrx_word' id='word_1_843' title='bbox 2525 2592 2699 2644; x_wconf 73' lang='lat' dir='ltr'><strong>venire</strong></span> <span class='ocrx_word' id='word_1_844' title='bbox 2731 2591 2965 2643; x_wconf 87' lang='lat' dir='ltr'><strong>homines</strong></span> <span class='ocrx_word' id='word_1_845' title='bbox 2993 2595 3057 2645; x_wconf 89' lang='lat' dir='ltr'><strong>ab</strong></span> <span class='ocrx_word' id='word_1_846' title='bbox 3085 2597 3333 2661; x_wconf 84' lang='lat' dir='ltr'><strong>Operibus</strong></span> <span class='ocrx_word' id='word_1_847' title='bbox 3353 2591 3458 2647; x_wconf 68' lang='lat' dir='ltr'><strong>sae-</strong></span> 
     </span>
    </p>
   </div>
   <div class='ocr_carea' id='block_1_111' title="bbox 1925 2661 3457 2726">
    <p class='ocr_par' dir='ltr' id='par_1_111' title="bbox 1925 2661 3457 2726">
     <span class='ocr_line' id='line_1_111' title="bbox 1925 2661 3457 2726; baseline 0.002 -11"><span class='ocrx_word' id='word_1_848' title='bbox 1925 2664 2047 2726; x_wconf 83' lang='lat' dir='ltr'><strong>culi,</strong></span> <span class='ocrx_word' id='word_1_849' title='bbox 2083 2675 2135 2717; x_wconf 90' lang='lat' dir='ltr'><strong>et</strong></span> <span class='ocrx_word' id='word_1_850' title='bbox 2174 2662 2250 2716; x_wconf 91' lang='lat' dir='ltr'><strong>ire</strong></span> <span class='ocrx_word' id='word_1_851' title='bbox 2292 2661 2344 2713; x_wconf 91' lang='lat' dir='ltr'><strong>in</strong></span> <span class='ocrx_word' id='word_1_852' title='bbox 2389 2662 2478 2713; x_wconf 90' lang='lat' dir='ltr'><strong>otii</strong></span> <span class='ocrx_word' id='word_1_853' title='bbox 2513 2667 2674 2711; x_wconf 85' lang='lat' dir='ltr'><strong>&#39;usum</strong></span> <span class='ocrx_word' id='word_1_854' title='bbox 2713 2663 3086 2726; x_wconf 53' lang='lat' dir='ltr'><strong>cognosci-udae</strong></span> <span class='ocrx_word' id='word_1_855' title='bbox 3134 2673 3187 2715; x_wconf 90' lang='lat' dir='ltr'><strong>et</strong></span> <span class='ocrx_word' id='word_1_856' title='bbox 3225 2674 3457 2718; x_wconf 88' lang='lat' dir='ltr'><strong>contem-</strong></span> 
     </span>
    </p>
   </div>
   <div class='ocr_carea' id='block_1_112' title="bbox 1928 2729 3456 2799">
    <p class='ocr_par' dir='ltr' id='par_1_112' title="bbox 1928 2729 3456 2799">
     <span class='ocr_line' id='line_1_112' title="bbox 1928 2729 3456 2799; baseline 0.002 -16"><span class='ocrx_word' id='word_1_857' title='bbox 1928 2733 2125 2799; x_wconf 78' lang='lat' dir='ltr'><strong>planda:</strong></span> <span class='ocrx_word' id='word_1_858' title='bbox 2153 2730 2383 2784; x_wconf 85' lang='lat' dir='ltr'><strong>veritatis</strong></span> <span class='ocrx_word' id='word_1_859' title='bbox 2411 2739 2653 2799; x_wconf 80' lang='lat' dir='ltr'><strong>tanquam</strong></span> <span class='ocrx_word' id='word_1_860' title='bbox 2682 2730 2731 2780; x_wconf 94' lang='lat' dir='ltr'><strong>in</strong></span> <span class='ocrx_word' id='word_1_861' title='bbox 2758 2729 2998 2793; x_wconf 84' lang='lat' dir='ltr'><strong>amplexu</strong></span> <span class='ocrx_word' id='word_1_862' title='bbox 3028 2733 3220 2783; x_wconf 79' lang='lat' dir='ltr'><strong>ltachel</strong></span> <span class='ocrx_word' id='word_1_863' title='bbox 3240 2775 3253 2795; x_wconf 94' lang='lat'><strong>,</strong></span> <span class='ocrx_word' id='word_1_864' title='bbox 3288 2746 3339 2786; x_wconf 85' lang='lat' dir='ltr'><strong>et</strong></span> <span class='ocrx_word' id='word_1_865' title='bbox 3368 2749 3456 2786; x_wconf 81' lang='lat' dir='ltr'><strong>ex-</strong></span> 
     </span>
    </p>
   </div>
   <div class='ocr_carea' id='block_1_113' title="bbox 1925 2797 3457 2867">
    <p class='ocr_par' dir='ltr' id='par_1_113' title="bbox 1925 2797 3457 2867">
     <span class='ocr_line' id='line_1_113' title="bbox 1925 2797 3457 2867; baseline 0 -14"><span class='ocrx_word' id='word_1_866' title='bbox 1925 2797 2024 2866; x_wconf 82' lang='lat' dir='ltr'><strong>cipi</strong></span> <span class='ocrx_word' id='word_1_867' title='bbox 2053 2801 2119 2854; x_wconf 91' lang='lat' dir='ltr'><strong>de</strong></span> <span class='ocrx_word' id='word_1_868' title='bbox 2168 2810 2464 2854; x_wconf 86' lang='lat' dir='ltr'><strong>transverso</strong></span> <span class='ocrx_word' id='word_1_869' title='bbox 2510 2797 2573 2850; x_wconf 82' lang='lat' dir='ltr'><strong>ad</strong></span> <span class='ocrx_word' id='word_1_870' title='bbox 2617 2800 3020 2851; x_wconf 83' lang='lat' dir='ltr'><strong>ecclesiasticam</strong></span> <span class='ocrx_word' id='word_1_871' title='bbox 3070 2804 3457 2867; x_wconf 86' lang='lat' dir='ltr'><strong>necessitatem,</strong></span> 
     </span>
    </p>
   </div>
   <div class='ocr_carea' id='block_1_114' title="bbox 1925 2867 3457 2937">
    <p class='ocr_par' dir='ltr' id='par_1_114' title="bbox 1925 2867 3457 2937">
     <span class='ocr_line' id='line_1_114' title="bbox 1925 2867 3457 2937; baseline 0 -16"><span class='ocrx_word' id='word_1_872' title='bbox 1925 2882 2078 2937; x_wconf 83' lang='lat' dir='ltr'><strong>atque</strong></span> <span class='ocrx_word' id='word_1_873' title='bbox 2105 2868 2331 2922; x_wconf 88' lang='lat' dir='ltr'><strong>ordinari</strong></span> <span class='ocrx_word' id='word_1_874' title='bbox 2363 2869 2412 2918; x_wconf 89' lang='lat' dir='ltr'><strong>in</strong></span> <span class='ocrx_word' id='word_1_875' title='bbox 2458 2868 2632 2937; x_wconf 83' lang='lat' dir='ltr'><strong>labore</strong></span> <span class='ocrx_word' id='word_1_876' title='bbox 2680 2876 2922 2935; x_wconf 86' lang='lat' dir='ltr'><strong>tanquam</strong></span> <span class='ocrx_word' id='word_1_877' title='bbox 2969 2867 3056 2921; x_wconf 84' lang='lat' dir='ltr'><strong>Lia</strong></span> <span class='ocrx_word' id='word_1_878' title='bbox 3102 2869 3347 2922; x_wconf 77' lang='lat' dir='ltr'><strong>dicente:</strong></span> <span class='ocrx_word' id='word_1_879' title='bbox 3382 2872 3457 2921; x_wconf 76' lang='lat' dir='ltr'><strong>Ad</strong></span> 
     </span>
    </p>
   </div>
   <div class='ocr_carea' id='block_1_115' title="bbox 1924 2936 3456 3006">
    <p class='ocr_par' dir='ltr' id='par_1_115' title="bbox 1924 2936 3456 3006">
     <span class='ocr_line' id='line_1_115' title="bbox 1924 2936 3456 3006; baseline 0.001 -16"><span class='ocrx_word' id='word_1_880' title='bbox 1924 2955 2000 2990; x_wconf 85' lang='lat' dir='ltr'><strong>me</strong></span> <span class='ocrx_word' id='word_1_881' title='bbox 2030 2940 2255 3001; x_wconf 77' lang='lat' dir='ltr'><strong>intrabis,</strong></span> <span class='ocrx_word' id='word_1_882' title='bbox 2284 2938 2470 3006; x_wconf 87' lang='lat' dir='ltr'><strong>quibus</strong></span> <span class='ocrx_word' id='word_1_883' title='bbox 2500 2936 2634 3006; x_wconf 85' lang='lat' dir='ltr'><strong>istud</strong></span> <span class='ocrx_word' id='word_1_884' title='bbox 2665 2939 2965 3005; x_wconf 85' lang='lat' dir='ltr'><strong>mysterium</strong></span> <span class='ocrx_word' id='word_1_885' title='bbox 2997 2938 3085 2991; x_wconf 90' lang='lat' dir='ltr'><strong>Dei</strong></span> <span class='ocrx_word' id='word_1_886' title='bbox 3109 2939 3456 3004; x_wconf 88' lang='lat' dir='ltr'><strong>dispensanti-</strong></span> 
     </span>
    </p>
   </div>
   <div class='ocr_carea' id='block_1_116' title="bbox 1930 3005 3462 3076">
    <p class='ocr_par' dir='ltr' id='par_1_116' title="bbox 1930 3005 3462 3076">
     <span class='ocr_line' id='line_1_116' title="bbox 1930 3005 3462 3076; baseline 0.005 -23"><span class='ocrx_word' id='word_1_887' title='bbox 1930 3009 2044 3070; x_wconf 72' lang='lat' dir='ltr'><strong>bus,</strong></span> <span class='ocrx_word' id='word_1_888' title='bbox 2073 3018 2125 3060; x_wconf 83' lang='lat' dir='ltr'><strong>ut</strong></span> <span class='ocrx_word' id='word_1_889' title='bbox 2155 3007 2206 3060; x_wconf 86' lang='lat' dir='ltr'><strong>in</strong></span> <span class='ocrx_word' id='word_1_890' title='bbox 2249 3005 2401 3076; x_wconf 77' lang='lat' dir='ltr'><strong>nocte</strong></span> <span class='ocrx_word' id='word_1_891' title='bbox 2448 3005 2599 3076; x_wconf 86' lang='lat' dir='ltr'><strong>hujus</strong></span> <span class='ocrx_word' id='word_1_892' title='bbox 2637 3005 2827 3076; x_wconf 67' lang='lat' dir='ltr'><strong>saeculi</strong></span> <span class='ocrx_word' id='word_1_893' title='bbox 2860 3007 2990 3059; x_wconf 88' lang='lat' dir='ltr'><strong>lilios</strong></span> <span class='ocrx_word' id='word_1_894' title='bbox 3033 3018 3282 3076; x_wconf 81' lang='lat' dir='ltr'><strong>generem</strong></span> <span class='ocrx_word' id='word_1_895' title='bbox 3311 3007 3462 3076; x_wconf 77' lang='lat' dir='ltr'><strong>lldei,</strong></span> 
     </span>
    </p>
   </div>
   <div class='ocr_carea' id='block_1_117' title="bbox 1929 3073 3456 3144">
    <p class='ocr_par' dir='ltr' id='par_1_117' title="bbox 1929 3073 3456 3144">
     <span class='ocr_line' id='line_1_117' title="bbox 1929 3073 3456 3144; baseline 0.001 -15"><span class='ocrx_word' id='word_1_896' title='bbox 1929 3078 2167 3130; x_wconf 90' lang='lat' dir='ltr'><strong>laudatur</strong></span> <span class='ocrx_word' id='word_1_897' title='bbox 2191 3092 2221 3128; x_wconf 88' lang='lat' dir='ltr'><strong>a</strong></span> <span class='ocrx_word' id='word_1_898' title='bbox 2251 3073 2450 3144; x_wconf 85' lang='lat' dir='ltr'><strong>populis</strong></span> <span class='ocrx_word' id='word_1_899' title='bbox 2488 3075 2640 3144; x_wconf 77' lang='lat' dir='ltr'><strong>etiam</strong></span> <span class='ocrx_word' id='word_1_900' title='bbox 2672 3075 2752 3125; x_wconf 90' lang='lat' dir='ltr'><strong>illa</strong></span> <span class='ocrx_word' id='word_1_901' title='bbox 2787 3075 2907 3136; x_wconf 88' lang='lat' dir='ltr'><strong>vita,</strong></span> <span class='ocrx_word' id='word_1_902' title='bbox 2951 3073 3098 3142; x_wconf 72' lang='lat' dir='ltr'><strong>cujus</strong></span> <span class='ocrx_word' id='word_1_903' title='bbox 3125 3092 3302 3129; x_wconf 87' lang='lat' dir='ltr'><strong>amore</strong></span> <span class='ocrx_word' id='word_1_904' title='bbox 3331 3073 3456 3130; x_wconf 53' lang='lat' dir='ltr'><strong>con;</strong></span> 
     </span>
    </p>
   </div>
   <div class='ocr_carea' id='block_1_118' title="bbox 1927 3142 3457 3212">
    <p class='ocr_par' dir='ltr' id='par_1_118' title="bbox 1927 3142 3457 3212">
     <span class='ocr_line' id='line_1_118' title="bbox 1927 3142 3457 3212; baseline 0.001 -15"><span class='ocrx_word' id='word_1_905' title='bbox 1927 3147 2058 3199; x_wconf 87' lang='lat' dir='ltr'><strong>versi</strong></span> <span class='ocrx_word' id='word_1_906' title='bbox 2101 3142 2451 3210; x_wconf 29' lang='lat' dir='ltr'><strong>spem’saeuli</strong></span> <span class='ocrx_word' id='word_1_907' title='bbox 2485 3142 2833 3212; x_wconf 80' lang='lat' dir='ltr'><strong>reliquerunt,</strong></span> <span class='ocrx_word' id='word_1_908' title='bbox 2876 3154 2928 3195; x_wconf 90' lang='lat' dir='ltr'><strong>et</strong></span> <span class='ocrx_word' id='word_1_909' title='bbox 2967 3160 3029 3197; x_wconf 80' lang='lat' dir='ltr'><strong>ex</strong></span> <span class='ocrx_word' id='word_1_910' title='bbox 3069 3146 3215 3212; x_wconf 88' lang='lat' dir='ltr'><strong>cujus</strong></span> <span class='ocrx_word' id='word_1_911' title='bbox 3255 3147 3457 3212; x_wconf 84' lang='lat' dir='ltr'><strong>proles-</strong></span> 
     </span>
    </p>
   </div>
   <div class='ocr_carea' id='block_1_119' title="bbox 1923 3211 3458 3283">
    <p class='ocr_par' dir='ltr' id='par_1_119' title="bbox 1923 3211 3458 3283">
     <span class='ocr_line' id='line_1_119' title="bbox 1923 3211 3458 3283; baseline 0.001 -16"><span class='ocrx_word' id='word_1_912' title='bbox 1923 3216 2070 3267; x_wconf 90' lang='lat' dir='ltr'><strong>sionc</strong></span> <span class='ocrx_word' id='word_1_913' title='bbox 2115 3216 2178 3266; x_wconf 90' lang='lat' dir='ltr'><strong>ad</strong></span> <span class='ocrx_word' id='word_1_914' title='bbox 2233 3211 2642 3266; x_wconf 83' lang='lat' dir='ltr'><strong>misericordiam</strong></span> <span class='ocrx_word' id='word_1_915' title='bbox 2679 3213 2931 3283; x_wconf 67' lang='lat' dir='ltr'><strong>regenda:</strong></span> <span class='ocrx_word' id='word_1_916' title='bbox 2988 3211 3151 3277; x_wconf 61' lang='lat' dir='ltr'><strong>.Iebis</strong></span> <span class='ocrx_word' id='word_1_917' title='bbox 3195 3211 3458 3283; x_wconf 73' lang='lat' dir='ltr'><strong>&#39;assutnpti</strong></span> 
     </span>
    </p>
   </div>
   <div class='ocr_carea' id='block_1_120' title="bbox 1923 3280 3460 3350">
    <p class='ocr_par' dir='ltr' id='par_1_120' title="bbox 1923 3280 3460 3350">
     <span class='ocr_line' id='line_1_120' title="bbox 1923 3280 3460 3350; baseline 0.001 -13"><span class='ocrx_word' id='word_1_918' title='bbox 1923 3293 2062 3337; x_wconf 86' lang='lat' dir='ltr'><strong>sunt.</strong></span> <span class='ocrx_word' id='word_1_919' title='bbox 2109 3285 2247 3337; x_wconf 87' lang='lat' dir='ltr'><strong>ldetn</strong></span> <span class='ocrx_word' id='word_1_920' title='bbox 2279 3293 2434 3350; x_wconf 77' lang='lat' dir='ltr'><strong>agunt</strong></span> <span class='ocrx_word' id='word_1_921' title='bbox 2463 3283 2514 3332; x_wconf 91' lang='lat' dir='ltr'><strong>in</strong></span> <span class='ocrx_word' id='word_1_922' title='bbox 2534 3280 2791 3350; x_wconf 73' lang='lat' dir='ltr'><strong>omnibus</strong></span> <span class='ocrx_word' id='word_1_923' title='bbox 2819 3284 3062 3348; x_wconf 82' lang='lat' dir='ltr'><strong>Operibus</strong></span> <span class='ocrx_word' id='word_1_924' title='bbox 3093 3286 3235 3348; x_wconf 87' lang='lat' dir='ltr'><strong>suis,</strong></span> <span class='ocrx_word' id='word_1_925' title='bbox 3265 3286 3344 3338; x_wconf 89' lang='lat' dir='ltr'><strong>vel</strong></span> <span class='ocrx_word' id='word_1_926' title='bbox 3386 3280 3460 3338; x_wconf 83' lang='lat' dir='ltr'><strong>la-</strong></span> 
     </span>
    </p>
   </div>
   <div class='ocr_carea' id='block_1_121' title="bbox 1927 3348 3457 3421">
    <p class='ocr_par' dir='ltr' id='par_1_121' title="bbox 1927 3348 3457 3421">
     <span class='ocr_line' id='line_1_121' title="bbox 1927 3348 3457 3421; baseline -0.001 -15"><span class='ocrx_word' id='word_1_927' title='bbox 1927 3350 2160 3416; x_wconf 51' lang='lat' dir='ltr'><strong>boribus,</strong></span> <span class='ocrx_word' id='word_1_928' title='bbox 2200 3363 2253 3405; x_wconf 89' lang='lat' dir='ltr'><strong>ut</strong></span> <span class='ocrx_word' id='word_1_929' title='bbox 2297 3348 2379 3404; x_wconf 81' lang='lat' dir='ltr'><strong>illa</strong></span> <span class='ocrx_word' id='word_1_930' title='bbox 2425 3348 2680 3421; x_wconf 79' lang='lat' dir='ltr'><strong>profeser</strong></span> <span class='ocrx_word' id='word_1_931' title='bbox 2717 3366 2780 3402; x_wconf 80' lang='lat' dir='ltr'><strong>ex</strong></span> <span class='ocrx_word' id='word_1_932' title='bbox 2809 3366 2926 3421; x_wconf 85' lang='lat' dir='ltr'><strong>qua</strong></span> <span class='ocrx_word' id='word_1_933' title='bbox 2964 3367 3021 3404; x_wconf 85' lang='lat' dir='ltr'><strong>se</strong></span> <span class='ocrx_word' id='word_1_934' title='bbox 3064 3364 3457 3421; x_wconf 79' lang='lat' dir='ltr'><strong>converterunt,</strong></span> 
     </span>
    </p>
   </div>
   <div class='ocr_carea' id='block_1_122' title="bbox 1923 3419 3458 3490">
    <p class='ocr_par' dir='ltr' id='par_1_122' title="bbox 1923 3419 3458 3490">
     <span class='ocr_line' id='line_1_122' title="bbox 1923 3419 3458 3490; baseline 0.003 -19"><span class='ocrx_word' id='word_1_935' title='bbox 1923 3424 2041 3490; x_wconf 84' lang='lat' dir='ltr'><strong>quia</strong></span> <span class='ocrx_word' id='word_1_936' title='bbox 2073 3425 2200 3473; x_wconf 77' lang='lat' dir='ltr'><strong>tales</strong></span> <span class='ocrx_word' id='word_1_937' title='bbox 2238 3430 2466 3490; x_wconf 83' lang='lat' dir='ltr'><strong>rectores</strong></span> <span class='ocrx_word' id='word_1_938' title='bbox 2510 3419 2680 3490; x_wconf 80' lang='lat' dir='ltr'><strong>populi</strong></span> <span class='ocrx_word' id='word_1_939' title='bbox 2720 3420 2864 3471; x_wconf 89' lang='lat' dir='ltr'><strong>dedit</strong></span> <span class='ocrx_word' id='word_1_940' title='bbox 2905 3425 3055 3485; x_wconf 90' lang='lat' dir='ltr'><strong>ratio,</strong></span> <span class='ocrx_word' id='word_1_941' title='bbox 3097 3439 3197 3475; x_wconf 87' lang='lat' dir='ltr'><strong>non</strong></span> <span class='ocrx_word' id='word_1_942' title='bbox 3241 3419 3458 3476; x_wconf 85' lang='lat' dir='ltr'><strong>iul&#39;ame-</strong></span> 
     </span>
    </p>
   </div>
   <div class='ocr_carea' id='block_1_123' title="bbox 1926 3488 3457 3556">
    <p class='ocr_par' dir='ltr' id='par_1_123' title="bbox 1926 3488 3457 3556">
     <span class='ocr_line' id='line_1_123' title="bbox 1926 3488 3457 3556; baseline 0 -12"><span class='ocrx_word' id='word_1_943' title='bbox 1926 3488 2027 3552; x_wconf 72' lang='lat' dir='ltr'><strong>tur,</strong></span> <span class='ocrx_word' id='word_1_944' title='bbox 2058 3492 2145 3543; x_wconf 80' lang='lat' dir='ltr'><strong>sed</strong></span> <span class='ocrx_word' id='word_1_945' title='bbox 2188 3491 2379 3542; x_wconf 83' lang='lat' dir='ltr'><strong>clarius</strong></span> <span class='ocrx_word' id='word_1_946' title='bbox 2418 3488 2733 3556; x_wconf 83' lang='lat' dir='ltr'><strong>glorilicetur</strong></span> <span class='ocrx_word' id='word_1_947' title='bbox 2779 3500 3019 3556; x_wconf 86' lang='lat' dir='ltr'><strong>tanquam</strong></span> <span class='ocrx_word' id='word_1_948' title='bbox 3051 3491 3210 3543; x_wconf 88' lang='lat' dir='ltr'><strong>Jacob</strong></span> <span class='ocrx_word' id='word_1_949' title='bbox 3239 3507 3342 3543; x_wconf 91' lang='lat' dir='ltr'><strong>non</strong></span> <span class='ocrx_word' id='word_1_950' title='bbox 3377 3509 3457 3545; x_wconf 88' lang='lat' dir='ltr'><strong>re-</strong></span> 
     </span>
    </p>
   </div>
   <div class='ocr_carea' id='block_1_124' title="bbox 1921 3555 3456 3623">
    <p class='ocr_par' dir='ltr' id='par_1_124' title="bbox 1921 3555 3456 3623">
     <span class='ocr_line' id='line_1_124' title="bbox 1921 3555 3456 3623; baseline -0.001 -11"><span class='ocrx_word' id='word_1_951' title='bbox 1921 3568 2136 3612; x_wconf 83' lang='lat' dir='ltr'><strong>cusante</strong></span> <span class='ocrx_word' id='word_1_952' title='bbox 2167 3571 2367 3612; x_wconf 89' lang='lat' dir='ltr'><strong>noctem</strong></span> <span class='ocrx_word' id='word_1_953' title='bbox 2401 3555 2536 3618; x_wconf 71' lang='lat' dir='ltr'><strong>Luc,</strong></span> <span class='ocrx_word' id='word_1_954' title='bbox 2576 3563 2632 3606; x_wconf 88' lang='lat' dir='ltr'><strong>ut</strong></span> <span class='ocrx_word' id='word_1_955' title='bbox 2669 3555 2860 3608; x_wconf 72' lang='lat' dir='ltr'><strong>Rachel</strong></span> <span class='ocrx_word' id='word_1_956' title='bbox 2888 3555 3058 3623; x_wconf 85' lang='lat' dir='ltr'><strong>pomis</strong></span> <span class='ocrx_word' id='word_1_957' title='bbox 3087 3574 3246 3612; x_wconf 84' lang='lat' dir='ltr'><strong>suave</strong></span> <span class='ocrx_word' id='word_1_958' title='bbox 3273 3563 3456 3612; x_wconf 58' lang='lat' dir='ltr'><strong>olenti.</strong></span> 
     </span>
    </p>
   </div>
   <div class='ocr_carea' id='block_1_125' title="bbox 1923 3628 3456 3694">
    <p class='ocr_par' dir='ltr' id='par_1_125' title="bbox 1923 3628 3456 3694">
     <span class='ocr_line' id='line_1_125' title="bbox 1923 3628 3456 3694; baseline 0 -13"><span class='ocrx_word' id='word_1_959' title='bbox 1923 3631 2017 3681; x_wconf 87' lang='lat' dir='ltr'><strong>bus</strong></span> <span class='ocrx_word' id='word_1_960' title='bbox 2045 3640 2096 3681; x_wconf 88' lang='lat' dir='ltr'><strong>et</strong></span> <span class='ocrx_word' id='word_1_961' title='bbox 2124 3630 2262 3681; x_wconf 85' lang='lat' dir='ltr'><strong>clare</strong></span> <span class='ocrx_word' id='word_1_962' title='bbox 2303 3628 2586 3678; x_wconf 87' lang='lat' dir='ltr'><strong>nitentibus</strong></span> <span class='ocrx_word' id='word_1_963' title='bbox 2631 3628 2871 3688; x_wconf 87' lang='lat' dir='ltr'><strong>potiatur.</strong></span> <span class='ocrx_word' id='word_1_964' title='bbox 2919 3629 3044 3690; x_wconf 64' lang='lat' dir='ltr'><strong>Qute</strong></span> <span class='ocrx_word' id='word_1_965' title='bbox 3084 3629 3365 3694; x_wconf 88' lang='lat' dir='ltr'><strong>aliquando</strong></span> <span class='ocrx_word' id='word_1_966' title='bbox 3407 3644 3456 3682; x_wconf 89' lang='lat' dir='ltr'><strong>et</strong></span> 
     </span>
    </p>
   </div>
   <div class='ocr_carea' id='block_1_126' title="bbox 1924 3695 3455 3766">
    <p class='ocr_par' dir='ltr' id='par_1_126' title="bbox 1924 3695 3455 3766">
     <span class='ocr_line' id='line_1_126' title="bbox 1924 3695 3455 3766; baseline 0 -17"><span class='ocrx_word' id='word_1_967' title='bbox 1924 3697 2030 3764; x_wconf 87' lang='lat' dir='ltr'><strong>ipsa</strong></span> <span class='ocrx_word' id='word_1_968' title='bbox 2063 3705 2312 3766; x_wconf 67' lang='lat' dir='ltr'><strong>praestant</strong></span> <span class='ocrx_word' id='word_1_969' title='bbox 2339 3695 2694 3749; x_wconf 79' lang='lat' dir='ltr'><strong>misericordia</strong></span> <span class='ocrx_word' id='word_1_970' title='bbox 2735 3697 2820 3748; x_wconf 89' lang='lat' dir='ltr'><strong>Dei</strong></span> <span class='ocrx_word' id='word_1_971' title='bbox 2867 3712 2954 3762; x_wconf 89' lang='lat' dir='ltr'><strong>per</strong></span> <span class='ocrx_word' id='word_1_972' title='bbox 2996 3711 3052 3748; x_wconf 89' lang='lat' dir='ltr'><strong>se</strong></span> <span class='ocrx_word' id='word_1_973' title='bbox 3091 3698 3254 3766; x_wconf 80' lang='lat' dir='ltr'><strong>ipsam</strong></span> <span class='ocrx_word' id='word_1_974' title='bbox 3300 3699 3455 3760; x_wconf 83' lang='lat' dir='ltr'><strong>parit,</strong></span> 
     </span>
    </p>
   </div>
   <div class='ocr_carea' id='block_1_127' title="bbox 1925 3764 3456 3835">
    <p class='ocr_par' dir='ltr' id='par_1_127' title="bbox 1925 3764 3456 3835">
     <span class='ocr_line' id='line_1_127' title="bbox 1925 3764 3456 3835; baseline -0.001 -18"><span class='ocrx_word' id='word_1_975' title='bbox 1925 3767 2010 3818; x_wconf 78' lang='lat' dir='ltr'><strong>vix</strong></span> <span class='ocrx_word' id='word_1_976' title='bbox 2045 3764 2248 3819; x_wconf 82' lang='lat' dir='ltr'><strong>tandem</strong></span> <span class='ocrx_word' id='word_1_977' title='bbox 2280 3767 2487 3833; x_wconf 89' lang='lat' dir='ltr'><strong>quidem</strong></span> <span class='ocrx_word' id='word_1_978' title='bbox 2513 3769 2640 3835; x_wconf 70' lang='lat' dir='ltr'><strong>quia</strong></span> <span class='ocrx_word' id='word_1_979' title='bbox 2663 3779 2931 3832; x_wconf 78' lang='lat' dir='ltr'><strong>pert-arum</strong></span> <span class='ocrx_word' id='word_1_980' title='bbox 2963 3775 3060 3828; x_wconf 86' lang='lat' dir='ltr'><strong>est,</strong></span> <span class='ocrx_word' id='word_1_981' title='bbox 3093 3776 3145 3818; x_wconf 88' lang='lat' dir='ltr'><strong>ut</strong></span> <span class='ocrx_word' id='word_1_982' title='bbox 3177 3782 3188 3816; x_wconf 85' lang='lat'>:</span> <span class='ocrx_word' id='word_1_983' title='bbox 3226 3764 3286 3817; x_wconf 85' lang='lat' dir='ltr'><strong>In</strong></span> <span class='ocrx_word' id='word_1_984' title='bbox 3315 3772 3456 3835; x_wconf 66' lang='lat' dir='ltr'><strong>prin.</strong></span> 
     </span>
    </p>
   </div>
   <div class='ocr_carea' id='block_1_128' title="bbox 1923 3832 3456 3905">
    <p class='ocr_par' dir='ltr' id='par_1_128' title="bbox 1923 3832 3456 3905">
     <span class='ocr_line' id='line_1_128' title="bbox 1923 3832 3456 3905; baseline 0.002 -19"><span class='ocrx_word' id='word_1_985' title='bbox 1923 3837 2049 3901; x_wconf 89' lang='lat' dir='ltr'><strong>cipia</strong></span> <span class='ocrx_word' id='word_1_986' title='bbox 2090 3848 2192 3887; x_wconf 85' lang='lat' dir='ltr'><strong>erat</strong></span> <span class='ocrx_word' id='word_1_987' title='bbox 2218 3832 2559 3905; x_wconf 48' lang='lat' dir='ltr'><strong>_Ycrbum._et</strong></span> <span class='ocrx_word' id='word_1_988' title='bbox 2604 3832 2817 3886; x_wconf 84' lang='lat' dir='ltr'><strong>Verbum</strong></span> <span class='ocrx_word' id='word_1_989' title='bbox 2860 3846 2963 3888; x_wconf 85' lang='lat' dir='ltr'><strong>erat</strong></span> <span class='ocrx_word' id='word_1_990' title='bbox 3003 3838 3138 3905; x_wconf 83' lang='lat' dir='ltr'><strong>apud</strong></span> <span class='ocrx_word' id='word_1_991' title='bbox 3183 3832 3364 3902; x_wconf 77' lang='lat' dir='ltr'><strong>Deum,</strong></span> <span class='ocrx_word' id='word_1_992' title='bbox 3410 3850 3456 3889; x_wconf 78' lang='lat' dir='ltr'><strong>et</strong></span> 
     </span>
    </p>
   </div>
   <div class='ocr_carea' id='block_1_129' title="bbox 1926 3874 3453 3973">
    <p class='ocr_par' dir='ltr' id='par_1_129' title="bbox 1926 3874 3453 3973">
     <span class='ocr_line' id='line_1_129' title="bbox 1926 3874 3453 3973; baseline 0.002 -17"><span class='ocrx_word' id='word_1_993' title='bbox 1926 3874 2054 3956; x_wconf 63' lang='grc' dir='ltr'><strong>ΒΖὲέ</strong></span> <span class='ocrx_word' id='word_1_994' title='bbox 2078 3874 2191 3956; x_wconf 53' lang='lat' dir='ltr'><strong>Et}?</strong></span> <span class='ocrx_word' id='word_1_995' title='bbox 2217 3874 2834 3972; x_wconf 57' lang='grc' dir='ltr'><strong>έεὶὶνίιᾘ’ῐ]ἵαιὶ.”ι’)ἷ”ιξι</strong></span> <span class='ocrx_word' id='word_1_996' title='bbox 2860 3874 3137 3973; x_wconf 67' lang='grc' dir='ltr'><strong>ἱίὶἱῖιιίῖἷῖἷξῖ</strong></span> <span class='ocrx_word' id='word_1_997' title='bbox 3156 3874 3364 3959; x_wconf 65' lang='grc' dir='ltr'><strong>«ιζ’ῖὶὶὶἓ</strong></span> <span class='ocrx_word' id='word_1_998' title='bbox 3399 3874 3453 3959; x_wconf 59' lang='lat' dir='ltr'><strong>Fr;</strong></span> 
     </span>
    </p>
   </div>
   <div class='ocr_carea' id='block_1_130' title="bbox 1925 3973 3453 4042">
    <p class='ocr_par' dir='ltr' id='par_1_130' title="bbox 1925 3973 3453 4042">
     <span class='ocr_line' id='line_1_130' title="bbox 1925 3973 3453 4042; baseline 0.001 -16"><span class='ocrx_word' id='word_1_999' title='bbox 1925 3977 2006 4042; x_wconf 88' lang='lat' dir='ltr'><strong>pie</strong></span> <span class='ocrx_word' id='word_1_1000' title='bbox 2035 3976 2394 4042; x_wconf 81' lang='lat' dir='ltr'><strong>Sapienterque</strong></span> <span class='ocrx_word' id='word_1_1001' title='bbox 2425 3973 2628 4042; x_wconf 85' lang='lat' dir='ltr'><strong>dicitur,</strong></span> <span class='ocrx_word' id='word_1_1002' title='bbox 2658 3983 2709 4024; x_wconf 90' lang='lat' dir='ltr'><strong>et</strong></span> <span class='ocrx_word' id='word_1_1003' title='bbox 2739 3976 2850 4027; x_wconf 85' lang='lat' dir='ltr'><strong>sine</strong></span> <span class='ocrx_word' id='word_1_1004' title='bbox 2879 3979 3237 4042; x_wconf 84' lang='lat' dir='ltr'><strong>phantasmate</strong></span> <span class='ocrx_word' id='word_1_1005' title='bbox 3267 3989 3453 4028; x_wconf 81' lang='lat' dir='ltr'><strong>carna-</strong></span> 
     </span>
    </p>
   </div>
   <div class='ocr_carea' id='block_1_131' title="bbox 1924 4041 3444 4111">
    <p class='ocr_par' dir='ltr' id='par_1_131' title="bbox 1924 4041 3444 4111">
     <span class='ocr_line' id='line_1_131' title="bbox 1924 4041 3444 4111; baseline 0.001 -16"><span class='ocrx_word' id='word_1_1006' title='bbox 1924 4041 1987 4097; x_wconf 90' lang='lat' dir='ltr'><strong>lts</strong></span> <span class='ocrx_word' id='word_1_1007' title='bbox 2022 4041 2346 4111; x_wconf 81' lang='lat' dir='ltr'><strong>cogitationis</strong></span> <span class='ocrx_word' id='word_1_1008' title='bbox 2383 4051 2434 4093; x_wconf 83' lang='lat' dir='ltr'><strong>ct</strong></span> <span class='ocrx_word' id='word_1_1009' title='bbox 2463 4041 2852 4111; x_wconf 72' lang='lat' dir='ltr'><strong>salubriterch</strong></span> <span class='ocrx_word' id='word_1_1010' title='bbox 2883 4041 2952 4094; x_wconf 79' lang='lat' dir='ltr'><strong>ex</strong></span> <span class='ocrx_word' id='word_1_1011' title='bbox 2995 4054 3139 4108; x_wconf 87' lang='lat' dir='ltr'><strong>parte</strong></span> <span class='ocrx_word' id='word_1_1012' title='bbox 3191 4045 3444 4108; x_wconf 89' lang='lat' dir='ltr'><strong>capiatur.</strong></span> 
     </span>
    </p>
   </div>
   <div class='ocr_carea' id='block_1_132' title="bbox 1923 4110 3448 4179">
    <p class='ocr_par' dir='ltr' id='par_1_132' title="bbox 1923 4110 3448 4179">
     <span class='ocr_line' id='line_1_132' title="bbox 1923 4110 3448 4179; baseline -0.001 -14"><span class='ocrx_word' id='word_1_1013' title='bbox 1923 4115 2038 4165; x_wconf 86' lang='lat' dir='ltr'><strong>Alio</strong></span> <span class='ocrx_word' id='word_1_1014' title='bbox 2066 4110 2268 4179; x_wconf 84' lang='lat' dir='ltr'><strong>quoque</strong></span> <span class='ocrx_word' id='word_1_1015' title='bbox 2296 4125 2452 4163; x_wconf 88' lang='lat' dir='ltr'><strong>sensu</strong></span> <span class='ocrx_word' id='word_1_1016' title='bbox 2492 4113 2630 4162; x_wconf 82' lang='lat' dir='ltr'><strong>Liam</strong></span> <span class='ocrx_word' id='word_1_1017' title='bbox 2663 4122 2713 4162; x_wconf 90' lang='lat' dir='ltr'><strong>et</strong></span> <span class='ocrx_word' id='word_1_1018' title='bbox 2754 4110 2946 4163; x_wconf 77' lang='lat' dir='ltr'><strong>Rachel</strong></span> <span class='ocrx_word' id='word_1_1019' title='bbox 2978 4112 3270 4164; x_wconf 77' lang='lat' dir='ltr'><strong>Vicrorinus</strong></span> <span class='ocrx_word' id='word_1_1020' title='bbox 3311 4126 3448 4163; x_wconf 84' lang='lat' dir='ltr'><strong>mar-</strong></span> 
     </span>
    </p>
   </div>
   <div class='ocr_carea' id='block_1_133' title="bbox 1924 4180 3448 4250">
    <p class='ocr_par' dir='ltr' id='par_1_133' title="bbox 1924 4180 3448 4250">
     <span class='ocr_line' id='line_1_133' title="bbox 1924 4180 3448 4250; baseline -0.002 -15"><span class='ocrx_word' id='word_1_1021' title='bbox 1924 4193 2023 4250; x_wconf 83' lang='lat' dir='ltr'><strong>tyr,</strong></span> <span class='ocrx_word' id='word_1_1022' title='bbox 2060 4192 2111 4234; x_wconf 93' lang='lat' dir='ltr'><strong>et</strong></span> <span class='ocrx_word' id='word_1_1023' title='bbox 2146 4181 2320 4232; x_wconf 66' lang='lat' dir='ltr'><strong>caeteri</strong></span> <span class='ocrx_word' id='word_1_1024' title='bbox 2360 4180 2411 4232; x_wconf 91' lang='lat' dir='ltr'><strong>in</strong></span> <span class='ocrx_word' id='word_1_1025' title='bbox 2448 4180 2834 4250; x_wconf 64' lang='lat' dir='ltr'><strong>similitudinem</strong></span> <span class='ocrx_word' id='word_1_1026' title='bbox 2881 4181 3126 4234; x_wconf 73' lang='lat' dir='ltr'><strong>Ecclesia:</strong></span> <span class='ocrx_word' id='word_1_1027' title='bbox 3163 4183 3239 4233; x_wconf 89' lang='lat' dir='ltr'><strong>vel</strong></span> <span class='ocrx_word' id='word_1_1028' title='bbox 3277 4180 3448 4250; x_wconf 79' lang='lat' dir='ltr'><strong>Syna-</strong></span> 
     </span>
    </p>
   </div>
   <div class='ocr_carea' id='block_1_134' title="bbox 1921 4246 3452 4320">
    <p class='ocr_par' dir='ltr' id='par_1_134' title="bbox 1921 4246 3452 4320">
     <span class='ocr_line' id='line_1_134' title="bbox 1921 4246 3452 4320; baseline 0 -18"><span class='ocrx_word' id='word_1_1029' title='bbox 1921 4246 2066 4320; x_wconf 53' lang='grc' dir='ltr'><strong>ἐθίζω</strong></span> <span class='ocrx_word' id='word_1_1030' title='bbox 2097 4251 2415 4318; x_wconf 87' lang='lat' dir='ltr'><strong>interpretati</strong></span> <span class='ocrx_word' id='word_1_1031' title='bbox 2437 4257 2580 4320; x_wconf 77' lang='lat' dir='ltr'><strong>sunt.</strong></span> <span class='ocrx_word' id='word_1_1032' title='bbox 2606 4246 2746 4320; x_wconf 69' lang='lat' dir='ltr'><strong>lnam</strong></span> <span class='ocrx_word' id='word_1_1033' title='bbox 2771 4251 2908 4302; x_wconf 89' lang='lat' dir='ltr'><strong>enim</strong></span> <span class='ocrx_word' id='word_1_1034' title='bbox 2941 4250 3103 4318; x_wconf 75' lang='lat' dir='ltr'><strong>major</strong></span> <span class='ocrx_word' id='word_1_1035' title='bbox 3133 4261 3254 4302; x_wconf 88' lang='lat' dir='ltr'><strong>natu</strong></span> <span class='ocrx_word' id='word_1_1036' title='bbox 3284 4246 3452 4318; x_wconf 43' lang='lat' dir='ltr'><strong>Sina-</strong></span> 
     </span>
    </p>
   </div>
   <div class='ocr_carea' id='block_1_135' title="bbox 1923 4316 3446 4388">
    <p class='ocr_par' dir='ltr' id='par_1_135' title="bbox 1923 4316 3446 4388">
     <span class='ocr_line' id='line_1_135' title="bbox 1923 4316 3446 4388; baseline 0.002 -19"><span class='ocrx_word' id='word_1_1037' title='bbox 1923 4316 2065 4388; x_wconf 68' lang='lat' dir='ltr'><strong>goga:</strong></span> <span class='ocrx_word' id='word_1_1038' title='bbox 2106 4316 2331 4373; x_wconf 84' lang='lat' dir='ltr'><strong>tenuisse</strong></span> <span class='ocrx_word' id='word_1_1039' title='bbox 2369 4316 2733 4388; x_wconf 75' lang='lat' dir='ltr'><strong>exishmabant</strong></span> <span class='ocrx_word' id='word_1_1040' title='bbox 2773 4326 2984 4387; x_wconf 81' lang='lat' dir='ltr'><strong>typum,</strong></span> <span class='ocrx_word' id='word_1_1041' title='bbox 3024 4316 3143 4386; x_wconf 84' lang='lat' dir='ltr'><strong>quia</strong></span> <span class='ocrx_word' id='word_1_1042' title='bbox 3183 4316 3446 4388; x_wconf 35' lang='lat' dir='ltr'><strong>prior—Dei</strong></span> 
     </span>
    </p>
   </div>
   <div class='ocr_carea' id='block_1_136' title="bbox 1924 4385 3444 4456">
    <p class='ocr_par' dir='ltr' id='par_1_136' title="bbox 1924 4385 3444 4456">
     <span class='ocr_line' id='line_1_136' title="bbox 1924 4385 3444 4456; baseline -0.004 -15"><span class='ocrx_word' id='word_1_1043' title='bbox 1924 4385 2098 4456; x_wconf 64' lang='lat' dir='ltr'><strong>genuit</strong></span> <span class='ocrx_word' id='word_1_1044' title='bbox 2137 4392 2408 4456; x_wconf 79' lang='lat' dir='ltr'><strong>papulum,</strong></span> <span class='ocrx_word' id='word_1_1045' title='bbox 2451 4396 2500 4438; x_wconf 90' lang='lat' dir='ltr'><strong>et</strong></span> <span class='ocrx_word' id='word_1_1046' title='bbox 2537 4385 2742 4456; x_wconf 81' lang='lat' dir='ltr'><strong>quidem</strong></span> <span class='ocrx_word' id='word_1_1047' title='bbox 2781 4385 2944 4439; x_wconf 73' lang='lat' dir='ltr'><strong>oculis</strong></span> <span class='ocrx_word' id='word_1_1048' title='bbox 2972 4385 3444 4456; x_wconf 34' lang='lat' dir='ltr'><strong>&#39;legitur’gravidi,</strong></span> 
     </span>
    </p>
   </div>
   <div class='ocr_carea' id='block_1_137' title="bbox 1921 4453 3449 4526">
    <p class='ocr_par' dir='ltr' id='par_1_137' title="bbox 1921 4453 3449 4526">
     <span class='ocr_line' id='line_1_137' title="bbox 1921 4453 3449 4526; baseline 0.003 -17"><span class='ocrx_word' id='word_1_1049' title='bbox 1921 4453 2038 4526; x_wconf 74' lang='lat' dir='ltr'><strong>quia</strong></span> <span class='ocrx_word' id='word_1_1050' title='bbox 2085 4453 2165 4511; x_wconf 74' lang='lat' dir='ltr'><strong>lex</strong></span> <span class='ocrx_word' id='word_1_1051' title='bbox 2207 4453 2300 4524; x_wconf 87' lang='lat' dir='ltr'><strong>per</strong></span> <span class='ocrx_word' id='word_1_1052' title='bbox 2345 4457 2551 4522; x_wconf 83' lang='lat' dir='ltr'><strong>Moysen</strong></span> <span class='ocrx_word' id='word_1_1053' title='bbox 2590 4455 2726 4517; x_wconf 85' lang='lat' dir='ltr'><strong>data,</strong></span> <span class='ocrx_word' id='word_1_1054' title='bbox 2763 4461 2906 4526; x_wconf 78' lang='lat' dir='ltr'><strong>quod</strong></span> <span class='ocrx_word' id='word_1_1055' title='bbox 2945 4453 3125 4523; x_wconf 76' lang='lat' dir='ltr'><strong>operta</strong></span> <span class='ocrx_word' id='word_1_1056' title='bbox 3172 4453 3254 4510; x_wconf 73' lang='lat' dir='ltr'><strong>est</strong></span> <span class='ocrx_word' id='word_1_1057' title='bbox 3295 4467 3449 4525; x_wconf 84' lang='lat' dir='ltr'><strong>atque</strong></span> 
     </span>
    </p>
   </div>
   <div class='ocr_carea' id='block_1_138' title="bbox 1919 4525 3450 4594">
    <p class='ocr_par' dir='ltr' id='par_1_138' title="bbox 1919 4525 3450 4594">
     <span class='ocr_line' id='line_1_138' title="bbox 1919 4525 3450 4594; baseline 0.001 -16"><span class='ocrx_word' id='word_1_1058' title='bbox 1919 4525 2136 4592; x_wconf 81' lang='lat' dir='ltr'><strong>signata.</strong></span> <span class='ocrx_word' id='word_1_1059' title='bbox 2193 4526 2385 4577; x_wconf 82' lang='lat' dir='ltr'><strong>ttachel</strong></span> <span class='ocrx_word' id='word_1_1060' title='bbox 2439 4534 2610 4594; x_wconf 81' lang='lat' dir='ltr'><strong>autem</strong></span> <span class='ocrx_word' id='word_1_1061' title='bbox 2664 4525 2838 4594; x_wconf 80' lang='lat' dir='ltr'><strong>jltlllOl‘</strong></span> <span class='ocrx_word' id='word_1_1062' title='bbox 2887 4534 2938 4575; x_wconf 91' lang='lat' dir='ltr'><strong>et</strong></span> <span class='ocrx_word' id='word_1_1063' title='bbox 2993 4527 3246 4590; x_wconf 85' lang='lat' dir='ltr'><strong>pulchra,</strong></span> <span class='ocrx_word' id='word_1_1064' title='bbox 3308 4533 3450 4594; x_wconf 88' lang='lat' dir='ltr'><strong>prius</strong></span> 
     </span>
    </p>
   </div>
   <div class='ocr_carea' id='block_1_139' title="bbox 1918 4591 3448 4663">
    <p class='ocr_par' dir='ltr' id='par_1_139' title="bbox 1918 4591 3448 4663">
     <span class='ocr_line' id='line_1_139' title="bbox 1918 4591 3448 4663; baseline -0.001 -14"><span class='ocrx_word' id='word_1_1065' title='bbox 1918 4591 2107 4649; x_wconf 80' lang='lat' dir='ltr'><strong>Sterilis</strong></span> <span class='ocrx_word' id='word_1_1066' title='bbox 2134 4607 2183 4649; x_wconf 87' lang='lat' dir='ltr'><strong>et</strong></span> <span class='ocrx_word' id='word_1_1067' title='bbox 2217 4593 2544 4663; x_wconf 84' lang='lat' dir='ltr'><strong>postmodum</strong></span> <span class='ocrx_word' id='word_1_1068' title='bbox 2575 4591 2810 4654; x_wconf 75' lang='lat' dir='ltr'><strong>iecorrda,</strong></span> <span class='ocrx_word' id='word_1_1069' title='bbox 2843 4594 3124 4647; x_wconf 79' lang='lat' dir='ltr'><strong>similitudo</strong></span> <span class='ocrx_word' id='word_1_1070' title='bbox 3153 4606 3231 4648; x_wconf 86' lang='lat' dir='ltr'><strong>est</strong></span> <span class='ocrx_word' id='word_1_1071' title='bbox 3270 4591 3448 4649; x_wconf 81' lang='lat' dir='ltr'><strong>Eccle-</strong></span> 
     </span>
    </p>
   </div>
   <div class='ocr_carea' id='block_1_140' title="bbox 1917 4663 3448 4732">
    <p class='ocr_par' dir='ltr' id='par_1_140' title="bbox 1917 4663 3448 4732">
     <span class='ocr_line' id='line_1_140' title="bbox 1917 4663 3448 4732; baseline 0 -15"><span class='ocrx_word' id='word_1_1072' title='bbox 1917 4665 2029 4717; x_wconf 69' lang='lat' dir='ltr'><strong>site.</strong></span> <span class='ocrx_word' id='word_1_1073' title='bbox 2070 4663 2270 4725; x_wconf 83' lang='lat' dir='ltr'><strong>Junior,</strong></span> <span class='ocrx_word' id='word_1_1074' title='bbox 2303 4667 2420 4731; x_wconf 88' lang='lat' dir='ltr'><strong>quia</strong></span> <span class='ocrx_word' id='word_1_1075' title='bbox 2461 4673 2690 4724; x_wconf 83' lang='lat' dir='ltr'><strong>tempore</strong></span> <span class='ocrx_word' id='word_1_1076' title='bbox 2732 4673 3015 4726; x_wconf 79' lang='lat' dir='ltr'><strong>posterior;</strong></span> <span class='ocrx_word' id='word_1_1077' title='bbox 3058 4667 3293 4731; x_wconf 78' lang='lat' dir='ltr'><strong>pulchra,</strong></span> <span class='ocrx_word' id='word_1_1078' title='bbox 3326 4669 3448 4732; x_wconf 89' lang='lat' dir='ltr'><strong>quia</strong></span> 
     </span>
    </p>
   </div>
   <div class='ocr_carea' id='block_1_141' title="bbox 1916 4733 3446 4800">
    <p class='ocr_par' dir='ltr' id='par_1_141' title="bbox 1916 4733 3446 4800">
     <span class='ocr_line' id='line_1_141' title="bbox 1916 4733 3446 4800; baseline -0.001 -14"><span class='ocrx_word' id='word_1_1079' title='bbox 1916 4748 2136 4800; x_wconf 80' lang='lat' dir='ltr'><strong>Corpo.‘e</strong></span> <span class='ocrx_word' id='word_1_1080' title='bbox 2183 4743 2234 4786; x_wconf 85' lang='lat' dir='ltr'><strong>et</strong></span> <span class='ocrx_word' id='word_1_1081' title='bbox 2281 4734 2476 4798; x_wconf 90' lang='lat' dir='ltr'><strong>Spiritu</strong></span> <span class='ocrx_word' id='word_1_1082' title='bbox 2524 4743 2706 4782; x_wconf 87' lang='lat' dir='ltr'><strong>sancto</strong></span> <span class='ocrx_word' id='word_1_1083' title='bbox 2753 4733 2885 4784; x_wconf 79' lang='lat' dir='ltr'><strong>oculi</strong></span> <span class='ocrx_word' id='word_1_1084' title='bbox 2937 4734 3047 4799; x_wconf 89' lang='lat' dir='ltr'><strong>ejus</strong></span> <span class='ocrx_word' id='word_1_1085' title='bbox 3095 4734 3304 4795; x_wconf 88' lang='lat' dir='ltr'><strong>decori,</strong></span> <span class='ocrx_word' id='word_1_1086' title='bbox 3358 4736 3446 4799; x_wconf 84' lang='lat' dir='ltr'><strong>qui</strong></span> 
     </span>
    </p>
   </div>
   <div class='ocr_carea' id='block_1_142' title="bbox 1919 4802 3441 4868">
    <p class='ocr_par' dir='ltr' id='par_1_142' title="bbox 1919 4802 3441 4868">
     <span class='ocr_line' id='line_1_142' title="bbox 1919 4802 3441 4868; baseline -0.002 -14"><span class='ocrx_word' id='word_1_1087' title='bbox 1919 4802 2255 4867; x_wconf 81' lang='lat' dir='ltr'><strong>Evangelium</strong></span> <span class='ocrx_word' id='word_1_1088' title='bbox 2294 4814 2590 4868; x_wconf 79' lang='lat' dir='ltr'><strong>perspicere</strong></span> <span class='ocrx_word' id='word_1_1089' title='bbox 2628 4810 2945 4853; x_wconf 87' lang='lat' dir='ltr'><strong>rueruerunt.</strong></span> <span class='ocrx_word' id='word_1_1090' title='bbox 2984 4803 3109 4864; x_wconf 69' lang='lat' dir='ltr'><strong>Qua:</strong></span> <span class='ocrx_word' id='word_1_1091' title='bbox 3136 4803 3291 4852; x_wconf 89' lang='lat' dir='ltr'><strong>etiarn</strong></span> <span class='ocrx_word' id='word_1_1092' title='bbox 3327 4810 3441 4851; x_wconf 85' lang='lat' dir='ltr'><strong>tarr-</strong></span> 
     </span>
    </p>
   </div>
   <div class='ocr_carea' id='block_1_143' title="bbox 1917 4868 3440 4938">
    <p class='ocr_par' dir='ltr' id='par_1_143' title="bbox 1917 4868 3440 4938">
     <span class='ocr_line' id='line_1_143' title="bbox 1917 4868 3440 4938; baseline -0.001 -15"><span class='ocrx_word' id='word_1_1093' title='bbox 1917 4873 2004 4923; x_wconf 88' lang='lat' dir='ltr'><strong>diu</strong></span> <span class='ocrx_word' id='word_1_1094' title='bbox 2031 4873 2218 4922; x_wconf 85' lang='lat' dir='ltr'><strong>sterilis</strong></span> <span class='ocrx_word' id='word_1_1095' title='bbox 2249 4869 2337 4922; x_wconf 77' lang='lat' dir='ltr'><strong>fuit</strong></span> <span class='ocrx_word' id='word_1_1096' title='bbox 2359 4910 2372 4931; x_wconf 92' lang='lat'><strong>,</strong></span> <span class='ocrx_word' id='word_1_1097' title='bbox 2403 4885 2671 4936; x_wconf 62' lang='lat' dir='ltr'><strong>quousque</strong></span> <span class='ocrx_word' id='word_1_1098' title='bbox 2700 4868 2966 4938; x_wconf 83' lang='lat' dir='ltr'><strong>Synagoga</strong></span> <span class='ocrx_word' id='word_1_1099' title='bbox 2999 4872 3244 4937; x_wconf 87' lang='lat' dir='ltr'><strong>populum</strong></span> <span class='ocrx_word' id='word_1_1100' title='bbox 3283 4882 3440 4936; x_wconf 80' lang='lat' dir='ltr'><strong>gene-</strong></span> 
     </span>
    </p>
   </div>
   <div class='ocr_carea' id='block_1_144' title="bbox 1915 4938 3441 5006">
    <p class='ocr_par' dir='ltr' id='par_1_144' title="bbox 1915 4938 3441 5006">
     <span class='ocr_line' id='line_1_144' title="bbox 1915 4938 3441 5006; baseline -0.001 -15"><span class='ocrx_word' id='word_1_1101' title='bbox 1915 4942 2081 4991; x_wconf 89' lang='lat' dir='ltr'><strong>rabat.</strong></span> <span class='ocrx_word' id='word_1_1102' title='bbox 2134 4938 2238 4992; x_wconf 85' lang='lat' dir='ltr'><strong>Cur</strong></span> <span class='ocrx_word' id='word_1_1103' title='bbox 2289 4948 2461 4998; x_wconf 82' lang='lat' dir='ltr'><strong>autem</strong></span> <span class='ocrx_word' id='word_1_1104' title='bbox 2511 4939 2670 5006; x_wconf 65' lang='lat' dir='ltr'><strong>Jacub</strong></span> <span class='ocrx_word' id='word_1_1105' title='bbox 2722 4953 2812 5006; x_wconf 89' lang='lat' dir='ltr'><strong>pro</strong></span> <span class='ocrx_word' id='word_1_1106' title='bbox 2863 4943 3050 4991; x_wconf 73' lang='lat' dir='ltr'><strong>ltaclrel</strong></span> <span class='ocrx_word' id='word_1_1107' title='bbox 3103 4949 3342 4999; x_wconf 83' lang='lat' dir='ltr'><strong>servrvrt,</strong></span> <span class='ocrx_word' id='word_1_1108' title='bbox 3389 4950 3441 4990; x_wconf 88' lang='lat' dir='ltr'><strong>et</strong></span> 
     </span>
    </p>
   </div>
   <div class='ocr_carea' id='block_1_145' title="bbox 1915 5005 3440 5076">
    <p class='ocr_par' dir='ltr' id='par_1_145' title="bbox 1915 5005 3440 5076">
     <span class='ocr_line' id='line_1_145' title="bbox 1915 5005 3440 5076; baseline -0.001 -16"><span class='ocrx_word' id='word_1_1109' title='bbox 1915 5009 2222 5074; x_wconf 85' lang='lat' dir='ltr'><strong>supponit-tr</strong></span> <span class='ocrx_word' id='word_1_1110' title='bbox 2268 5012 2313 5059; x_wconf 90' lang='lat' dir='ltr'><strong>ei</strong></span> <span class='ocrx_word' id='word_1_1111' title='bbox 2364 5008 2451 5059; x_wconf 77' lang='lat' dir='ltr'><strong>Lra</strong></span> <span class='ocrx_word' id='word_1_1112' title='bbox 2507 5005 2691 5073; x_wconf 83' lang='lat' dir='ltr'><strong>major,</strong></span> <span class='ocrx_word' id='word_1_1113' title='bbox 2745 5007 2840 5059; x_wconf 77' lang='lat' dir='ltr'><strong>nisi</strong></span> <span class='ocrx_word' id='word_1_1114' title='bbox 2890 5022 3006 5076; x_wconf 72' lang='lat' dir='ltr'><strong>quia</strong></span> <span class='ocrx_word' id='word_1_1115' title='bbox 3063 5008 3327 5069; x_wconf 88' lang='lat' dir='ltr'><strong>Dominus,</strong></span> <span class='ocrx_word' id='word_1_1116' title='bbox 3385 5016 3440 5058; x_wconf 93' lang='lat' dir='ltr'><strong>ut</strong></span> 
     </span>
    </p>
   </div>
   <div class='ocr_carea' id='block_1_146' title="bbox 1918 5076 3438 5145">
    <p class='ocr_par' dir='ltr' id='par_1_146' title="bbox 1918 5076 3438 5145">
     <span class='ocr_line' id='line_1_146' title="bbox 1918 5076 3438 5145; baseline -0.002 -16"><span class='ocrx_word' id='word_1_1117' title='bbox 1918 5080 2196 5130; x_wconf 63' lang='lat' dir='ltr'><strong>ECClesidlll</strong></span> <span class='ocrx_word' id='word_1_1118' title='bbox 2225 5089 2536 5136; x_wconf 74' lang='lat' dir='ltr'><strong>assumeret,</strong></span> <span class='ocrx_word' id='word_1_1119' title='bbox 2568 5091 2703 5140; x_wconf 83' lang='lat' dir='ltr'><strong>prius</strong></span> <span class='ocrx_word' id='word_1_1120' title='bbox 2736 5078 3057 5145; x_wconf 83' lang='lat' dir='ltr'><strong>Syuagogaiu</strong></span> <span class='ocrx_word' id='word_1_1121' title='bbox 3089 5078 3186 5130; x_wconf 85' lang='lat' dir='ltr'><strong>sibi</strong></span> <span class='ocrx_word' id='word_1_1122' title='bbox 3220 5076 3438 5143; x_wconf 76' lang='lat' dir='ltr'><strong>conjun-</strong></span> 
     </span>
    </p>
   </div>
   <div class='ocr_carea' id='block_1_147' title="bbox 1918 5145 3433 5213">
    <p class='ocr_par' dir='ltr' id='par_1_147' title="bbox 1918 5145 3433 5213">
     <span class='ocr_line' id='line_1_147' title="bbox 1918 5145 3433 5213; baseline -0.001 -14"><span class='ocrx_word' id='word_1_1123' title='bbox 1918 5158 2008 5200; x_wconf 84' lang='lat' dir='ltr'><strong>rut.</strong></span> <span class='ocrx_word' id='word_1_1124' title='bbox 2055 5148 2289 5199; x_wconf 81' lang='lat' dir='ltr'><strong>Servitus</strong></span> <span class='ocrx_word' id='word_1_1125' title='bbox 2337 5146 2510 5213; x_wconf 85' lang='lat' dir='ltr'><strong>itaque</strong></span> <span class='ocrx_word' id='word_1_1126' title='bbox 2537 5146 2712 5213; x_wconf 72' lang='lat' dir='ltr'><strong>ipsius</strong></span> <span class='ocrx_word' id='word_1_1127' title='bbox 2750 5145 2910 5198; x_wconf 82' lang='lat' dir='ltr'><strong>Jaeob</strong></span> <span class='ocrx_word' id='word_1_1128' title='bbox 2946 5155 3146 5213; x_wconf 87' lang='lat' dir='ltr'><strong>septem</strong></span> <span class='ocrx_word' id='word_1_1129' title='bbox 3185 5160 3433 5197; x_wconf 78' lang='lat' dir='ltr'><strong>annorum</strong></span> 
     </span>
    </p>
   </div>
   <div class='ocr_carea' id='block_1_148' title="bbox 1917 5212 3438 5282">
    <p class='ocr_par' dir='ltr' id='par_1_148' title="bbox 1917 5212 3438 5282">
     <span class='ocr_line' id='line_1_148' title="bbox 1917 5212 3438 5282; baseline 0.001 -18"><span class='ocrx_word' id='word_1_1130' title='bbox 1917 5232 2006 5282; x_wconf 87' lang='lat' dir='ltr'><strong>pro</strong></span> <span class='ocrx_word' id='word_1_1131' title='bbox 2045 5213 2243 5266; x_wconf 84' lang='lat' dir='ltr'><strong>duabus</strong></span> <span class='ocrx_word' id='word_1_1132' title='bbox 2281 5212 2548 5276; x_wconf 72' lang='lat' dir='ltr'><strong>uxoribus,</strong></span> <span class='ocrx_word' id='word_1_1133' title='bbox 2591 5212 2743 5281; x_wconf 87' lang='lat' dir='ltr'><strong>hujus</strong></span> <span class='ocrx_word' id='word_1_1134' title='bbox 2784 5225 2898 5267; x_wconf 76' lang='lat' dir='ltr'><strong>vita:</strong></span> <span class='ocrx_word' id='word_1_1135' title='bbox 2937 5212 3205 5280; x_wconf 73' lang='lat' dir='ltr'><strong>praesentis</strong></span> <span class='ocrx_word' id='word_1_1136' title='bbox 3234 5226 3438 5279; x_wconf 72' lang='lat' dir='ltr'><strong>tempus</strong></span> 
     </span>
    </p>
   </div>
   <div class='ocr_carea' id='block_1_149' title="bbox 1915 5283 3438 5353">
    <p class='ocr_par' dir='ltr' id='par_1_149' title="bbox 1915 5283 3438 5353">
     <span class='ocr_line' id='line_1_149' title="bbox 1915 5283 3438 5353; baseline -0.002 -17"><span class='ocrx_word' id='word_1_1137' title='bbox 1915 5285 2189 5353; x_wconf 76' lang='lat' dir='ltr'><strong>signiﬁcat,</strong></span> <span class='ocrx_word' id='word_1_1138' title='bbox 2215 5283 2333 5348; x_wconf 85' lang='lat' dir='ltr'><strong>quia</strong></span> <span class='ocrx_word' id='word_1_1139' title='bbox 2368 5298 2456 5349; x_wconf 90' lang='lat' dir='ltr'><strong>per</strong></span> <span class='ocrx_word' id='word_1_1140' title='bbox 2473 5292 2679 5353; x_wconf 84' lang='lat' dir='ltr'><strong>septem</strong></span> <span class='ocrx_word' id='word_1_1141' title='bbox 2709 5284 2824 5353; x_wconf 81' lang='lat' dir='ltr'><strong>dies</strong></span> <span class='ocrx_word' id='word_1_1142' title='bbox 2853 5287 3090 5346; x_wconf 87' lang='lat' dir='ltr'><strong>volvitur,</strong></span> <span class='ocrx_word' id='word_1_1143' title='bbox 3125 5287 3173 5335; x_wconf 89' lang='lat' dir='ltr'><strong>in</strong></span> <span class='ocrx_word' id='word_1_1144' title='bbox 3203 5298 3300 5349; x_wconf 86' lang='lat' dir='ltr'><strong>qua</strong></span> <span class='ocrx_word' id='word_1_1145' title='bbox 3338 5283 3438 5333; x_wconf 85' lang='lat' dir='ltr'><strong>Uo-</strong></span> 
     </span>
    </p>
   </div>
   <div class='ocr_carea' id='block_1_150' title="bbox 1915 5351 3438 5419">
    <p class='ocr_par' dir='ltr' id='par_1_150' title="bbox 1915 5351 3438 5419">
     <span class='ocr_line' id='line_1_150' title="bbox 1915 5351 3438 5419; baseline -0.003 -13"><span class='ocrx_word' id='word_1_1146' title='bbox 1915 5351 2080 5406; x_wconf 83' lang='lat' dir='ltr'><strong>miuus</strong></span> <span class='ocrx_word' id='word_1_1147' title='bbox 2109 5351 2320 5417; x_wconf 79' lang='lat' dir='ltr'><strong>formam</strong></span> <span class='ocrx_word' id='word_1_1148' title='bbox 2358 5351 2480 5402; x_wconf 77' lang='lat' dir='ltr'><strong>servi</strong></span> <span class='ocrx_word' id='word_1_1149' title='bbox 2508 5352 2727 5419; x_wconf 63' lang='lat' dir='ltr'><strong>accepit,</strong></span> <span class='ocrx_word' id='word_1_1150' title='bbox 2769 5351 2926 5418; x_wconf 73' lang='lat' dir='ltr'><strong>factus</strong></span> <span class='ocrx_word' id='word_1_1151' title='bbox 2955 5355 3181 5409; x_wconf 62' lang='lat' dir='ltr'><strong>obedienc</strong></span> <span class='ocrx_word' id='word_1_1152' title='bbox 3219 5362 3438 5419; x_wconf 76' lang='lat' dir='ltr'><strong>paterna:</strong></span> 
     </span>
    </p>
   </div>
   <div class='ocr_carea' id='block_1_151' title="bbox 1912 5417 3433 5489">
    <p class='ocr_par' dir='ltr' id='par_1_151' title="bbox 1912 5417 3433 5489">
     <span class='ocr_line' id='line_1_151' title="bbox 1912 5417 3433 5489; baseline -0.005 -13"><span class='ocrx_word' id='word_1_1153' title='bbox 1912 5424 2146 5476; x_wconf 82' lang='lat' dir='ltr'><strong>voluntati</strong></span> <span class='ocrx_word' id='word_1_1154' title='bbox 2178 5436 2330 5489; x_wconf 71' lang='lat' dir='ltr'><strong>usque</strong></span> <span class='ocrx_word' id='word_1_1155' title='bbox 2349 5421 2641 5471; x_wconf 63' lang='lat' dir='ltr'><strong>admonent</strong></span> <span class='ocrx_word' id='word_1_1156' title='bbox 2666 5417 2913 5486; x_wconf 77' lang='lat' dir='ltr'><strong>(Philipp.</strong></span> <span class='ocrx_word' id='word_1_1157' title='bbox 2946 5427 3025 5488; x_wconf 89' lang='grc' dir='ltr'>ιι).</span> <span class='ocrx_word' id='word_1_1158' title='bbox 3064 5423 3148 5473; x_wconf 86' lang='lat' dir='ltr'><strong>Ille</strong></span> <span class='ocrx_word' id='word_1_1159' title='bbox 3173 5417 3312 5489; x_wconf 72' lang='lat' dir='ltr'><strong>enim</strong></span> <span class='ocrx_word' id='word_1_1160' title='bbox 3338 5433 3433 5486; x_wconf 86' lang='lat' dir='ltr'><strong>pro</strong></span> 
     </span>
    </p>
   </div>
   <div class='ocr_carea' id='block_1_152' title="bbox 1911 5487 3437 5553">
    <p class='ocr_par' dir='ltr' id='par_1_152' title="bbox 1911 5487 3437 5553">
     <span class='ocr_line' id='line_1_152' title="bbox 1911 5487 3437 5553; baseline -0.003 -8"><span class='ocrx_word' id='word_1_1161' title='bbox 1911 5495 2092 5545; x_wconf 80' lang='lat' dir='ltr'><strong>ovibus</strong></span> <span class='ocrx_word' id='word_1_1162' title='bbox 2136 5487 2315 5553; x_wconf 70' lang='lat' dir='ltr'><strong>servit,</strong></span> <span class='ocrx_word' id='word_1_1163' title='bbox 2362 5502 2413 5542; x_wconf 89' lang='lat' dir='ltr'><strong>et</strong></span> <span class='ocrx_word' id='word_1_1164' title='bbox 2463 5490 2709 5539; x_wconf 79' lang='lat' dir='ltr'><strong>Dominus</strong></span> <span class='ocrx_word' id='word_1_1165' title='bbox 2742 5504 2932 5553; x_wconf 73' lang='lat' dir='ltr'><strong>_l|0$rel&#39;</strong></span> <span class='ocrx_word' id='word_1_1166' title='bbox 2973 5487 3088 5543; x_wconf 83' lang='lat' dir='ltr'><strong>ait:</strong></span> <span class='ocrx_word' id='word_1_1167' title='bbox 3138 5487 3255 5542; x_wconf 82' lang='lat' dir='ltr'><strong>Non</strong></span> <span class='ocrx_word' id='word_1_1168' title='bbox 3301 5490 3437 5542; x_wconf 73' lang='lat' dir='ltr'><strong>venit</strong></span> 
     </span>
    </p>
   </div>
   <div class='ocr_carea' id='block_1_153' title="bbox 1916 5556 3432 5628">
    <p class='ocr_par' dir='ltr' id='par_1_153' title="bbox 1916 5556 3432 5628">
     <span class='ocr_line' id='line_1_153' title="bbox 1916 5556 3432 5628; baseline -0.002 -15"><span class='ocrx_word' id='word_1_1169' title='bbox 1916 5561 2076 5614; x_wconf 71' lang='lat' dir='ltr'><strong>Filius</strong></span> <span class='ocrx_word' id='word_1_1170' title='bbox 2103 5556 2630 5628; x_wconf 74' lang='lat' dir='ltr'><strong>homininniuistrari,</strong></span> <span class='ocrx_word' id='word_1_1171' title='bbox 2660 5558 2746 5628; x_wconf 70' lang='lat' dir='ltr'><strong>sed</strong></span> <span class='ocrx_word' id='word_1_1172' title='bbox 2775 5560 3052 5612; x_wconf 75' lang='lat' dir='ltr'><strong>ministrare</strong></span> <span class='ocrx_word' id='word_1_1173' title='bbox 3082 5557 3289 5628; x_wconf 69' lang='lat' dir='ltr'><strong>(Matth.</strong></span> <span class='ocrx_word' id='word_1_1174' title='bbox 3322 5563 3432 5628; x_wconf 50' lang='grc' dir='ltr'><strong>ξι).</strong></span> 
     </span>
    </p>
   </div>
   <div class='ocr_carea' id='block_1_154' title="bbox 1913 5625 3438 5698">
    <p class='ocr_par' dir='ltr' id='par_1_154' title="bbox 1913 5625 3438 5698">
     <span class='ocr_line' id='line_1_154' title="bbox 1913 5625 3438 5698; baseline -0.004 -13"><span class='ocrx_word' id='word_1_1175' title='bbox 1913 5633 2000 5685; x_wconf 90' lang='lat' dir='ltr'><strong>llle</strong></span> <span class='ocrx_word' id='word_1_1176' title='bbox 2023 5644 2145 5682; x_wconf 86' lang='lat' dir='ltr'><strong>oves</strong></span> <span class='ocrx_word' id='word_1_1177' title='bbox 2178 5630 2312 5698; x_wconf 81' lang='lat' dir='ltr'><strong>pavit</strong></span> <span class='ocrx_word' id='word_1_1178' title='bbox 2332 5668 2346 5689; x_wconf 91' lang='lat'><strong>,</strong></span> <span class='ocrx_word' id='word_1_1179' title='bbox 2374 5641 2425 5678; x_wconf 88' lang='lat' dir='ltr'><strong>et</strong></span> <span class='ocrx_word' id='word_1_1180' title='bbox 2460 5627 2704 5698; x_wconf 78' lang='lat' dir='ltr'><strong>Dominus</strong></span> <span class='ocrx_word' id='word_1_1181' title='bbox 2731 5626 2782 5678; x_wconf 77' lang='grc' dir='ltr'><strong>ιιι</strong></span> <span class='ocrx_word' id='word_1_1182' title='bbox 2813 5625 3098 5696; x_wconf 71' lang='lat' dir='ltr'><strong>Evangelia</strong></span> <span class='ocrx_word' id='word_1_1183' title='bbox 3120 5626 3244 5680; x_wconf 90' lang='lat' dir='ltr'><strong>dicit.</strong></span> <span class='ocrx_word' id='word_1_1184' title='bbox 3273 5644 3285 5679; x_wconf 88' lang='lat'>:</span> <span class='ocrx_word' id='word_1_1185' title='bbox 3324 5625 3438 5698; x_wconf 83' lang='lat' dir='ltr'><strong>Ego</strong></span> 
     </span>
    </p>
   </div>
   <div class='ocr_carea' id='block_1_155' title="bbox 1911 5694 3446 5764">
    <p class='ocr_par' dir='ltr' id='par_1_155' title="bbox 1911 5694 3446 5764">
     <span class='ocr_line' id='line_1_155' title="bbox 1911 5694 3446 5764; baseline -0.001 -12"><span class='ocrx_word' id='word_1_1186' title='bbox 1911 5717 2018 5758; x_wconf 74' lang='lat' dir='ltr'><strong>sunt</strong></span> <span class='ocrx_word' id='word_1_1187' title='bbox 2062 5694 2230 5764; x_wconf 70' lang='lat' dir='ltr'><strong>patiar</strong></span> <span class='ocrx_word' id='word_1_1188' title='bbox 2271 5696 2428 5749; x_wconf 72' lang='lat' dir='ltr'><strong>bonus</strong></span> <span class='ocrx_word' id='word_1_1189' title='bbox 2470 5694 2639 5764; x_wconf 82' lang='lat' dir='ltr'><strong>(Joan.</strong></span> <span class='ocrx_word' id='word_1_1190' title='bbox 2679 5709 2800 5762; x_wconf 75' lang='lat' dir='ltr'><strong>MV).</strong></span> <span class='ocrx_word' id='word_1_1191' title='bbox 2855 5694 3237 5750; x_wconf 50' lang='lat' dir='ltr'><strong>lllc&#39;mct&#39;ccdis</strong></span> <span class='ocrx_word' id='word_1_1192' title='bbox 3289 5694 3446 5750; x_wconf 60' lang='lat' dir='ltr'><strong>luctu</strong></span> 
     </span>
    </p>
   </div>
  </div>
