3914 6228
269 406 367 459 Sil

1355 398 1801 469 QUIESTlUNES
1844 398 2058 452 SUPER
2099 402 2336 455 GENESI
2351 404 2414 455 Μ.

3355 402 3466 456 3V!

270 529 417 569 retur
447 505 498 569 in.
524 519 739 582 patriam
771 528 936 566 suam.
988 513 1132 564 Tunc
1171 514 1443 582 ignorante
1481 527 1662 564 socero
1694 527 1805 566 suo.
1844 509 1884 564 Δ
1914 525 2149 582 querere
2179 512 2519 582 singulorum.
2549 529 2663 582 cum
2697 515 3060 582 etymologiam
3098 521 3324 570 nominis
3349 533 3441 571 et.

271 601 392 638 cum
437 581 684 637 usuribzis
713 592 764 636 et
787 582 1032 633 comitatu
1064 584 1375 647 properavit.
1428 581 1598 632 Laban
1631 589 1801 632 autem

269 664 585 706 consecutus
615 661 695 705 est
741 666 857 703 eum
907 652 955 701 in
983 660 1156 701 monte
1205 650 1396 701 Galaad
1443 664 1559 700 cum
1609 650 1799 708 furore,

275 733 435 782 atque
467 722 600 773 idola
628 736 746 786 qua:
776 719 964 770 Rachel
998 719 1161 771 furata
1185 729 1290 770 erat
1319 719 1453 780 apud
1486 734 1604 769 eum
1635 720 1804 775 requi-

269 791 418 851 sivit,
452 806 545 842 nec
579 790 821 842 reperit.»
869 788 1000 850 Quid
1032 802 1156 850 ergo
1202 788 1296 838 sibi
1334 787 1430 839 huc
1478 788 1640 850 ipsum
1675 789 1802 849 ligu-

270 861 453 912 raliter
480 859 643 911 velit?
676 859 803 910 Dum
833 858 971 909 enim
1006 857 1175 906 Lalian
1208 855 1444 920 superius
1475 855 1626 906 aliam
1659 866 1804 918 gerat

269 942 573 992 personam,
599 942 730 978 nunc
760 937 928 978 tamen
964 925 1156 976 diaboli
1189 934 1363 979 tvptim
1398 924 1598 992 figurat.
1633 924 1802 974 l.ahan

268 999 461 1061 quippe
491 997 857 1060 interpretatur
889 995 1158 1044 deelbatio.
1194 993 1458 1044 Dealhatio
1489 1001 1660 1042 autem
1689 993 1800 1042 dia-

270 1065 423 1117 bolus
450 1081 548 1117 non
579 1065 1003 1116 inc0nvetiieiitei-
1033 1065 1320 1126 accipitur;
1355 1065 1438 1127 qui
1472 1077 1588 1114 cum
1621 1063 1683 1112 sit
1731 1071 1802 1112 te-

269 1138 530 1184 nebrosus
559 1150 621 1186 ex
652 1134 854 1193 merito,
908 1133 1239 1197 transﬁgurat
1288 1147 1342 1182 se
1373 1132 1512 1183 velut
1561 1130 1801 1195 angelum

268 1203 400 1254 lucis
430 1202 515 1270 (II
546 1200 661 1255 Cor.
691 1203 784 1266 xi).
818 1201 943 1252 lluic
967 1201 1125 1270 servit
1147 1199 1406 1270 Jacohpid
1439 1207 1538 1260 est,
1571 1207 1804 1270 exparte

267 1268 610 1332 reprohoruin
641 1271 884 1322 Jitdaicus
920 1269 1156 1330 populus,
1184 1285 1245 1320 ex
1276 1268 1424 1332 cujus
1447 1281 1604 1319 carne
1633 1268 1803 1318 incar-

268 1352 425 1392 natus
461 1342 708 1392 Dominus
741 1342 897 1393 venit.
930 1339 1102 1390 Potest
1131 1338 1287 1390 etiam
1324 1352 1413 1402 per
1440 1337 1613 1390 Labau
1647 1353 1801 1387 mun-

265 1411 365 1461 εΙιιε
398 1412 472 1461 sic
502 1411 742 1469 exprimi,
789 1409 874 1472 qui
901 1423 1016 1458 cum
1048 1407 1220 1458 furore
1250 1407 1410 1460 Jacoh
1455 1408 1801 1472 persequitur,

263 1480 385 1541 quia
418 1479 612 1529 electos
641 1491 876 1542 quosque
911 1474 998 1542 qui
1032 1475 1393 1538 Redemptoris
1424 1474 1588 1526 nostri
1635 1489 1799 1525 mem-

267 1548 361 1596 bra
411 1556 549 1607 sunt,
601 1545 958 1611 persequendo
1004 1543 1297 1608 opprimere
1345 1554 1579 1595 conatur.
1639 1543 1802 1608 ""le

266 1614 454 1675 filiam,
484 1615 530 1665 id
560 1625 656 1674 est,
690 1615 866 1666 mundi
895 1629 984 1664 seu
1013 1613 1202 1664 diaboli
1235 1611 1396 1664 Jacob
1425 1611 1652 1670 ab~tulit,
1683 1627 1800 1662 cum

265 1684 368 1734 Silii
417 1685 650 1735 Christus
709 1683 998 1736 Ecclesium
1049 1696 1114 1734 ex
1162 1683 1456 1746 gentilitate
1509 1678 1800 1747 conjunxit,

265 1766 425 1815 quam
471 1762 522 1804 et
548 1754 611 1804 de
641 1752 795 1804 domo
830 1751 985 1814 patris
1029 1751 1301 1812 abstrahit,
1349 1751 1469 1816 quia
1493 1751 1537 1802 ei
1573 1764 1661 1813 per
1687 1765 1801 1812 pro-

1914 590 2069 638 ponat
2095 581 2312 650 ipsequi
2344 582 2530 650 posuit.
2586 578 2696 632 Non
2740 578 3007 644 vocabitur,
3051 587 3229 650 inquit,
3264 604 3437 640 nomen

1907 655 2047 699 tuum
2075 647 2251 707 Jacob,
2282 652 2366 701 sed
2401 649 2556 718 Israel
2580 652 2668 700 erit
2692 668 2864 702 nomen
2891 660 3045 704 tuum.
3089 647 3255 718 Quare
3285 657 3441 708 inter-

1909 729 2138 789 pretaiitr
2168 719 2353 779 Aquila
2385 759 2390 765 .
2424 717 2535 772 "Ou
2561 721 2714 789 ἤρξας
2738 725 2862 783 μετά
2891 729 3033 780 Θεοῦ,
3068 717 3408 778 Svmmachus
3433 746 3440 776 :

1902 781 2013 857 :Osi
2036 787 2166 857 ἤρξω
2183 790 2332 855 ἰσχυί
2356 790 2476 857 πρὸς
2500 781 2644 841 Θιόὺς
2673 781 3004 852 Septuaginta
3030 799 3081 842 ct
3099 792 3444 856 Theodotion,

1903 851 2013 908 Ὀτι
2037 851 2304 922 innixus-ai;
2329 851 2454 923 μεὶὰ
2483 864 2625 910 Θεοῦ.
2661 851 2831 910 Sarillt
2858 859 3160 922 eniin,quod
3193 863 3255 913 ab
3287 851 3440 916 Israel

1907 925 2155 995 voeabqu
2188 924 2468 995 derivatur,
2514 924 2796 991 principem
2831 941 2996 980 sonit.
3045 929 3240 982 Sensus
3269 933 3438 995 itaque

1907 991 1989 1064 hic
2021 1001 2101 1044 est
2131 1007 2142 1040 :
2176 993 2392 1064 _Nouien
2426 1004 2566 1064 tuum
2611 1010 2711 1046 non
2745 996 3014 1048 vorabitur
3062 991 3435 1064 supplantator,

1909 1061 2007 1112 hoc
2033 1070 2131 1133 est,
2167 1060 2357 1133 Jacoli;
2390 1063 2778 1133 sciivocabitnr
2811 1079 2995 1116 noinen
3029 1060 3174 1117 tuitui
3207 1070 3442 1133 princeps

1906 1143 2020 1180 cum
2052 1127 2180 1189 Deo,
2223 1131 2317 1202 hoc
2352 1140 2448 1190 est,
2484 1131 2657 1183 Israel.
2715 1132 2982 1198 Quomodo
3024 1135 3160 1187 enim
3207 1127 3443 1202 princeps

1906 1211 2016 1247 sitm
2041 1210 2166 1259 ego,
2191 1200 2266 1248 sic
2294 1207 2343 1249 et
2376 1208 2425 1269 tu
2461 1202 2543 1265 qui
2577 1216 2776 1251 mecum
2825 1203 3002 1254 luctari
3046 1200 3272 1266 potuisti,
3302 1200 3444 1269 prin-

1905 1280 2025 1327 ceps
2046 1269 2347 1337 vocaberis.
2379 1268 2432 1321 Si
2466 1278 2636 1319 autem
2671 1285 2869 1321 mecum
2901 1273 2986 1334 qui
3015 1272 3148 1326 Deus
3171 1268 3312 1337 sum,
3333 1277 3442 1327 slve

1907 1335 2122 1394 30:61“
2152 1339 2677 1408 (quoniam.plerique
2711 1341 2851 1391 varie
2880 1335 3326 1408 interpretantur),
3355 1361 3444 1406 pu.

1905 1416 2061 1468 gnare
2095 1406 2326 1474 potuisti,
2381 1415 2573 1474 quanto
2602 1408 2763 1474 magis
2812 1423 2924 1458 cum
2960 1409 3252 1461 hominibus
3277 1406 3294 1472 ,'
3339 1413 3435 1465 hoc

1904 1485 1985 1523 est
2021 1486 2137 1524 cum
2169 1472 2324 1532 Esau,
2355 1489 2504 1541 quem
2531 1472 2810 1526 formidare
2843 1491 2940 1527 non
2972 1478 3147 1530 ilehes.
3195 1479 3317 1529 lllitd
3346 1495 3433 1530 au-

1908 1549 2010 1592 tem
2038 1544 2174 1607 quod
2210 1541 2258 1593 in
2293 1545 2422 1593 libro
2469 1543 2740 1595 Nominuin
2775 1546 3141 1606 interpretatur
3184 1547 3334 1600 Israel
3369 1553 3439 1599 vir

1905 1610 2072 1659 videns
2108 1610 2282 1681 Deum,
2314 1612 2424 1663 sive
2449 1628 2581 1663 mens
2612 1616 2778 1663 videns
2809 1613 2983 1673 Deum,
3035 1617 3265 1666 omnium
3319 1632 3446 1681 pene

1905 1691 2146 1730 sermone
2177 1679 2439 1738 detritum,
2475 1696 2573 1730 non
2605 1692 2704 1732 tam
2733 1696 2849 1731 vere
2871 1699 3020 1746 quam
3045 1684 3295 1736 violenter
3318 1679 3443 1737 mihi

1907 1747 2299 1809 interpretatum
2344 1748 2570 1803 videtur.
2629 1749 2718 1800 Hii:
2749 1751 2886 1800 enim
2923 1751 3074 1802 ISrael
3109 1768 3198 1816 per
3241 1752 3334 1806 has
3365 1756 3446 1807 lit-

263 1822 478 1884 phetam
505 1822 670 1890 dicit:
705 1819 1000 1890 Obliviscere
1043 1820 1278 1890 popvlum
1312 1829 1474 1890 luunt,
1520 1828 1564 1870 et
1597 1818 1801 1890 domum
1837 1833 1880 1890 Β
1909 1825 2044 1890 teras
2089 1818 2378 1890 scribitur:_
2422 1817 2526 1877 iod,
2560 1819 2653 1890 sin,
2703 1835 2797 1878 res,
2845 1819 3008 1890 aleplt,
3061 1822 3269 1890 lamec/i,
3314 1826 3446 1885 quod

265 1891 427 1949 patris
457 1891 528 1939 tui
551 1887 712 1955 (Psal.
741 1890 900 1952 sLtv).
943 1888 1074 1952 Quid
1104 1902 1226 1939 vero
1257 1889 1305 1940 in
1339 1889 1522 1949 idolis,
1557 1887 1654 1939 nisi
1684 1903 1792 1938 ava-

263 1957 384 2007 ritia
416 1958 731 2018 designatur.
769 1958 913 2011 Unde
939 1972 1028 2022 per
1065 1955 1276 2007 Paulum
1308 1957 1520 2007 dicitur:
1557 1956 1799 2020 Avaritia,

260 2042 376 2089 qua:
416 2037 487 2076 est
529 2026 783 2078 idolorum
835 2028 1042 2078 servitus
1093 2023 1302 2090 (Ep/tes.
1352 2026 1427 2088 v).
1479 2024 1654 2077 Laban
1686 2039 1805 2076 vero

267 2095 488 2147 veniens
519 2098 653 2153 apud
684 2095 848 2147 Jabob
876 2095 1066 2146 idolum
1100 2109 1197 2144 non
1223 2095 1433 2152 invenit,
1463 2095 1604 2159 quia,
1634 2102 1804 2144 osten-

263 2165 345 2212 sis
405 2166 581 2214 mundi
639 2165 910 2221 thesauris.
962 2163 1199 2214 diabolus
1246 2164 1578 2228 Redemptori
1629 2171 1807 2213 nostro

264 2232 483 2297 vestigia
517 2232 946 2294 concupiscentiae
993 2242 1215 2283 terrena:
1256 2232 1448 2296 reperit
1478 2230 1681 2296 (illatth.
1713 2235 1804 2296 tv),

264 2299 362 2352 sed
395 2303 507 2363 quia
540 2301 699 2353 Jaciib
731 2315 831 2352 non
865 2300 1060 2361 habuit,
1102 2316 1160 2352 ea
1195 2299 1387 2352 Rachel
1428 2301 1658 2352 sedendo
1685 2313 1803 2351 coo-

266 2371 460 2430 pi-ruit.
496 2371 589 2421 Per
621 2370 808 2421 Rachel
841 2370 1032 2435 quippe
1054 2410 1066 2430 ,
1102 2384 1214 2436 quin
1245 2371 1356 2421 ovis
1384 2369 1594 2431 dicitur,
1630 2368 1806 2420 Eccle-

265 2439 348 2488 sia
381 2439 646 2501 figuratur.
694 2439 888 2492 Sedere
927 2449 1096 2490 autem
1142 2448 1220 2490 est
1255 2437 1600 2490 humilitatem
1635 2440 1805 2501 pinni—

269 2508 453 2559 tentia:
501 2519 766 2573 appetere,
813 2507 950 2560 sicut
994 2508 1240 2572 scriptum
1289 2517 1406 2560 est:
1442 2508 1648 2574 Surgite
1676 2518 1808 2573 post-

263 2592 420 2638 quam
466 2577 690 2628 sederitis
722 2576 888 2643 (Psal.
918 2577 1115 2641 cum).
1168 2576 1357 2629 Rachel
1403 2591 1524 2643 ergo
1565 2575 1698 2628 idola
1729 2591 1810 2627 εει

265 2645 444 2696 dendo
489 2649 712 2710 Operuit,
758 2647 878 2713 quia
927 2659 1106 2698 saneta
1157 2645 1381 2697 Ecclesia
1430 2646 1689 2697 Christum
1730 2659 1810 2695 se-

266 2728 461 2776 quens,
494 2714 674 2765 vitium
710 2726 930 2768 terrenae
959 2715 1398 2780 concupiscentiae
1430 2729 1521 2779 per
1548 2715 1809 2764 humilita-

268 2795 377 2833 tem
407 2784 726 2848 pmiiitentiaa
751 2785 1038 2848 cooperuit.
1075 2783 1143 2834 De
1169 2783 1260 2833 hac
1281 2783 1646 2848 cooperatione
1669 2783 1810 2833 vitio-

268 2867 385 2903 rum
417 2866 508 2916 per
536 2854 834 2915 prophetam
883 2853 1112 2905 dicitur:
1163 2850 1306 2902 Beati
1343 2866 1553 2919 quorum
1595 2853 1811 2902 remissae

265 2930 382 2970 sunt
413 2922 718 2984 iniquitates,
761 2929 809 2972 el
832 2937 1039 2987 quarunt
1079 2929 1205 2971 tecta
1240 2931 1349 2971 sunt
1397 2929 1597 2986 peccata
1643 2919 1807 2984 (Psal.

267 2991 444 3048 sui).
484 2989 586 3040 Nos
616 2989 768 3056 igitur
801 2988 991 3042 Rachel
1023 2989 1347 3053 signiﬁcavit,
1395 2991 1517 3054 quia
1561 2991 1692 3040 idola
1725 3003 1808 3040 se—

266 3057 445 3110 dendo
471 3063 770 3124 premimus,
804 3060 845 3110 si
876 3059 1052 3123 culpas
1082 3057 1308 3108 avaritia
1332 3058 1630 3121 pienitendo
1663 3062 1809 3109 dam-

266 3142 477 3178 namus.
532 3127 642 3193 Qua
683 3130 856 3193 utique
907 3124 1138 3178 avaritia:
1171 3126 1514 3184 immunditia,
1570 3127 1806 3177 ttonillos

264 3195 356 3259 qui
390 3195 606 3248 viriliter
633 3207 866 3256 currunt,
901 3193 1134 3260 impedit,
1181 3195 1368 3259 quibus
1395 3194 1588 3246 dicitur
1619 3213 1629 3246 ε
1672 3194 1803 3245 Viri-

269 3267 387 3314 liter
411 3267 566 3332 agite,
610 3275 652 3316 et
683 3266 990 3331 confortetur
1038 3281 1120 3314 cor
1166 3275 1379 3314 vestrum
1427 3262 1593 3330 (Psal.
1627 3268 1802 3329 xxvi);

265 3335 360 3384 sed
388 3334 466 3385 his
497 3336 718 3385 maxime
743 3335 936 3393 evenit,
988 3333 1073 3398 qui
1104 3334 1249 3400 quasi
1298 3333 1595 3384 effeminato
1622 3347 1803 3400 gressu

269 3402 570 3468 gradientes
603 3417 689 3466 per
714 3402 1058 3453 blandimenta
1083 3399 1253 3454 saeculi
1278 3399 1641 3453 resolvuntur;
1661 3400 1806 3468 Unde

267 3467 317 3521 et
348 3472 454 3521 illic
505 3471 733 3531 ejusdem
785 3470 1024 3522 Rachelis
1074 3470 1183 3521 lticc
1235 3470 1388 3520 verba
1436 3479 1598 3521 sunt:
1645 3467 1804 3521 Juxta

267 3540 674 3589 consuetudinem
719 3542 1017 3606 feminarum
1067 3554 1198 3590 nunc
1253 3540 1432 3589 accidit
1483 3539 1604 3590 mihi
1652 3537 1802 3605 (Gen.

269 3608 440 3671 sui),
497 3606 671 3668 idest,
725 3609 867 3672 quasi
922 3609 1190 3660 muliebria
1239 3621 1295 3660 se
1325 3607 1517 3660 habere
1564 3609 1804 3660 innotuit.

274 3675 485 3727 «Latiari
516 3692 639 3727 vero
668 3688 935 3742 postquam
983 3686 1282 3742 persecutus
1310 3686 1388 3727 est
1428 3675 1605 3736 Jacoh,
1652 3686 1704 3728 et
1733 3678 1807 3729 in-

268 3743 497 3795 venisset
528 3759 665 3805 eum,
697 3755 748 3797 et
770 3747 924 3797 locuti
951 3755 1125 3796 essent
1158 3746 1291 3795 inter
1317 3757 1374 3796 se
1393 3788 1406 3810 ,
1449 3746 1687 3797 ineuntes
1716 3747 1807 3797 lm-

267 3815 393 3875 diis,
428 3814 543 3864 tulit
571 3812 730 3866 Jacob
761 3816 1001 3879 lapidein,
1030 3825 1080 3866 et
1108 3815 1273 3866 erexit
1302 3813 1349 3863 in
1383 3815 1583 3866 titulum
1614 3833 1626 3876 ;
1655 3815 1803 3866 dixit-

268 3897 372 3946 que
403 3879 649 3934 fratribus
674 3887 811 3934 suis:
845 3883 1036 3934 Allerte
1063 3884 1274 3946 lapides.
1305 3881 1399 3946 Qui
1431 3892 1807 3950 congregantes

271 3953 510 4001 lecerunt
539 3954 811 4013 tumulum,
839 3966 990 4018 quem
1020 3963 1070 4003 et
1101 3951 1310 4001 voeabat
1343 3954 1514 4002 Lubatt
1549 3953 1801 4003 tumulum

270 4018 466 4081 Testis,
498 4030 551 4073 et
579 4020 739 4073 Jai-ob
767 4035 1006 4074 acervum
1056 4019 1411 4071 Testimonlia
1466 4019 1603 4071 Inter
1631 4021 1808 4072 lldeles

269 4086 413 4155 enim
466 4097 568 4139 tam
612 4089 817 4142 Judaeos
866 4105 1016 4155 quam
1064 4089 1301 4155 gentiles,
1358 4090 1502 4140 testis
1549 4099 1629 4140 est
1682 4090 1808 4154 lapis

271 4154 536 4218 eminens,
570 4157 619 4208 in
651 4154 1038 4210 similitudinem
1075 4154 1289 4215 Christi.
1319 4171 1534 4208 acervus
1560 4157 1804 4225 lapidum,

270 4225 360 4291 qui
392 4234 472 4274 est
502 4226 776 4278 multitudo
801 4227 1144 4279 credentium.
1177 4227 1460 4290 Sequitur:

351 4293 703 4363 Hieronymus.
729 4322 797 4335 —-
822 4295 1218 4363 Etioccurreiunt
1239 4297 1460 4363 eiaugeli
1480 4292 1592 4358 Dei,
1619 4305 1662 4347 et
1684 4296 1809 4347 dixit

270 4361 456 4420 Jacob,
488 4374 536 4412 ut
569 4364 688 4413 vidit
716 4379 796 4415 eos
821 4379 837 4415 :
867 4362 1042 4414 Castra
1091 4362 1183 4414 Dei
1225 4366 1326 4414 haec
1351 4361 1500 4425 sunt;
1541 4376 1584 4414 et
1623 4366 1809 4415 vocavit

273 4446 459 4482 nomen
487 4433 581 4483 loci
610 4433 743 4484 illius
767 4431 940 4484 Castra
989 4432 1140 4499 (Gen.
1174 4433 1358 4498 sxxtt).
1411 4432 1505 4486 Ubi
1542 4435 1622 4482 hic
1648 4441 1808 4483 castra

1910 1886 2276 1950 interpretatur
2303 1888 2529 1948 princeps
2566 1887 2674 1949 Dei,
2698 1890 2806 1938 sive
2828 1887 3055 1938 directus
3087 1889 3193 1950 Dei,
3226 1890 3320 1941 hoc
3346 1903 3445 1952 est,

1909 1956 2184 2011 caesum;
2208 1961 2349 2006 Θεοῦ.
2413 1953 2499 2005 Vir
2539 1970 2663 2007 vero
2710 1957 2874 2008 videns
2918 1955 3094 2019 Deum,
3156 1957 3233 2009 his
3263 1958 3444 2011 litteris

1907 2023 2170 2084 scribitur,
2201 2034 2253 2072 ttt
2283 2023 2355 2072 vir
2404 2038 2465 2075 ex
2502 2025 2667 2074 tribus
2699 2026 2884 2076 litteris
2934 2027 3189 2077 scrihatur
3221 2043 3231 2076 :
3282 2030 3445 2091 alepli,

1908 2091 2012 2156 iod,
2038 2093 2134 2152 sin,
2163 2103 2212 2140 et
2235 2091 2437 2142 dicatur
2460 2092 2569 2150 ais:
2597 2093 2764 2144 videns
2790 2109 2907 2144 vero
2933 2096 3094 2145 trihus
3121 2112 3130 2144 :
3165 2112 3258 2153 res.
3279 2098 3447 2160 aleph,

1910 2161 1991 2220 lie,
2024 2169 2071 2210 et
2101 2161 2300 2212 dicatur
2321 2161 2458 2212 rane.
2497 2161 2657 2212 Porio
2691 2161 2772 2227 Et,
2802 2177 2861 2212 ex
2891 2163 3090 2213 duabus
3117 2166 3259 2228 αἰθρία
3292 2178 3341 2217 et
3373 2166 3446 2216 la-

1910 2229 2068 2300 medi,
2102 2230 2468 2300 interpretatur
2500 2229 2648 2289 Deus,
2682 2231 2789 2282 sive
2821 2233 2982 2297 fortis.
3029 2233 3274 2294 Qiamvis
3303 2237 3451 2300 igitur

1909 2298 2105 2367 grande
2147 2298 2468 2367 auctoritatis
2517 2300 2619 2348 sint
2648 2309 2699 2351 et
2744 2300 3073 2366 eloquentiae,
3121 2311 3173 2353 et
3219 2298 3449 2367 ipso—rum

1911 2366 2089 2416 ttmhra
2123 2380 2213 2416 nos
2240 2365 2517 2430 opprimat,
2573 2369 2655 2432 qui
2704 2365 2856 2420 Israel
2904 2370 3062 2419 uirum
3111 2371 3217 2420 sive
3238 2365 3447 2424 utentem

1909 2435 2152 2505 videntem
2184 2433 2341 2505 Deum
2385 2440 2777 2495 transtulerunt,
2832 2451 2930 2488 noii
2961 2439 3120 2500 magis
3153 2440 3442 2505 scriptum,

1913 2513 1965 2554 et
1990 2504 2179 2569 angeli.
2211 2505 2288 2555 vel
2319 2504 2428 2564 Dei,
2478 2505 2562 2570 qui
2599 2505 2748 2557 Israel
2798 2506 2965 2572 ipsum
3014 2507 3232 2567 vocavit,
3263 2504 3444 2560 aucto-

1914 2574 2065 2624 ritate
2095 2573 2353 2631 ducimur,
2381 2589 2534 2636 quini
2566 2575 2841 2641 Ctijllallbr‘l
2882 2576 3190 2638 eloquentiae
3221 2581 3446 2628 siecnla-

1915 2641 2004 2691 ris.
2040 2641 2165 2692 Illud
2192 2656 2395 2708 quoque
2426 2643 2561 2708 quod
2594 2658 2768 2707 postea
2799 2649 3061 2709 sequitur:
3117 2643 3177 2694 Et
3203 2647 3448 2697 benedixit

1911 2725 2021 2759 eum
2045 2711 2128 2768 ibi,
2157 2719 2202 2761 et
2228 2712 2412 2761 vocavit
2440 2711 2595 2762 Jacob
2619 2729 2793 2764 nomen
2840 2715 2932 2763 loci
2957 2716 3091 2764 illius
3138 2715 3288 2776 [acies
3321 2713 3408 2768 Dei
3433 2733 3447 2776 ;

1913 2779 2015 2829 vidi
2044 2781 2170 2828 enim
2228 2778 2384 2846 Deum
2431 2780 2556 2846 facie
2589 2783 2653 2830 ad
2689 2784 2886 2844 faciem,
2932 2793 2976 2831 et
3028 2784 3163 2832 salvo
3209 2785 3340 2846 facta
3381 2795 3449 2835 est

1912 2848 2081 2898 anima
2113 2863 2216 2898 mea
2245 2844 2451 2913 (Ibid),
2507 2848 2554 2898 in
2597 2850 2816 2901 Hebraeo
2861 2853 3048 2903 dicitur
3096 2844 3345 2913 Phanuel,
3398 2863 3451 2905 ut

1912 2914 2136 2967 sciamus
2169 2917 2337 2980 ipsum
2368 2929 2483 2970 esse
2509 2917 2679 2970 locum
2726 2920 2810 2983 qui
2841 2920 2888 2970 in
2921 2920 3122 2971 caeteris
3167 2922 3449 2985 Scriptura!

1914 2992 2104 3055 sancte
2136 2986 2504 3055 voluminibus,
2549 2988 2614 3039 ita
2649 2999 2701 3038 ut
2750 2990 2799 3041 in
2830 2988 3045 3041 Hebraeo
3094 2992 3340 3055 scriptum
3374 3001 3451 3044 est

1920 3051 2146 3105 Phanuel
2175 3054 2358 3119 legitur
2398 3057 2445 3105 iu
2478 3055 2679 3108 Grazco.

1983 3121 2110 3172 Item
2127 3123 2210 3194 qui
2242 3124 2651 3194 superiorelibro,
2674 3141 2766 3194 quo
2794 3143 2965 3190 supra.
2987 3156 3052 3166 -—
3073 3125 3132 3176 Et
3157 3127 3449 3194 divisitpue—

1914 3207 1993 3242 ros
2015 3206 2158 3251 super
2173 3189 2316 3242 Ltam
2333 3201 2537 3258 etsuper
2563 3191 2743 3243 Rachel
2769 3203 2812 3242 et
2835 3189 2979 3257 super
3000 3196 3206 3245 ancillas
3228 3189 3371 3253 duas,
3405 3208 3450 3247 et

1914 3274 2058 3321 super
2085 3259 2216 3325 ﬁlios
2247 3275 2414 3320 eorum
2441 3262 2645 3328 primas.
2684 3259 2824 3311 Liam
2854 3277 2984 3325 vero,
3011 3270 3052 3312 et
3083 3278 3259 3328 pueros
3287 3267 3449 3315 noris-

1913 3330 2081 3390 simos,
2107 3340 2152 3380 et
2181 3329 2364 3399 Rachel
2405 3339 2449 3379 et
2476 3328 2660 3395 Ioseph
2689 3332 2997 3390 novissimos,
3046 3344 3089 3381 et
3119 3333 3225 3399 ipse
3273 3337 3445 3384 transit

1912 3412 2029 3448 ante
2072 3413 2152 3448 eos
2196 3396 2344 3464 (Gen.
2381 3400 2583 3466 sum).
2640 3401 2771 3463 Non,
2815 3410 2866 3449 ut
2899 3396 3444 3466 pleriQiie‘mstirnant,

1916 3475 2020 3518 tres
2052 3477 2247 3519 turmas
2277 3467 2416 3527 fecit,
2469 3469 2558 3520 sed
2587 3469 2734 3519 duas.
2788 3468 3017 3533 Denique
3048 3469 3129 3519 tibi
3162 3483 3254 3519 nos
3283 3470 3443 3521 ltaheo

1914 3534 2256 3606 musDivisit,
2291 3536 2471 3603 Aquila
2504 3539 2702 3602 posuit,
2747 3541 2984 3606 ἡμίσιυσσ
3014 3579 3026 3598 ,
3066 3537 3115 3588 id
3147 3545 3250 3596 est.
3299 3539 3445 3590 dimio

1912 3605 2083 3664 diavit,
2117 3612 2170 3655 ut
2197 3620 2353 3655 unum
2383 3621 2602 3660 cuneum
2633 3606 2824 3659 faceret
2853 3608 3154 3659 ancillarum
3184 3620 3298 3658 cum
3330 3623 3448 3672 par-

1915 3675 2045 3723 vulis
2073 3673 2203 3734 suis,
2232 3683 2284 3723 et
2311 3674 2471 3724 alium
2500 3676 2600 3725 Liaa
2633 3687 2681 3727 et
2714 3677 2924 3738 Rachel,
2956 3691 3071 3742 quae
3103 3677 3276 3727 libera:
3301 3687 3461 3728 erant.

1912 3755 2028 3792 cum
2061 3741 2182 3791 llliis
2231 3755 2450 3792 earum:
2506 3744 2800 3809 primasque
2847 3745 2920 3794 ire
2971 3741 3158 3796 faceret
3212 3747 3441 3808 ancillas,

1912 3811 2166 3881 secundas
2196 3809 2402 3881 liberas,
2437 3811 2545 3878 ipse
2571 3821 2741 3862 autem
2783 3823 2900 3863 ante
2933 3823 3204 3878 utrumque
3233 3829 3440 3881 gregem

1915 3879 2462 3949 lrat_rem_adoraturus
2492 3888 2808 3949 occurreret.
2844 3882 3087 3949 Sequitur
3122 3900 3130 3931 :

1988 3947 2047 3998 Et
2070 3947 2336 4008 wdiﬁcavit
2373 3949 2440 3997 ibi
2486 3947 2642 3999 Jacob
2695 3951 2909 4010 domum,
2937 3947 2944 3949 ⁷
2972 3960 3014 4000 et
3060 3950 3315 4012 pecoribus
3346 3956 3445 4003 suis

1912 4015 2174 4079 wdiﬁeavit
2201 4018 2413 4066 tentoria
2440 4019 2536 4069 sive
2578 4021 2915 4068 tabernacula.
2977 4017 3098 4068 Ideo
3140 4023 3325 4071 vocavit
3351 4021 3444 4072 loci

1914 4085 2048 4135 illius
2079 4099 2252 4135 nomen
2285 4082 2623 4137 Tabernacula
2649 4085 2849 4150 (lbid.).
2884 4085 2972 4136 libi
3001 4102 3094 4134 nos
3123 4090 3442 4140 tabernacula

1916 4154 2186 4215 habemus,
2221 4154 2268 4203 in
2305 4154 2519 4206 Hebraeo
2548 4155 2730 4220 legitur
2761 4154 2994 4205 Surco'h.
3057 4153 3146 4204 ESt
3169 4168 3334 4206 antem
3361 4173 3445 4209 us-

1913 4236 2011 4284 que
2041 4220 2196 4274 hodie
2223 4223 2407 4275 civitas
2453 4236 2593 4274 trans
2637 4224 2915 4276 Jordauem
2962 4223 3058 4273 hoc
3087 4226 3334 4274 vocabulo
3366 4227 3439 4278 in~

1915 4300 2213 4356 terpretata,
2262 4291 2660 4358 Scythopoleos,
2710 4292 2772 4345 de
2795 4306 2894 4359 qua
2927 4294 2973 4344 in
3003 4291 3134 4343 libro
3185 4295 3436 4345 Locorum

1913 4360 2235 4423 scripsimus.
2270 4361 2511 4423 Sequitur
2535 4377 2545 4411 :

1988 4427 2050 4479 Et
2072 4429 2197 4480 venit
2223 4427 2378 4479 Iacob
2408 4428 2577 4480 Solem
2597 4429 2837 4481 civitatem
2867 4430 3063 4483 Sichem
3093 4433 3140 4482 in
3167 4441 3294 4483 terra
3317 4429 3444 4482 Cha-

275 4503 449 4565 posita
479 4510 616 4564 sunt,
650 4503 698 4553 in
725 4503 936 4555 llebrteo
967 4496 1119 4552 habet
1150 4496 1461 4564 Μαὰαὴαἱηι,
1493 4502 1806 4563 utsciamus,
1846 4496 1887 4550 υ
1914 4512 2064 4558 naan,
2117 4511 2229 4567 estin
2274 4496 2479 4547 venisset
2525 4498 2584 4567 de
2629 4497 2986 4562 Mesopotamia
3037 4501 3197 4567 Syriis
3242 4499 3443 4567 (Ibid).

275 4572 318 4619 si
344 4569 560 4633 quando
610 4575 657 4620 in
688 4573 788 4623 alio
818 4573 928 4623 loco
959 4572 1348 4637 interpretatum
1382 4571 1607 4635 ponitur,
1658 4586 1811 4636 quem

280 4637 350 4687 loi
371 4653 458 4688 um
489 4639 762 4703 signiticet.
817 4640 877 4692 Et
907 4640 1121 4706 pulchre
1153 4640 1215 4691 ad
1258 4638 1466 4691 fratrem
1522 4640 1684 4690 iturus
1717 4639 1812 4690 liii-

279 4709 475 4776 mic_um
506 4709 802 4776 angelorum
831 4723 886 4759 se
914 4709 1270 4760 comitantium
1293 4710 1554 4776 excipitur
1581 4709 1778 4759 choris.

354 4771 416 4823 Et
447 4771 751 4829 dixit'Jacob
780 4793 797 4829 :
827 4776 959 4828 Deus
977 4780 1130 4840 patris
1155 4778 1250 4827 mei
1275 4771 1438 4839 Isaae,
1475 4777 1700 4839 Domine,
1731 4777 1816 4843 qui

275 4843 455 4892 dixisti
484 4847 602 4896 milii
626 4864 643 4898 :
676 4846 925 4899 llei'ertere
969 4848 1019 4898 in
1045 4855 1221 4897 terram
1251 4854 1383 4896 tuam
1403 4885 1418 4908 ,
1465 4856 1510 4897 et
1538 4846 1817 4897 benedicam

277 4912 393 4969 tibi.
421 4913 584 4962 ηιὲηον
625 4931 733 4966 sum
781 4918 1000 4967 omnium
1041 4916 1488 4966 misericordiarum
1531 4928 1727 4965 tuarum
1773 4925 1815 4968 et

277 4981 419 5052 omni
447 4983 644 5031 veritate
667 4995 770 5042 tua,
801 5001 946 5051 quam
974 4986 1130 5052 {eeisti
1159 4999 1293 5035 servo
1319 4993 1404 5033 tuo
1433 4976 1634 5051 (Ibid).
1659 4976 1664 4978 ’
1711 4977 1732 4979 ’ν

355 5045 455 5099 Pro
484 5062 547 5118 eo
571 5053 707 5115 quod
739 5045 837 5103 non
871 5045 1132 5118 posuimus
1184 5053 1349 5105 Minor
1376 5045 1506 5113 sunt,
1561 5045 1696 5104 aliud
1730 5069 1814 5104 ne-

282 5117 398 5169 scio
423 5117 544 5181 quid
576 5120 711 5182 quod
744 5117 950 5172 sensum
999 5125 1170 5174 turbet
1217 5124 1266 5173 in
1296 5123 1489 5174 Graecis
1539 5135 1588 5175 et
1620 5123 1816 5176 Latinis

278 5187 564 5255 Codicibus
596 5188 904 5239 iontinetur.
939 5190 1183 5255 Sequitur
1212 5206 1226 5242 :

356 5253 418 5326 Et
452 5256 574 5306 dixit
604 5258 646 5306 ei
675 5271 691 5306 :
744 5255 886 5326 Quod
925 5260 1008 5308 tibi
1027 5253 1210 5310 nomen
1251 5261 1463 5326 ωενιῖαὶ
1484 5263 1549 5311 ait
1577 5277 1595 5312 :
1643 5260 1818 5313 Jacob.

282 5323 522 5391 Dixitque
551 5335 714 5375 autem
738 5329 778 5374 ei
801 5341 818 5376 :
856 5324 971 5375 Jam
1012 5343 1106 5377 non
1154 5323 1403 5378 vocabitur
1444 5326 1599 5380 Iacob
1645 5347 1706 5380 no
1729 5347 1820 5382 net!

277 5406 451 5464 suum,
478 5397 562 5445 sed
584 5395 828 5445 vocabitur
857 5410 1030 5464 nomen
1063 5408 1199 5446 tuum
1228 5397 1401 5450 Israel.
1437 5403 1550 5464 quia
1573 5400 1818 5450 invaluiin

278 5476 398 5532 cum
431 5462 553 5524 Deo,
582 5474 758 5516 etcum
797 5463 1070 5514 hominibus
1099 5467 1275 5516 valebis
1305 5462 1504 5532 (lbidl).

359 5528 640 5598 Joseplius,
673 5534 723 5585 in
757 5533 918 5599 primo
946 5528 1320 5595 Aniiquitatum
1343 5528 1491 5598 libro,
1523 5533 1673 5588 lsrael
1706 5537 1820 5587 ideo

282 5599 580 5663 sppelaium
615 5613 775 5665 putat,
824 5602 959 5666 quod
1005 5605 1253 5652 adversus
1295 5604 1536 5666 angelum
1584 5607 1813 5664 steterit;

281 5668 427 5740 quod
451 5683 563 5740 Argo
608 5672 1214 5740 diligeiiter_excut_iens,
1269 5672 1317 5722 in
1348 5668 1566 5724 Hebraeo
1617 5673 1816 5740 penitus

284 5737 524 5792 iuvenile
554 5754 654 5792 uoti
684 5741 842 5806 potui.
878 5738 940 5793 Et
963 5738 1087 5808 quid
1112 5754 1194 5793 me
1217 5753 1427 5795 necesse
1449 5750 1530 5795 est
1550 5737 1820 5811 opiniones

1918 4567 2072 4616 Error
2088 4565 2324 4616 oboritur
2344 4565 2602 4629 quontodo
2635 4568 2808 4619 Saletn
2834 4569 3036 4620 Sichetn
3068 4565 3448 4631 civitas‘appel-

1918 4637 2068 4699 letur,
2102 4648 2218 4686 cum
2250 4633 2535 4686 Jerusalem
2577 4635 2626 4686 in
2654 4652 2749 4701 qua
2775 4647 3006 4701 regnavit
3038 4636 3437 4698 Melchisedech,

1914 4701 2034 4756 Sale
2073 4715 2192 4755 ante
2231 4705 2298 4755 sit
2339 4703 2495 4754 dicta.
2545 4706 2647 4756 Aut
2691 4705 2845 4768 igitur
2894 4706 3044 4756 unius
3084 4707 3202 4756 urbs
3231 4713 3446 4771 utraque

1918 4771 2140 4824 nominis
2168 4783 2281 4835 est,
2333 4772 2469 4836 quod
2499 4774 2650 4825 etiam
2696 4773 2760 4824 de
2807 4775 3035 4837 pluribus
3081 4773 3269 4824 ludam
3319 4774 3443 4825 locis

1919 4855 2188 4908 possnmus
2210 4839 2460 4903 invenire,
2486 4852 2537 4893 ut
2557 4842 2688 4893 idem
2714 4842 2853 4892 urbis
2873 4851 2922 4891 et
2942 4842 3036 4890 loci
3061 4856 3244 4892 nomen
3259 4838 3318 4891 in
3345 4841 3439 4892 alia

1916 4923 2068 4977 atque
2096 4912 2196 4960 alia
2224 4909 2360 4961 tribu
2387 4911 2471 4960 sit.
2529 4912 2629 4962 Aut
2657 4921 2795 4962 certe
2830 4911 2923 4960 ista
2947 4911 3052 4961 sale
3075 4926 3130 4969 u,
3166 4925 3275 4975 qua:
3308 4924 3442 4960 nunc

1917 4995 2010 5047 pro
2040 4980 2248 5031 Sichem
2274 4978 2589 5039 nominatur,
2615 4978 2831 5029 dicimus
2862 4979 2940 5029 hii'
2966 4978 3286 5044 interpret-ari
3316 4991 3435 5028 con-

1916 5057 2226 5100 summatam
2276 5059 2427 5112 atque
2475 5048 2773 5111 perlectam,
2823 5055 2875 5098 et
2921 5047 3058 5098 illam
3102 5061 3214 5112 quin
3261 5054 3436 5111 postea

1917 5116 2360 5182 Jerusalemdicta
2383 5127 2481 5172 est,
2506 5115 2784 5181 pacificain.
2816 5126 2990 5167 nostro
3012 5128 3247 5166 sermone
3276 5122 3437 5168 trans-

1920 5187 2060 5238 ferri.
2117 5184 2402 5251 Utrumque
2453 5199 2592 5236 enim
2624 5198 2836 5236 acoentu
2884 5185 3141 5250 paululum
3187 5184 3442 5234 declinato

1922 5257 2015 5306 hoc
2048 5254 2351 5305 vocabulum
2377 5265 2546 5305 sonat.
2581 5252 2811 5307 'l'nduut
2854 5255 3054 5306 Hebraei
3078 5251 3211 5318 quod
3242 5253 3441 5304 claudi—

1919 5325 2082 5376 cantis
2110 5321 2276 5374 lentur
2306 5321 2467 5373 Jacoh
2517 5321 2585 5373 ibi
2633 5324 2966 5382 convaluerit,
3014 5332 3064 5373 et
3090 5330 3324 5373 sanatum
3355 5321 3441 5381 sit,

1922 5402 2193 5458 propterea
2242 5393 2478 5442 eamdem
2528 5393 2790 5444 civitatem
2822 5392 2991 5444 eunti
3032 5401 3184 5459 atque
3230 5391 3441 5458 perlectt

1923 5461 2224 5512 vocabulum
2266 5469 2619 5512 consecutam.

1991 5529 2248 5596 Repetitio.
2280 5556 2348 5568 —
2393 5528 2513 5580 ιΗιδ
2541 5529 2611 5580 ita
2643 5531 2933 5592 transactis,
2961 5528 3117 5582 .lIcob
3139 5526 3290 5582 mittil
3314 5539 3445 5580 nuu-

1924 5600 2019 5651 tios
2048 5603 2110 5650 ad
2154 5600 2288 5652 Esau
2337 5599 2546 5650 fratrem
2595 5611 2762 5659 suum,
2813 5610 2864 5652 et
2894 5613 3124 5652 munera.
3163 5599 3282 5649 Post
3314 5597 3446 5655 hare.

1925 5672 2234 5721 transductis
2253 5668 2488 5722 erunibus
2511 5668 2615 5719 suis
2637 5681 2726 5735 per
2750 5678 3046 5728 torrentem,
3074 5666 3179 5735 ipse
3201 5677 3446 5718 remansit

1924 5740 2086 5802 solus,
2117 5749 2167 5791 et
2189 5752 2306 5792 ecce
2337 5736 2408 5790 vir
2438 5734 2725 5791 luctabatur
2763 5752 2875 5788 cum
2901 5737 3005 5790 illo.
3063 5734 3443 5803 l’revaluitque
