3914 6228
523 392 622 446 5ίό

1002 398 1195 451 ΗΕΗᾸΞ
1242 399 1667 456 \‘ENERMHLIS
1704 404 1844 455 Ol'P.
1890 402 2057 455 PARS
2098 403 2154 453 ll.
2180 403 2361 460 SECT.
2400 409 2456 462 ll.
2500 440 2562 449 —-
2595 412 2787 464 llUlllA
2832 413 2910 465 ET
2951 413 3213 466 Sl’UlllA.

3584 412 3690 465 διδ

517 509 563 560 ei
591 507 768 590 Iacob,
800 523 893 561 nec
915 510 1267 590 dimisit-enm,
1302 514 1394 563 nisi
1421 514 1829 590 benedictionem
1861 527 2035 590 θείω-ο
2066 517 2108 571 Α
2136 515 2328 590 dictum
2361 528 2457 579 est,
2492 522 2579 571 sed
2608 520 2817 581 anam,
2863 522 2909 572 id
2939 532 3035 580 est,
3084 522 3395 590 amygdaloq
3439 535 3561 574 ante
3596 540 3686 573 Vo-

517 586 716 642 queret,
763 592 1070 644 sacrumque
1112 578 1264 632 Israel
1309 595 1492 633 nomen
1534 584 1838 644 acciperem
1890 584 2037 643 (Gen.

520 644 696 715 sxxii).
718 644 768 695 In
784 659 885 710 quo
907 647 1257 711 principaliter
1272 651 1575 701 sacramenti
1609 650 1852 703 [)nminici
1876 654 2055 715 imago

519 713 945 784 p_i-:eligiirataest.
984 715 1069 767 Vir
1094 717 1230 767 enim
1255 718 1339 768 ille
1358 726 1533 784 typum
1555 715 1743 770 Christi
1775 713 2042 772 evidentis.

517 780 644 857 sime
664 780 913 857 gesserat,
937 784 1017 836 cui
1047 793 1222 857 tamen
1240 786 1355 836 ideo
1379 780 1668 857 praevaluit
1686 787 1841 857 Jaeoh
1867 792 2042 857 utique

518 850 724 919 volenti.
738 860 792 919 et
806 860 859 900 nt
876 853 1177 919 mys'erium
1198 854 1430 917 ﬁgurarei
1453 855 1695 918 passioni~
1714 856 1933 917 Domini,
1956 850 2038 908 nhi

518 918 653 991 visus
675 917 1329 991 est‘Jacob‘inJudmorum
1356 917 1495 991 typo,
1522 923 1615 972 hoc
1637 934 1712 975 est
1741 924 1788 974 in
1808 930 2039 990 cerporis

516 988 592 1057 sui
622 987 799 1039 sobole
844 990 1173 1053 prtevaluisse
1222 990 1344 1050 Deo,
1377 987 1444 1042 'et
1472 993 1616 1057 quasi
1664 1007 1780 1043 cum
1812 987 2036 1055 inlirnio,

522 1056 589 1105 ita
614 1070 729 1106 cum
758 1070 913 1109 carne
951 1057 1062 1121 ejus
1098 1059 1352 1110 luctamen
1384 1056 1532 1121 inire,
1563 1070 1614 1111 et
1644 1060 1959 1114 invalescere
1991 1065 2038 1115 iii

519 1125 757 1184 passione
781 1125 914 1189 ejus,
943 1126 1073 1177 sicut
1102 1127 1346 1190 scriptum
1372 1137 1471 1189 est,
1501 1144 1615 1179 cum
1647 1129 1870 1181 «lieeret:
1916 1129 2040 1182 Cru-

517 1192 662 1256 ciﬁge
688 1191 869 1257 (Marc.
897 1195 1001 1260 xv).
1037 1194 1097 1248 Et
1118 1204 1285 1247 tamen
1316 1194 1475 1248 Jacob
1516 1198 1927 1251 benedictionem
1975 1200 2039 1251 ab

517 1260 700 1331 eodem
731 1262 931 1327 angelo,
983 1278 1134 1329 quem
1172 1268 1335 1317 victor
1364 1275 1695 1330 superaverat
1725 1267 2034 1331 impetravit,

432 1354 435 1357 ν
518 1330 662 1393 cujus
694 1332 914 1383 nominis
966 1332 1228 1395 impositio
1272 1332 1449 1399 iniquo
1496 1334 1787 1385 benedictio
1814 1334 1923 1389 fuit.
1961 1330 2039 1388 Iit-

520 1405 828 1463 terpretatur
854 1406 1022 1452 autem
1052 1399 1230 1461 Israel,
1266 1401 1361 1453 hoc
1382 1410 1478 1461 est,
1506 1402 1671 1453 videns
1701 1402 1877 1465 Deum,
1902 1406 2037 1464 quod

516 1465 615 1518 erit
660 1467 1132 1539 intineprmmium
1178 1471 1405 1539 omnium
1454 1480 1761 1522 sanctorum.
1820 1473 2041 1539 «Tetigit

524 1548 677 1600 porro
708 1538 777 1589 illi
811 1538 945 1589 idem
968 1538 1181 1603 angelus
1210 1538 1528 1595 latitudinem
1556 1539 1783 1601 femoris,
1816 1552 1865 1592 et
1894 1538 2037 1594 clau-

518 1604 640 1674 t_lum
674 1606 891 1657 reddidit
919 1624 936 1655 υ
971 1606 1150 1672 (Ibid.)
1176 1623 1193 1666 ;
1223 1608 1397 1674 sicque
1424 1618 1533 1658 erat
1566 1623 1696 1658 unus
1723 1606 1877 1673 atque
1902 1610 2036 1663 idem

520 1672 679 1745 .lacob
706 1675 1007 1745 benedictus
1050 1688 1100 1745 ei
1128 1672 1358 1728 claudus.
1410 1676 1719 1727 Benedictus
1746 1672 1803 1729 in,
1842 1679 1917 1730 his
1948 1680 2035 1745 qui

522 1742 570 1791 in
594 1741 853 1811 Christum
879 1759 939 1796 ex
964 1744 1144 1796 eodem
1176 1745 1366 1811 popqu
1393 1745 1745 1807 crediderunt,
1790 1756 1941 1810 atque
1967 1741 2035 1800 'in

523 1810 813 1864 infidelibus
835 1813 1067 1864 claudus.
1100 1810 1226 1865 Nam
1257 1814 1463 1865 femoris
1495 1828 1705 1863 nervum
1755 1815 1832 1864 vel
1861 1817 2035 1867 latitu-

520 1879 606 1945 do,
638 1884 715 1931 Vel
748 1882 952 1949 generis
1003 1880 1277 1934 multitudo
1306 1893 1403 1933 est.
1464 1881 1645 1933 Plures
1680 1883 1872 1947 quippe
1921 1895 2041 1936 sunt

442 1993 453 2004 .
523 1949 573 1999 in
619 1950 843 2002 Ecclesia
892 1952 1000 2016 qui,
1048 1950 1423 2015 degenerantcs
1470 1963 1495 1999 a
1538 1949 1635 2001 lide
1684 1960 1883 2016 patrum
1923 1964 1971 2002 ei
2015 1970 2043 2003 a

523 2020 794 2081 prteccptis
818 2018 1041 2071 auctoris
1072 2019 1149 2069 sui
1181 2019 1464 2079 deviantcs,
1501 2018 1551 2069 in
1574 2019 1764 2070 (πνοι-ἥς
1791 2020 1867 2071 sui
1891 2022 2045 2073 semi—

525 2085 591 2135 tis
615 2086 922 2150 claudieant,
962 2091 1026 2140 de
1057 2087 1240 2150 qubus
1273 2089 1565 2151 prophetice
1596 2088 1895 2151 praediolum
1926 2101 2041 2142 est:

526 2153 587 2203 Et
616 2156 1011 2208 clandicaverunt
1041 2173 1068 2205 a
1094 2158 1278 2207 semitis
1307 2157 1409 2207 suis
1452 2154 1616 2220 (Psal.
1654 2154 1799 2221 xvii),
1840 2161 1925 2223 qui
1961 2153 2037 2210 ta-

525 2238 639 2275 men
673 2226 890 2291 populos
912 2234 1025 2291 post
1047 2225 1197 2275 tactis
1220 2224 1312 2274 sibi
1342 2224 1557 2285 viribus,
1588 2236 1688 2275 non
1716 2227 1881 2277 solum
1904 2228 2045 2279 clau-

523 2291 683 2355 dicat,
712 2294 802 2345 sed
828 2303 879 2345 et
903 2292 1167 2359 torpescit,
1200 2306 1266 2344 ne
1305 2292 1433 2345 ultra
1479 2292 1585 2359 jam
1624 2307 1871 2359 generare
1911 2295 2044 2347 ﬁlios

528 2362 701 2427 possit.
740 2361 968 2443 Denique
987 2362 1123 2481 quod
1146 2360 1333 2427 adjecit
1362 2362 1495 2413 idem
1522 2362 1831 2440 patriarcha,
1858 2363 2049 2415 vidisse

528 2443 581 2480 se
612 2430 768 2481 Deum
803 2432 928 2481 fat-ie
955 2445 982 2481 a
1048 2431 1250 2481 faciem.
1275 2444 1388 2481 cum
1420 2442 1657 2481 superius
1687 2445 1849 2481 vuum
1871 2445 2046 2481 secum

524 2443 581 2480 se
612 2430 768 2481 Deum
803 2428 928 2483 lat-ie
955 2428 1017 2481 ad
1048 2431 1250 2490 faciem,
1275 2444 1388 2481 cum
1420 2428 1657 2493 superius
1687 2429 1849 2481 vitum
1871 2445 2046 2483 secum

526 2508 695 2550 narret
725 2498 881 2552 fuisse
910 2500 1176 2558 luetatum,
1230 2497 1277 2549 id
1307 2498 1561 2565 signiticat
1591 2498 1708 2561 quia
1753 2498 1884 2550 idem
1915 2499 2048 2553 Deus

526 2568 678 2618 homo
706 2577 817 2620 erat
862 2567 1082 2632 futurus,
1132 2566 1216 2635 qui
1246 2580 1361 2620 cum
1390 2566 1551 2619 Jacob
1597 2566 1786 2633 populo
1827 2568 2049 2622 luctare-

526 2648 622 2687 tur.

594 2703 931 2775 Hieronymus
959 2708 1196 2775 sequitur.
1221 2735 1285 2745 --
1311 2705 1371 2757 Et
1403 2705 1528 2775 venit
1561 2702 1749 2775 Henior
1774 2714 1817 2756 et
1846 2704 2049 2775 Sicltem

528 2771 660 2836 ﬁlius
696 2771 805 2841 ejus
834 2776 897 2824 ad
924 2771 1114 2843 pariam
1145 2776 1383 2836 civitatis,
1414 2782 1465 2843 et
1489 2773 1639 2843 locuti
1678 2783 1788 2824 sunt
1827 2774 1892 2824 ad
1918 2774 2048 2843 viros

528 2840 734 2910 civitatis
764 2840 995 2910 _dicentes
1020 2858 1038 2894 :
1080 2843 1180 2893 Viri
1210 2846 1290 2894 isti
1324 2842 1516 2910 paciﬁci
1559 2842 1706 2910 nobis,
1730 2851 1840 2891 sunt
1890 2840 2043 2907 (Gen.

530 2908 723 2975 xxxiv).
762 2907 854 2962 Ubi
884 2926 1016 2964 nunc
1060 2911 1191 2964 LXX
1224 2907 1529 2977 interpretes
1557 2908 1794 2973 paciﬁcos
1825 2918 2047 2962 transtu-

530 2981 713 3037 lerunt.
766 2979 945 3043 Aquila
1000 2980 1362 3046 interpretitus
1404 2984 1503 3039 est,
1536 2980 1957 3048 ἀπηρτισμένους.
1995 2980 2044 3032 id

527 3058 623 3108 est,
646 3058 1007 3116 consummatos
1036 3058 1187 3116 atque
1216 3049 1491 3116 perfectos;
1518 3060 1609 3112 pro
1634 3047 1734 3112 quo
1757 3047 1805 3097 iii
1830 3047 2046 3101 Hebraeo

528 3115 708 3180 legitur
735 3114 980 3169 Salamin.
1014 3118 1080 3169 Et
1107 3114 1223 3185 iqro
1259 3114 1697 3185 perspicuumgest
1723 3129 1899 3167 verum
1930 3131 2045 3170 esse

526 3185 645 3235 illud
673 3186 804 3249 quod
834 3198 987 3250 siipra
1015 3186 1078 3238 de
1098 3183 1270 3238 S‘alem
1299 3186 1540 3237 diximus.
1587 3183 1830 3249 Sequitur
1857 3201 1867 3235 :

595 3251 657 3303 Et
696 3256 976 3319 introgressi
1004 3263 1116 3305 sunt
1148 3255 1393 3306 civitatem
1436 3252 1725 3321 diligenter,
1753 3261 1807 3321 et_
1842 3252 2047 3320 interfe-

527 3330 693 3371 cerunt
721 3318 863 3372 omne
887 3324 1208 3373 masculinum
1236 3321 1438 3388 (Ibid.).
1471 3320 1569 3371 l’ro
1589 3333 1651 3371 eo
1671 3318 1808 3388 quod
1833 3320 1886 3388 in
1909 3318 2051 3372 cne—

527 3393 621 3461 cis_
649 3388 831 3457 legitur
874 3392 1123 3461 ὰςφαλῶς,
1173 3386 1378 3461 idest,
1414 3388 1691 3455 diligenter,
1831 3386 2050 3441 Hebraeo

525 3456 769 3522 scriptum
798 3469 877 3511 est
907 3456 1047 3521 Beia,
1083 3462 1127 3509 id
1151 3469 1249 3519 est,
1279 3458 1515 3509 audacter
1549 3467 1601 3508 et
1627 3456 1951 3521 conﬁdenter.

582 3527 1035 3591 Recapitulatio.—
1056 3546 1071 3578 i
1088 3527 1132 3579 Η
1142 3544 1275 3579 emor
1297 3530 1462 3592 itaque
1474 3524 1607 3591 ﬁlius
1627 3523 1848 3585 Sichem,
1869 3525 2048 3577 binum

526 3596 679 3657 ﬁliam
700 3595 855 3647 Jacob
886 3598 1101 3657 violavit,
1132 3599 1215 3661 qui
1241 3606 1345 3659 post
1373 3595 1683 3645 concubitum
1706 3596 1815 3661 ejus
1843 3594 2050 3659 familia

526 3662 682 3716 Israel
708 3665 922 3715 voluerat
951 3667 1148 3725 sociari,
1192 3680 1331 3729 quem
1380 3663 1580 3727 Simeon
1610 3670 1672 3719 et
1704 3662 1815 3712 Levi
1844 3664 2043 3729 fratres,

523 3734 813 3800 virginitatis
834 3734 1013 3784 sororis
1037 3734 1265 3794 vindices,
1294 3732 1698 3800 dolo-cunt‘ontni
1727 3735 1911 3796 popqu
1936 3736 2047 3798 ejus

523 3799 924 3867 interfecerunt.»
956 3802 1057 3854 Sed
1090 3802 1209 3866 quid
1233 3802 1326 3852 sibi
1349 3800 1466 3851 velit
1486 3799 1619 3862 quod
1648 3809 1893 3861 seruitum
1922 3812 2001 3851 est
2032 3818 2042 3850 :

529 3870 735 3935 Egressa
779 3882 849 3919 est
893 3868 1023 3921 Dina
1065 3879 1117 3920 ut
1160 3872 1341 3921 υἱάσιν(
1382 3868 1604 3918 mulieres
1646 3867 1859 3935 regionis
1888 3868 2043 3929 illius,

523 3934 671 4003 quam
701 3952 807 3987 cum
840 3939 1034 4007 i-idisset
1062 3938 1259 3991 Sithem
1304 3936 1437 4001 ﬁlius
1473 3935 1657 4007 Hemor
1690 3934 1876 4007 lieutei,
1908 3938 2072 4007 prin-2.

522 4022 634 4071 ceps
667 4016 809 4057 terra:
830 4006 986 4066 illius,
1014 4007 1261 4056 adamavit
1283 4015 1327 4056 et
1353 4006 1538 4069 rapuit,
1589 4004 1912 4070 dormit-itque
1934 4004 2084 4069 cum].

523 4075 631 4137 illa,
661 4074 705 4124 vi
729 4079 1008 4142 opprimens
1036 4079 1289 4141 virginem.
1330 4086 1373 4124 et
1402 4074 1737 4139 conglutinata
1781 4084 1849 4123 est
1877 4074 2044 4142 anima

525 4144 629 4208 ejus
671 4140 901 4207 cum'ea,
953 4140 1230 4209 tristemque
1271 4144 1520 4194 blanditiis
1567 4142 1786 4192 delinivit
1836 4140 2042 4207 (Ibid.).

528 4210 652 4261 Dina
687 4210 874 4276 quippe
921 4224 975 4263 ut
1004 4208 1242 4263 mulieres
1274 4213 1445 4262 \'ldt'3l
1492 4223 1748 4261 extraneae
1794 4208 2040 4276 regionis,

524 4280 783 4346 egreditur
808 4281 1011 4341 quando
1041 4295 1354 4346 unaquaeque
1378 4294 1543 4339 mens,
1568 4292 1660 4327 sua
1690 4278 1854 4328 studia
1884 4280 2042 4343 negli~

524 4362 668 4411 ueiis,
712 4350 937 4399 actiones
968 4348 1160 4399 alienas
1187 4363 1395 4409 CUt‘allS,
1438 4357 1581 4397 extra
1632 4346 1861 4396 habitum
1890 4356 2043 4411 atque

524 4423 665 4466 extra
714 4418 946 4468 ordinem
997 4417 1255 4483 proprium
1305 4424 1584 4483 evagatur,
1637 4428 1789 4483 quam
1835 4413 2040 4465 Siciieni

526 4483 760 4548 princeps
791 4496 939 4537 terra:
969 4481 1243 4551 opprimit,
1272 4484 1389 4550 quia
1438 4482 1671 4533 videlicet
1714 4481 1931 4551 in_curis
1963 4484 2037 4533 iii-

516 4562 727 4603 .ventam
758 4548 1099 4605 exterioribus
1126 4548 1360 4605 diabolus
1387 4552 1691 4616 corrumpit.
1736 4548 1797 4599 Et
1821 4552 2037 4617 aggluti~

523 4632 636 4670 nata
682 4630 753 4671 est
798 4623 963 4671 anima
994 4624 1099 4687 ejus
1142 4637 1250 4672 cuni
1291 4637 1366 4683 ea,
1417 4622 1534 4687 quia
1584 4620 1779 4669 unitam
1822 4620 1920 4671 sibi
1952 4634 2041 4683 per

525 4691 841 4757 iniquitatem
874 4692 1097 4755 respicit.
1130 4691 1191 4740 Et
1219 4691 1336 4753 quia
1360 4704 1475 4739 cuni
1506 4700 1651 4739 mens
1678 4702 1705 4735 ii
1736 4688 1884 4752 culpa
1914 4688 2039 4740 resi-

526 4760 693 4822 piscit,
722 4768 873 4823 atque
901 4758 1182 4809 admissum
1216 4757 1340 4809 ﬂere
1378 4764 1595 4808 conatur
1614 4792 1627 4815 ,
1655 4766 1927 4820 corruptor
1959 4772 2041 4806 au-

524 4836 626 4877 tem
670 4841 787 4893 spes
834 4836 885 4877 et
912 4826 1213 4878 securitates
1260 4838 1444 4875 vacuas
1487 4834 1604 4893 ante
1642 4824 1819 4874 oculos
1869 4833 2037 4885 vocat,

525 4890 775 4958 quatenus
804 4895 1071 4946 utilitatem
1124 4893 1343 4945 tristitiae
1388 4890 1699 4949 siibstraliat,
1750 4901 1888 4941 recte
1939 4892 2041 4943 illic

523 4959 807 5028 adjungitur
832 4980 843 5011 :
873 4961 1175 5030 Tristemquc
1195 4960 1445 5014 blanditiis
1467 4958 1703 5030 delinivit.
1732 4958 1879 5030 Modo
1902 4958 2037 5009 enim

522 5027 736 5080 aliorum
766 5032 891 5082 facta
922 5027 1176 5095 graviora,
1212 5031 1363 5081 modo
1395 5028 1519 5081 nihil
1549 5040 1663 5077 esse
1692 5027 1827 5092 quod
1862 5040 2041 5093 perpe-

525 5104 709 5149 tratum
741 5106 839 5157 est,
869 5094 1021 5148 modo
1044 5100 1425 5149 misericordem
1462 5098 1617 5147 Deiiiii
1652 5094 1899 5161 loquitur,
1933 5111 2039 5145 ino-

524 5166 591 5218 d0
616 5168 781 5217 adhuc
804 5176 1002 5229 tempus
1031 5168 1349 5229 subsequens
1395 5166 1455 5216 ad
1488 5164 1842 5229 paenitentiam
1892 5164 2037 5229 polli-

524 5236 658 5287 citiir
700 5243 755 5288 ut
778 5235 897 5286 dum
930 5248 1020 5298 per
1050 5236 1158 5284 haec
1183 5236 1393 5298 decepta
1424 5247 1569 5284 niens
1614 5232 1933 5295 ducitur,‘ab
1963 5233 2039 5283 iii-

526 5306 751 5357 tentione
774 5304 1086 5371 pmnitentia:
1112 5304 1471 5371 susiiendatur,
1492 5308 1743 5371 quatenus
1769 5307 1887 5352 tunc
1908 5302 2038 5353 bona

525 5373 662 5423 nulla
692 5370 956 5438 percipiat,
986 5385 1139 5435 quam
1188 5384 1322 5421 nunc
1363 5370 1500 5438 nialag
1540 5370 1673 5418 nulla
1704 5372 2039 5430 coiiiristant;

524 5452 575 5491 et
598 5436 715 5493 tunc
744 5436 942 5506 plenius
970 5442 1242 5506 obsedatur
1267 5436 1552 5503 suppliciis,
1573 5448 1687 5501 qua:
1710 5444 1829 5488 tunc
1852 5439 2043 5504 gaudet

522 5511 677 5561 etiam
708 5510 757 5561 in
784 5510 1003 5561 delictis.
1571 5519 1574 5523 ’
1682 5536 1685 5539 ·

595 5576 943 5645 Hieronymus.
967 5605 1032 5615 —-
1074 5575 1135 5645 Et
1175 5575 1316 5645 venit
1340 5572 1493 5624 Jncob
1546 5571 1596 5622 in
1643 5568 1781 5645 [fusa
1821 5572 1871 5623 in
1911 5580 2042 5645 terra

524 5640 799 5706 Chanaan;
822 5661 931 5714 qua:
960 5654 1029 5697 est
1062 5644 1231 5696 Betliet
1258 5643 1397 5707 (Gen.
1434 5647 1611 5714 xxxv).
1664 5640 1795 5714 _Ecce
1823 5642 2039 5692 manife-

522 5716 746 5768 stiSsiiue
766 5710 1123 5781 coiiipronatur
1146 5714 1338 5776 Bethel,
1368 5726 1466 5763 non
1494 5710 1634 5765 Ulain
1663 5710 1783 5765 Luz.
1810 5718 1864 5761 ut
1885 5724 2037 5779 supra

2143 584 2369 636 citatam.

2213 652 2594 717 Recapitulatio.
2625 685 2692 693 —-
2736 655 2959 706 «Dehinc
2986 656 3211 717 loquitur
3240 658 3378 711 Deus
3404 662 3468 709 ad
3492 660 3684 721 Iacob,

2142 728 2196 789 til
2226 721 2479 774 habitaret
2511 725 2559 775 in
2588 724 2794 785 Betliel;
2829 726 2894 775 ibi
2930 723 3118 776 Rachel
3159 742 3273 777 cum
3306 738 3511 789 pareret
3539 730 3686 781 Ben-

2137 786 2324 861 jamiii,
2374 801 2575 861 mortua
2620 800 2750 861 est.)
2802 791 2902 844 Sed
2936 793 3054 857 quid
3098 794 3192 844 sibi
3226 786 3331 846 vult
3377 798 3513 861 quod
3556 812 3686 849 cum

2138 857 2377 909 eumdem
2414 860 2675 923 Benjamin
2708 860 2900 911 Rachel
2946 871 3178 923 pareret,
3233 857 3437 914 vocavit
3485 880 3684 918 nomen

2140 925 2252 996 ejus
2279 926 2438 978 Filius
2469 928 2660 979 doloris
2690 929 2811 985 mei,
2864 928 2957 978 nisi
2994 927 3218 981 futurum
3261 932 3579 996 prophetans
3615 949 3681 984 ex

2142 992 2264 1067 ipsa
2304 996 2442 1067 tribu
2493 996 2757 1067 Beniamin
2816 996 3048 1053 Paulum.
3101 1000 3185 1063 qui
3236 992 3489 1067 afﬂigeret
3538 1003 3683 1053 filios

2142 1060 2391 1133 Ecclesia!
2422 1066 2789 1133 persecutionis
2810 1080 2918 1117 sua:
2945 1060 3213 1133 tempore?
3236 1060 3397 1119 sum
3420 1083 3510 1133 per
3539 1070 3685 1121 Ben-

2134 1128 2295 1202 jamin
2336 1132 2576 1202 caelestis
2624 1133 2948 1202 tigiirabaturg
2968 1128 3291 1196 Jerusalem,
3340 1128 3453 1202 quae
3498 1150 3573 1189 est
3624 1138 3678 1187 in

2140 1197 2272 1269 tribu
2301 1200 2531 1266 ejusdem
2558 1200 2843 1266 Benjainin,
2868 1200 3016 1267 cuius
3041 1204 3256 1266 pepulus
3280 1197 3495 1255 matrem
3524 1206 3680 1269 gravi

2140 1265 2340 1337 dolore
2366 1269 2523 1319 allicit
2561 1265 2871 1321 etl‘undendo
2915 1265 3217 1333 sanguinem
3270 1265 3676 1337 prophetarum.

2141 1333 2353 1401 lusuper
2389 1338 2544 1388 etiam
2585 1338 2632 1387 in
2665 1352 2844 1389 necem
2875 1336 3063 1389 Clll‘iSli
3090 1380 3103 1400 ,
3137 1333 3306 1399 impiis
3332 1333 3682 1393 iii-clamando

2140 1402 2352 1537 z'qlciti‘i’i's
2376 1421 2386 1453 :
2424 1403 2640 1537 Sanguis
2669 1406 2777 1473 ejus
2797 1421 2943 1473 super
2964 1420 3051 1457 nos
3078 1416 3123 1457 et
3144 1422 3293 1473 super
3317 1408 3449 1473 ﬁlios
3478 1420 3683 1461 mauros

2171 1506 2181 1519 .
2225 1488 2254 1520 a
2336 1510 2349 1525 .
2393 1488 2529 1525 xxvii
2564 1510 2575 1521 .

2171 1479 2349 1525 Matth.
2393 1488 2422 1523 ι
2434 1479 2575 1537 xvu).

2210 1537 2335 1591 Item
2370 1540 2720 1607 Hieronymus.
2752 1570 2819 1581 —
2856 1540 2921 1593 Et
2959 1551 3152 1594 mortua
3196 1554 3267 1596 est
3314 1543 3536 1597 Debbora
3582 1564 3684 1595 ssu-

2139 1608 2238 1679 t_rix
2270 1609 2517 1667 Ilebeccte.
2545 1623 2589 1661 et
2620 1613 2812 1675 sepulta
2840 1618 2910 1663 est
2938 1611 3107 1663 subtus
3129 1610 3300 1663 Bethel
3322 1611 3466 1676 (Gen.
3494 1618 3679 1679 xxxv).

2138 1674 2190 1727 Si
2224 1687 2424 1729 mortua
2454 1688 2535 1730 est
2564 1674 2734 1729 nutrix
2776 1680 3027 1730 Rebecca:
3059 1680 3268 1731 nomine
3310 1674 3569 1739 Debbora.
3619 1674 3678 1735 tit

2141 1743 2275 1797 LXX
2306 1761 2511 1817 quoque
2542 1747 2623 1817 hic
2652 1748 2965 1817 interp_r_ete<_
2990 1750 3380 1817 transtulerunt.
3426 1760 3476 1801 et
3508 1753 3680 1817 ipsum

2141 1816 2353 1864 verbum
2376 1828 2453 1865 est
2480 1814 2780 1865 Ilebraicum
2806 1813 3026 1865 Meneket
3046 1856 3060 1875 ,
3086 1815 3218 1867 seire
3261 1830 3359 1867 non
3401 1813 3680 1881 possumus

2145 1894 2304 1947 quare
2354 1883 2421 1934 ibi
2449 1884 2772 1936 substantiam
2815 1895 3099 1950 posuerint,
3153 1885 3235 1936 bic
3280 1887 3539 1937 nutricem.
3580 1888 3701 1940 δεῖ

2146 1950 2317 2016 quitur
2348 1966 2360 2000 :

2217 2016 2281 2068 Et
2307 2018 2435 2071 dixit
2463 2018 2507 2069 ei
2539 2017 2671 2069 Deus
2697 2034 2715 2071 :
2760 2018 2875 2070 Iam
2903 2039 2998 2074 non
3039 2022 3289 2073 vocabitur
3334 2036 3512 2073 nomen
3542 2032 3679 2071 tuum

2143 2083 2318 2145 Jacvb,
2361 2088 2447 2139 sed
2474 2088 2564 2138 erit
2593 2088 2749 2139 Israel
2777 2106 2952 2141 nomen
2981 2103 3140 2149 tuum,
3187 2100 3233 2141 et
3272 2093 3454 2141 vocarit
3504 2106 3679 2142 nomen

2144 2155 2254 2215 eius
2283 2153 2448 2206 Israel
2478 2155 2683 2222 (Ibid.).
2740 2157 2940 2210 Dudum
2970 2173 3290 2223 nequaquam
3322 2159 3367 2209 ei
3398 2161 3465 2210 ab
3494 2161 3679 2221 angelo

2147 2238 2334 2275 nomen
2366 2226 2666 2289 imponitur,
2695 2224 2784 2275 sed
2815 2226 2949 2292 quod
2984 2228 3348 2286 impOiiendum
3386 2241 3413 2277 a
3445 2230 3549 2278 lien
3586 2229 3674 2286 sit,

2150 2292 2479 2357 prmdicatur.
2510 2292 2657 2354 Quod
2689 2293 2839 2360 igitur
2868 2294 2935 2346 ibi
2965 2293 3193 2347 futurum
3226 2296 3563 2360 promittitur,
3597 2298 3681 2349 hic

2154 2332 2367 2429 ﬁngetur
2396 2332 2678 2423 expl‘étum.
2707 2332 2952 2429 ξεᾳυὶιῶ
2979 2380 2992 2413 :

2216 2425 2279 2479 Et
2328 2432 2513 2497 [cetum
2558 2437 2630 2481 est
2669 2425 2806 2480 cum'
2833 2432 3285 2497 appropinquarent
3329 2430 3582 2483 Cabratlia
3625 2434 3678 2483 in

2216 2449 2279 2479 lbi
2328 2449 2513 2494 parum
2558 2449 2628 2481 εει
2669 2449 2777 2480 cum
2833 2449 2989 2497 appro
3027 2449 3285 2493 tnquarent
3329 2449 3582 2483 Labratna
3625 2450 3678 2483 πη

2147 2506 2284 2577 terra.
2312 2496 2571 2577 tjtiqnaan,
2627 2508 2679 2577 ut
2718 2500 2937 2577 uenirent
2983 2449 3221 2577 Ephrem,
3268 2502 3459 2577 peperit
3492 2498 3678 2553 Rachel

2145 2564 2350 2631 (Ibid).
2383 2565 2607 2633 Verbum
2640 2566 2943 2619 ilebraicnm
2982 2564 3229 2619 Cabratlta
3270 2564 3679 2633 inconsequeo.

2148 2633 2306 2693 tibus,
2337 2634 2419 2684 ubi
2447 2632 2609 2703 Jacob
2638 2634 2862 2699 loquitur
2890 2637 2951 2687 ad
2970 2636 3162 2703 Josepli
3192 2654 3203 2685 :
3242 2633 3348 2701 Ego
3373 2632 3545 2686 autem
3568 2653 3673 2688 cum

2144 2704 2386 2772 venissent
2407 2702 2469 2751 de
2500 2701 2859 2772 Mesopotamia
2900 2704 3063 2772 Syria:
3089 2701 3289 2772 mortua
3313 2714 3383 2756 est
3408 2715 3567 2756 mater
3597 2717 3676 2756 tua

2149 2769 2333 2840 Rachel
2370 2771 2421 2840 in
2452 2780 2582 2840 terrg
2608 2769 2860 2832 Chanaan,
2894 2769 2957 2823 ἐπ’
2976 2774 3053 2824 via
3078 2771 3438 2840 Hippodromi,
3467 2783 3517 2823 iit
3542 2778 3676 2824 reni—

2147 2854 2247 2889 rem
2277 2835 2501 2902 Eplirata
2523 2836 2669 2905 (Gen.
2699 2840 2895 2906 vaiii),
2926 2842 3099 2894 nescio
3129 2835 3252 2905 quid
3283 2843 3521 2893 volentes
3552 2841 3677 2908 Hip-

2148 2908 2440 2971 podromum
2480 2908 2813 2973 Septuaginta
2854 2911 3163 2973 interpretes
3194 2911 3599 2970 transtulerunt,
3628 2922 3676 2963 et

2144 2977 2317 3027 statim
2360 2974 2465 3043 ibi,
2492 2976 2586 3043 ubi
2646 2976 2695 3026 in
2740 2977 2956 3029 Hebrive
2982 2978 3209 3029 dicitur:
3267 2978 3327 3028 Et
3379 2978 3675 3043 sepelierunt

2145 3058 2254 3094 eam
2299 3045 2351 3095 in
2378 3041 2743 3109 viauiplirata,
2789 3047 2884 3099 hoc
2927 3057 3042 3109 est,
3096 3041 3441 3107 tietlileheiii,
3476 3061 3675 3098 rursum

2147 3112 2479 3179 Septuaginta
2512 3112 2820 3177 interpretes
2852 3128 2943 3179 pro
2968 3113 3196 3181 Ephrata
3227 3125 3513 3175 posuerunt
3546 3113 3672 3179 Hip-

2072 3182 2114 3243 C
2146 3182 2456 3243 podromum.
2492 3196 2608 3231 cum
2632 3182 2807 3247 utique
2826 3183 2869 3233 si
2896 3182 3147 3233 (labratlia
3173 3182 3556 3247 Hippodromus
3579 3194 3673 3245 est,

2154 3250 2381 3313 Ephrata
2414 3248 2795 3313 Hippodronius
2839 3264 2955 3302 esse
2990 3266 3094 3301 non
3128 3253 3306 3312 possit.
3358 3252 3544 3315 Aquila
3583 3265 3674 3302 auo

2153 3318 2385 3368 tetii.hoc
2422 3317 2489 3366 ita
2530 3318 2805 3382 transtulit,
2861 3318 2924 3368 Et
2954 3320 3138 3378 factum
3163 3328 3234 3370 est
3255 3360 3267 3379 ,
3319 3321 3424 3371 καθ’
3455 3319 3566 3372 ὁδὸν
3591 3330 3678 3378 τῆς

2146 3393 2257 3454 γῆς,
2290 3386 2338 3435 in
2360 3385 2531 3454 itinere
2555 3385 2952 3438 terrteintroieis
2979 3388 3029 3437 in
3074 3388 3318 3451 Epttrata.
3360 3387 3472 3439 Sed
3497 3390 3676 3439 melius

2147 3451 2225 3505 eat
2256 3456 2299 3504 si
2330 3451 2687 3522 transferatur,
2732 3455 2781 3505 in
2809 3456 2959 3507 electo
2989 3464 3133 3507 teme
3158 3467 3395 3522 tempore,
3446 3471 3558 3505 cum
3595 3458 3676 3506 in-

2145 3522 2335 3573 troierit
2374 3520 2621 3587 Epitrata.
2668 3526 2830 3575 l’orro
2874 3539 3091 3575 vernum
3142 3520 3345 3590 tempus
3400 3526 3673 3590 signiﬁcat.

2146 3603 2261 3642 eum
2292 3591 2343 3641 in
2373 3591 2552 3641 liorem
2575 3600 2756 3643 cuncta
2781 3605 3089 3658 rumpuntur
3110 3604 3158 3643 et
3189 3595 3307 3643 anni
3340 3602 3547 3657 tempus
3575 3596 3676 3647 ele-

2145 3667 2283 3709 ctum
2323 3666 2439 3711 est:
2472 3658 2549 3708 Vt‘l
2578 3673 2693 3710 cum
2726 3670 3054 3713 tiauseuntes
3083 3675 3173 3726 per
3204 3662 3335 3712 viam
3379 3674 3595 3726 carpunt
3626 3672 3674 3713 et

2145 3727 2343 3788 eligunt
2366 3742 2396 3777 e
2428 3727 2609 3777 vicinis
2640 3730 2793 3791 agris,
2842 3728 3186 3794 quodcunque
3232 3730 3297 3781 ad
3341 3744 3552 3779 manum
3582 3744 3667 3781 ve-

2146 3795 2300 3853 nerit,
2327 3795 2546 3845 diversis
2577 3795 2809 3846 floribus.
2861 3796 3085 3863 prrata
3117 3812 3239 3849 vero
3282 3810 3331 3849 et
3364 3798 3664 3849 Bethlelieni

2145 3864 2296 3933 unius
2326 3864 2466 3933 urbis
2496 3863 2796 3933 vocabulum
2826 3874 2925 3928 est,
2969 3867 3066 3917 sub
3094 3866 3526 3933 interpretatione
3550 3880 3668 3918 ion-

2144 3931 2335 3993 siniili;
2365 3931 2616 3993 siquidem
2650 3933 2949 3986 Bethlehem
2982 3934 3032 3983 in
3063 3931 3272 3985 domum
3317 3933 3479 3997 patris
3511 3937 3664 3985 verti-

2105 4008 2245 4057 -tur.
2295 4011 2505 4065 propter
2550 4014 2667 4050 eum
2717 4015 2898 4067 panem
2943 4002 3028 4068 qui
3058 4003 3121 4054 de
3151 4007 3284 4055 creto
3332 4001 3667 4055 descendisse

2086 4090 2093 4097 ·
2142 4068 2349 4120 dicitur.
2383 4068 2628 4133 Sequitur
2660 4086 2670 4118 :

2212 4136 2277 4188 Et
2306 4141 2491 4205 factum
2516 4146 2584 4185 est
2611 4152 2722 4187 cum
2750 4138 3014 4189 dimitteret
3034 4140 3255 4189 animum
3281 4138 3541 4206 (siquidem
3573 4154 3672 4187 mo.

2140 4206 2379 4273 riebatur)
2413 4206 2601 4255 vocavit
2654 4221 2828 4255 nomen
2855 4211 2963 4274 ejus
3006 4206 3141 4274 ﬁlius
3179 4208 3348 4260 odoris
3376 4210 3492 4257 mei.
3526 4206 3674 4256 I'ulrr

2117 4290 2252 4326 κυενο
2272 4277 2391 4343 ejus,
2432 4274 2614 4343 vocavit
2644 4288 2831 4343 nomen
2863 4273 2969 4341 ejus
2988 4273 3304 4343 _Benjamin.
3350 4276 3418 4343 In,
3457 4274 3672 4325 chl’d'u

2142 4340 2430 4392 similitudo
2462 4340 2685 4391 nominis
2716 4340 2942 4395 resiinut.
2977 4340 3139 4395 Filius
3177 4347 3313 4396 enim
3336 4342 3522 4393 doloris
3551 4346 3665 4403 mei,

2143 4410 2279 4528 quod
2311 4425 2497 4461 nomen
2523 4411 2930 4463 niaterinoriens
2949 4413 3212 4475 imposuit,
3242 4414 3431 4463 dicitur
3454 4410 3659 4462 Benoni.

2178 4478 2308 4528 'ilius
2333 4494 2441 4528 vero
2470 4477 2701 4528 dcxlerte.
2731 4478 2827 4528 hoc
2854 4490 2931 4528 est
2953 4481 3174 4528 virtutis.
3206 4483 3341 4528 quod
3368 4481 3530 4528 Iacob
3556 4496 3659 4528 inu-

2178 4478 2308 4529 ‘ilius
2333 4494 2441 4530 vero
2458 4477 2701 4547 desierat,
2731 4478 2827 4530 hoc
2854 4490 2931 4530 est
2953 4481 3175 4547 virtutis,
3206 4483 3341 4547 quod
3368 4481 3530 4533 Jactib
3556 4496 3664 4528 inu-

2071 4519 2114 4575 ί)
2142 4519 2931 4614 ἱεᾞῖεἷρῥέιῐᾶἴιὲῖἓὶιῡᾶἷιιῖἇ.’
2958 4519 3461 4609 ϋὶιὶῖέ’ἑὲι-ἶῖιῖ“ρίἷί”
3485 4519 3665 4612 Suilii

2139 4616 2405 4681 Beniamin
2454 4615 2616 4665 lilium
2660 4615 2861 4665 dierum
2919 4616 3266 4680 interpretari.
3326 4616 3455 4669 Cum
3526 4616 3661 4665 enim

2134 4684 2314 4736 dextra
2354 4686 2639 4748 appelletur
2658 4682 2846 4750 janiin,
2891 4692 2944 4735 et
2973 4682 3179 4738 ﬁniatur
3226 4686 3275 4738 in
3326 4703 3355 4735 n
3406 4685 3664 4736 litteram:

2132 4753 2245 4803 dies
2291 4755 2479 4819 quippe
2521 4754 2843 4816 appellantur
2883 4761 2935 4803 et
2964 4752 3262 4819 ipsijamin,
3294 4752 3385 4805 sed
3435 4754 3487 4804 iii
3518 4768 3563 4801 in
3594 4752 3673 4803 lit-

2137 4828 2299 4871 teram
2335 4818 2693 4871 terminantur.
2725 4820 2967 4884 Sequitur
2988 4818 3008 4873 '2

2204 4886 2268 4937 Et
2309 4887 2554 4951 profectus
2591 4899 2660 4937 est
2711 4885 2894 4950 Israel,
2938 4900 2985 4941 et
3031 4898 3249 4941 extendit
3292 4890 3667 4940 tabernaculum

2141 4963 2277 5005 trans
2330 4958 2504 5006 turrim
2543 4958 2595 5006 in
2636 4957 2787 5008 Ader.
2842 4957 2985 5008 llunc
3028 4959 3193 5007 locum
3238 4958 3438 5010 Hebrzti
3498 4959 3664 5007 volunt

2139 5038 2256 5075 esse
2295 5025 2377 5073 ubi
2430 5036 2603 5086 postea
2633 5026 2878 5090 templum
2927 5025 3232 5092 aedilicstuiii
3261 5038 3359 5092 est,
3390 5036 3445 5077 et
3483 5030 3667 5076 tuirim

2140 5093 2296 5151 Ader,
2319 5094 2497 5143 turrim
2520 5106 2689 5158 gregis
2719 5091 3017 5158 signiﬁcari,
3058 5095 3153 5143 hoc
3189 5106 3270 5147 est
3296 5091 3667 5161 cuiigregatio-

2142 5162 2221 5210 nis
2258 5170 2308 5211 et
2347 5174 2530 5221 CtBltlS,
2553 5163 2688 5224 quod
2719 5172 2768 5211 et
2798 5161 3035 5210 MlCIIU'aS
3068 5165 3311 5228 prepheta
3342 5175 3556 5213 testatur
3586 5162 3665 5209 di-

2139 5243 2263 5281 cens
2305 5245 2315 5277 :
2348 5228 2408 5279 Et
2447 5239 2498 5278 tu
2538 5230 2688 5297 turris
2728 5230 2887 5294 gregis
2910 5228 3163 5292 nebulasa,
3200 5232 3304 5297 ﬁlia
3349 5230 3472 5282 Sion
3500 5270 3513 5288 .
3562 5236 3663 5278 etc.

2145 5298 2235 5348 Illo
2265 5306 2497 5363 tempore
2528 5296 2685 5347 Jacob
2716 5306 2854 5345 trans
2886 5297 3049 5347 locum
3084 5302 3165 5349 uni
3220 5311 3394 5364 postea
3439 5298 3655 5348 iii-dilicu-

2152 5374 2259 5415 tum
2287 5376 2361 5417 est
2394 5366 2660 5427 templum,
2692 5364 2929 5415 habuisse
2960 5369 3173 5419 tentoria
3208 5384 3219 5417 :
3249 5370 3338 5419 sed
3391 5368 3433 5416 si
3477 5378 3655 5425 sequa-

2149 5448 2266 5485 mur
2287 5434 2515 5485 oriliiieiu
2549 5436 2659 5489 viie.
2716 5442 2974 5495 pastorum
2998 5435 3142 5499 juxta
3177 5436 3480 5488 llethlebcm
3520 5432 3661 5483 locus

2149 5511 2247 5563 est,
2266 5502 2348 5552 ubi
2377 5505 2452 5552 vel
2482 5502 3003 5567 angelorumgrexin
3026 5512 3141 5554 ortu
3161 5506 3380 5556 cecinit:
3403 5502 3476 5551 vel
3504 5500 3666 5552 Jacob

2150 5583 2333 5632 peciira
2363 5582 2453 5619 sua
2483 5570 2636 5632 pauit,
2672 5573 2784 5621 loco
2814 5586 3004 5623 nomen
3052 5572 3323 5638 imponetis
3355 5587 3368 5621 :
3398 5569 3499 5632 vel.
3529 5571 3670 5629 quod

2146 5640 2316 5690 verius
2346 5648 2446 5700 est,
2487 5641 2707 5703 quodam
2739 5639 2975 5691 vaticinio
3007 5640 3228 5692 futurum
3270 5641 3377 5709 jam
3406 5650 3524 5693 tunc
3553 5652 3685 5701 my-

2145 5714 2357 5760 stcriuui
2382 5708 2779 5761 nionstiabalur.
3273 5708 3281 5709 ί
3526 5714 3529 5719 ι
