3914 6228
499 270 598 325 ὅῖὶί)

979 256 1177 312 naua:
1221 251 1661 308 vensmmus
1699 251 1845 306 ore.
1891 226 2062 304 rans

2183 247 2367 302 SiiCT.
2414 245 2474 298 II.
2517 274 2577 284 -—
2621 243 2816 297 ῡυιιιει
2861 243 2944 295 ET
2985 240 3251 296 SPURIA.

3624 227 3723 284 ἴδ’)

502 377 687 430 alebat.
721 370 877 438 Cujus
921 367 1128 438 quidem
1160 361 1658 438 conditoreselTecti
1690 369 1812 438 sunt
1840 360 2016 438 do_cto-
2053 364 2101 417 Α
2125 359 2226 410 alia
2247 358 2401 438 tribus
2430 353 2687 438 [lcet-31...]?
2695 355 2765 406 iat
2793 354 2993 406 coluber
3030 352 3139 404 Dan
3171 352 3222 402 in
3255 351 3360 413 via,
3391 354 3646 400 cerastes
3671 342 3718 391 in

503 429 586 499 res
627 429 896 499 Ecclesiae,
940 429 1028 504 qui
1076 436 1259 486 fortem
1308 442 1361 504 et
1402 431 1630 504 validum
1671 429 2024 504 vterbi‘cibum

504 513 754 567 mandunt
780 517 934 570 atque
962 499 1299 570 distribuunt.
1348 500 1630 570 De_quibus
1658 499 1781 550 dicit
1812 499 2037 563 Apusto-

504 566 582 634 lus
609 581 658 632 iu
692 566 921 643 Epistula
953 575 1025 643 ad
1051 566 1296 643 Hebraeos
1327 587 1363 643 °._
1396 568 1740 643 Perfectorum
1770 575 1838 617 est
1869 573 2038 643 autem

504 651 694 702 solidus
728 636 863 696 cibus
906 641 1082 711 (Hebr.
1120 641 1195 706 v).
1245 636 1854 711 Etgbeuegcandidiores
1899 636 2040 710 ~lacte

508 720 690 770 dentes
715 716 828 780 ejus
854 703 997 764 dicit.
1034 703 1228 762 Omnes
1257 709 1393 780 enim
1424 709 1509 772 qui
1543 703 1758 780 perfecti
1804 707 1946 765 sunt,
1987 712 2039 780 et

508 789 594 853 qui
631 771 1014 853 Scripturarum
1055 781 1201 853 cibos
1228 771 1575 853 explanantes
1592 773 1832 853 subtilem
1866 780 1918 853 et
1946 771 2042 849 tui-

510 841 691 908 fmtum
734 841 1051 902 intellectum
1099 848 1182 912 qui
1234 843 1479 910 spiritalis
1521 843 1738 912 dicitur,
1791 841 2042 912 Ecclesia:

510 923 715 986 corpori
747 911 1182 986 subministrant,
1205 912 1409 986 candidi
1449 911 1639 963 debent
1668 923 1784 962 esse
1815 920 1866 960 et
1905 911 2039 974 puri,

511 984 664 1058 alque
691 989 756 1040 ab
778 988 918 1039 omni
945 984 1142 1058 macula
1173 984 1288 1058 libet

587 1048 943 1124 Hieronymus.
965 1082 1031 1093 —-
1058 1052 1285 1103 Isaac/lar
1305 1055 1484 1124 bonum
1514 1049 1830 1107 desideravit,
1852 1048 2046 1124 requie-

512 1145 651 1182 scens
681 1118 807 1178 inter
835 1127 1020 1174 medios
1049 1125 1206 1174 cteros
1233 1128 1276 1170 et
1305 1121 1474 1171 videns
1513 1134 1751 1185 requiem,
1781 1118 1894 1182 quia
1924 1120 2048 1168 bona

512 1211 614 1257 est;
647 1209 688 1246 et
713 1207 913 1256 terram,
941 1193 1056 1259 quia
1081 1191 1298 1259 pinguis.
1324 1187 1600 1255 Supposuit
1623 1188 1881 1259 humerum
1903 1201 2048 1259 suum

516 1254 961 1323 adlaborandum,
981 1269 1025 1311 et
1053 1254 1211 1326 ﬂictus
1248 1267 1319 1308 est
1348 1258 1418 1326 vir
1441 1254 1668 1324 agricola
1711 1254 1857 1321 (Cen.
1886 1256 2046 1321 sus).

517 1332 581 1388 In.
606 1335 823 1386 Hebraeo
855 1330 923 1380 ita
955 1323 1206 1392 scriptum
1238 1334 1317 1376 est
1348 1344 1358 1375 :
1395 1323 1630 1376 Issucliar
1668 1327 1839 1374 asinus
1885 1339 2052 1375 osseus

515 1403 799 1455 recumbens
821 1400 946 1449 inter
969 1399 1226 1453 terminos,
1251 1404 1295 1445 et
1324 1397 1494 1445 videns
1521 1394 1758 1459 requiem,
1784 1396 1900 1459 quia
1923 1394 2053 1443 bona

516 1483 623 1532 cst;
677 1480 720 1523 et
776 1467 974 1527 terram,
1023 1466 1142 1532 quia
1198 1463 1426 1529 pulchra.
1479 1462 1749 1532 Inclinavit
1798 1465 2054 1512 humerum

518 1557 663 1592 suum
689 1539 753 1590 ad
782 1531 1102 1605 portandum,
1134 1544 1187 1605 ct,
1205 1536 1364 1599 [actus
1393 1542 1463 1584 est
1492 1531 1803 1605 intributum
1823 1531 2052 1605 seruiens.

525 1610 651 1675 Quia
697 1599 850 1672 supra
881 1603 1112 1655 Zabulou
1143 1604 1362 1675 dixerat,
1393 1601 1528 1670 quod
1573 1604 1732 1653 maris
1761 1599 1933 1675 magni
1971 1600 2056 1652 lit-

522 1669 632 1729 ὧτε
660 1669 798 1730 esset
823 1687 1176 1740 possessurtts,
1212 1669 1461 1723 Sidonetn
1498 1685 1704 1740 quoque
1724 1679 1800 1740 (et
1827 1669 2053 1732 reliquas

523 1745 784 1805 thnicis
812 1739 968 1795 nrbes
995 1743 1343 1808 contingeret,
1370 1754 1504 1791 nunc
1527 1739 1590 1789 ad
1618 1739 2053 1808 mediterraneum

520 1815 838 1882 provinciam
873 1809 1027 1882 redit,
1064 1819 1117 1882 c_t
1139 1806 1396 1882 Issairhar,
1427 1809 1514 1882 qui
1546 1808 1692 1875 juxta
1725 1806 2058 1872 Ncpltthalitu

524 1877 926 1949 pulcherrimam
976 1881 1026 1932 itt
1071 1877 1279 1949 Galilaea
1331 1880 1542 1949 regione
1593 1891 1928 1944 possessurus
1958 1885 2059 1940 est,

468 1987 476 1995 -
525 1947 888 2005 benedictione
931 1963 1021 2000 sua
1055 1948 1396 1999 habitatorem
1445 1947 1587 1999 facit.
1637 1949 1853 1999 Asinum
1885 1956 2060 1996 autem

525 2031 733 2074 usseu‘m
767 2028 937 2082 vocat,
987 2030 1037 2069 ει
1086 2016 1355 2068 humerum
1401 2017 1464 2067 ad
1497 2015 1830 2082 portandum,
1863 2013 1981 2082 quia
2013 2016 2061 2064 in

525 2092 701 2142 labore
735 2099 904 2149 terrm,
926 2081 985 2139 et
1010 2085 1260 2137 vehendis
1281 2086 1344 2136 ad
1375 2081 1538 2148 mare,
1571 2099 1686 2151 qua:
1728 2086 1777 2133 iu
1809 2086 1916 2134 suis
1947 2081 2065 2133 ﬁtti-

527 2160 624 2211 bus
655 2160 1021 2218 nascebantur,
1048 2155 1328 2221 plurimum
1363 2154 1578 2213 laboret,
1615 2152 1822 2220 regibus
1858 2165 2066 2218 quoque

525 2229 716 2280 tributa
747 2233 1103 2290 comportatis.
1147 2222 1323 2275 Aiuut'
1348 2221 1550 2275 Hebrmi
1584 2237 1673 2289 per
1704 2222 2063 2290 metaphoram

527 2295 809 2361 sipnilicari
868 2289 1026 2360 quod,
1083 2294 1380 2359 Scripturas
1427 2302 1631 2361 sanctas
1675 2289 1763 2361 die
1812 2304 1874 2361 ac
1919 2299 2069 2341 nocte

535 2358 813 2425 meditans,
843 2358 1068 2413 studium
1100 2358 1248 2414 suum
1279 2361 1482 2412 dederit
1527 2359 1590 2410 ad
1622 2358 1991 2420 laborandum,
2018 2365 2070 2409 et

529 2433 724 2485 idcirco
745 2436 790 2486 ei
811 2447 990 2484 omnes
1010 2430 1178 2482 tribus
1202 2428 1454 2492 serviant,
1485 2428 1631 2495 quasi
1662 2429 1910 2495 magistro
1933 2429 2068 2479 dona

533 2513 822 2571 portantes.
1555 2510 1558 2513 ’

606 2587 986 2659 Recapitulatio.
1012 2618 1082 2629 ——
1103 2585 1339 2640 lssacltar
1372 2585 1541 2638 asinus
1588 2585 1731 2659 fortis
1762 2582 1966 2659 (Ibid).
2003 2584 2074 2637 Is-

535 2655 748 2723 sachar,
768 2663 902 2723 quod
935 2655 1308 2722 interpretatur
1336 2670 1544 2714 merces,
1576 2655 1798 2723 refertur
1821 2655 1882 2704 ad
1909 2668 2071 2720 popu-

533 2729 638 2780 lum
669 2722 917 2794 gentium,
950 2739 1105 2791 quem
1134 2724 1383 2794 Dominus
1407 2722 1674 2794 sanguinis
1695 2724 1775 2794 sui
1799 2725 1966 2789 pretio
1992 2730 2074 2794 est

539 2791 819 2849 intercatus.
854 2795 944 2847 llic
990 2791 1226 2845 Issacbar
1269 2792 1444 2843 asinus
1476 2792 1622 2845 tortis
1659 2793 1923 2855 scribitur,
1954 2793 2073 2859 quia

537 2869 678 2931 prius
704 2863 914 2934 gentilis
947 2864 1166 2934 populus
1195 2861 1341 2934 quasi
1371 2862 1574 2934 brutum
1603 2861 1794 2913 animal
1826 2871 1880 2914 et
1911 2863 2074 2913 luxu-

538 2929 734 2986 i-iusutu
770 2942 901 2990 erat,
932 2930 1176 2998 nullaque
1200 2930 1401 2983 ratione
1431 2929 1751 2992 subsistens;
1781 2944 1916 2982 nunc
1946 2944 2074 2982 vero

2120 428 2331 489 semita,
2365 434 2466 477 etc.
2493 423 2702 497 (Ibid).

2209 517 2310 568 Alii
2340 517 2518 569 dicunt
2549 516 2924 568 Antichrisunn
2972 528 3063 578 per
3102 507 3218 565 haec
3263 510 3425 563 verba
3456 502 3721 580 praedici.

2137 595 2190 638 et
2215 587 2280 637 de
2305 587 2400 637 ista
2433 586 2567 637 tribu
2608 584 2873 646 futurum;
2911 572 3000 633 alii
3043 582 3108 634 de
3149 581 3302 652 Juda,
3337 594 3366 630 a
3401 591 3521 644 quo
3556 572 3722 652 tradi-

2140 664 2222 706 tus
2250 667 2324 705 est
2345 655 2602 706 Christus.
2634 654 2754 704 lltec
2777 653 2970 718 scripta
2995 650 3332 717 pronuntiant
3355 661 3408 701 et
3433 650 3716 711 equitem,

2139 734 2292 790 atque
2338 722 2604 774 dominum
2648 736 2764 774 cum
2797 735 2954 790 carne
2998 728 3236 790 suscepta
3283 718 3596 781 designare
3632 727 3721 759 w-

2139 787 2266 845 lurit.
2299 791 2606 844 Retrorsum
2649 799 2822 841 autem
2854 789 3063 854 cadere,
3099 801 3150 839 ιιι
3204 787 3252 839 iu
3287 798 3495 838 terram
3536 795 3720 854 rever-

2141 869 2358 920 teretur,
2389 861 2454 911 de
2483 874 2580 926 qua
2611 871 2846 918 sumptus
2871 868 2982 920 est;
3018 851 3108 909 scd
3136 858 3255 923 quia
3294 855 3383 926 die
3429 851 3602 926 ter_tia
3640 866 3720 926 re-

2141 930 2385 984 surrexit.
2414 921 2531 979 ideu
2561 930 2636 982 ait
2660 946 2671 979 :
2701 928 2936 979 Salutare
2962 937 3100 978 tuum
3123 921 3448 992 eispectabo,
3495 921 3722 992 Domine

2147 998 2352 1064 (lbid.).
2403 995 2547 1049 Sicut
2589 1006 2642 1050 et
2688 1013 2777 1062 per
2831 996 2991 1049 David
3033 991 3350 1047 dicitiNon
3379 991 3724 1064 derelinques

2143 1061 2362 1118 animum
2400 1082 2561 1118 msam
2589 1068 2638 1118 in
2660 1061 2854 1129 inferno
2891 1065 3055 1130 (Psal.
3087 1063 3196 1131 xv).
3235 1065 3358 1115 Ilico
3390 1061 3626 1131 quidem
3655 1063 3719 1109 ita

2146 1145 2431 1201 exponunt.
2466 1137 2564 1188 Alii
2597 1144 2771 1187 autem
2807 1129 2940 1188 hanc
2971 1129 3296 1201 prophetiam
3330 1132 3393 1183 ad
3431 1129 3717 1201 Antichri.

2147 1199 2281 1257 Stum
2331 1206 2670 1266 transierunt,
2724 1219 2815 1266 pro
2855 1218 2919 1256 eu
2964 1203 3098 1268 quod
3131 1203 3177 1251 in
3214 1200 3312 1252 hoc
3349 1201 3471 1251 Ιοεο
3523 1199 3643 1250 Dan
3671 1209 3721 1248 et

2147 1274 2361 1326 Colubcr
2389 1273 2661 1332 asseritur,
2707 1281 2760 1325 et
2801 1273 3064 1324 mordens.
3109 1269 3255 1323 Unde
3283 1279 3338 1320 et
3369 1285 3477 1320 non
3534 1269 3721 1319 imme-

2151 1343 2274 1402 rito.
2304 1344 2427 1395 dum
2478 1341 2790 1394 Israeliticus
2821 1342 3040 1407 populus
3088 1350 3252 1390 terras
3299 1340 3350 1389 itt
3399 1348 3719 1407 castrorum

2155 1415 2431 1476 partitione
2474 1406 3056 1479 susceperat,’priu:us
3111 1409 3218 1479 Dan
3267 1409 3332 1459 ad
3381 1406 3719 1479 Aquilonem

2153 1491 2320 1533 castra
2368 1490 2589 1533 metatus
2636 1477 2738 1543 est,
2772 1480 2913 1532 illum
2944 1479 3144 1530 scilicet
3179 1477 3489 1542 signiﬁcans
3528 1477 3622 1538 qui
3673 1477 3720 1524 in

2155 1551 2314 1603 corde
2338 1566 2431 1602 suo
2462 1551 2664 1602 dixerat
2691 1567 2701 1600 :
2737 1548 2929 1603 Sedebo
2960 1548 3009 1598 in
3041 1557 3204 1597 monte
3241 1545 3535 1596 testamenti
3563 1546 3618 1594 in
3652 1546 3721 1592 ta-

2156 1618 2337 1674 teribus
2366 1620 2670 1686 Aquilonis:
2712 1619 2977 1670 ascendam
3015 1615 3330 1686 altitudinem
3361 1615 3611 1686 nubium,
3657 1612 3723 1664 si-

2087 1695 2128 1751 B
2156 1690 2290 1742 milis
2318 1706 2400 1739 ero
2422 1682 2680 1739 'Allissimo
2704 1687 2853 1753 (Isai.
2880 1688 3010 1746 XIV).
3046 1685 3116 1736 De
3145 1698 3247 1748 quo
3277 1698 3367 1749 per
3396 1682 3719 1753 prophetam

2158 1757 2387 1812 dicitur:
2439 1757 2476 1808 Α
2526 1753 2637 1807 Dan
2685 1751 2886 1808 auditus
2929 1765 3000 1807 est
3050 1753 3274 1820 fremitus
3313 1768 3566 1818 equorum
3616 1751 3722 1817 ejus

2165 1827 2370 1897 (Jerem.
2403 1825 2532 1892 vttt),
2574 1828 2684 1897 qui_
2707 1841 2808 1876 non
2847 1824 3013 1897 solum
3043 1823 3275 1897 coluber,
3307 1825 3396 1872 Sed
3430 1827 3603 1897 ελδερ
3638 1837 3719 1871 ce-

2165 1890 2330 1950 rastes
2371 1890 2605 1947 vocatur.
2647 1894 2858 1946 Cerasta
2897 1895 3036 1946 enim
3070 1891 3492 1945 Grmcecoruua
3539 1890 3721 1941 dicun-

2166 1975 2262 2026 tur,
2298 1977 2616 2031 serpeusque
2660 1961 2744 2015 hic
2787 1970 3036 2015 cornutos
3073 1975 3191 2014 esse
3240 1959 3582 2027 perhibetur,
3633 1973 3721 2031 per

2163 2037 2317 2100 Quem
2382 2028 2831 2086 recteuadventus
2883 2031 3186 2100 Antichristi
3238 2031 3538 2100 asseritur,

2165 2097 2343 2155 contra
2372 2103 2506 2166 viam
2539 2101 2766 2153 ﬁdelium
2811 2114 2987 2164 morsu
3031 2097 3288 2165 pestiferi?
3317 2099 3718 2163 praedicationis

2165 2171 2475 2233 armabitur,
2527 2172 2680 2222 etiam
2730 2171 2975 2222 cornibus
3020 2168 3308 2235 potestatis.
3351 2166 3482 2232 Quis
3533 2175 3711 2235 autem

2169 2240 2366 2294 nesciat
2391 2231 2626 2292 semitam
2656 2231 3179 2305 angustiorem-esse,
3211 2231 3540 2303 quamviam
3563 2236 3587 2285 ἲ
3637 2231 3717 2284 Fit

2168 2324 2292 2373 ergo
2335 2309 2534 2362 coluber
2579 2309 2629 2371 in
2667 2310 2744 2360 via
2775 2305 2923 2375 (Gen.
2956 2306 3119 2372 χιιι),
3165 2307 3288 2372 quia
3333 2305 3384 2356 in
3437 2306 3718 2375 praesentis

2171 2380 2289 2430 vitae
2313 2378 2636 2431 latitudinem
2665 2392 2756 2429 eos
2776 2374 3043 2428 ambulare
3065 2385 3330 2435 provocat,
3353 2375 3549 2440 quibus
3572 2374 3716 2438 quasi

2173 2449 2432 2515 parcendo
2484 2447 2788 2509 blanditur,
2828 2445 2919 2497 sed
2966 2445 3015 2504 in
3047 2441 3126 2515 via
3171 2444 3398 2515 mordet,
3449 2443 3575 2508 quia
3627 2457 3714 2494 eos

2170 2512 2357 2584 quibus
2396 2515 2683 2570 libertatem
2714 2515 2910 2582 tribuit,
2940 2513 3136 2584 erroris
3180 2512 3506 2584 suiiveneuor
3537 2525 3715 2563 consu-

2173 2578 2285 2638 mit.
2320 2584 2403 2637 Fit
2432 2586 2619 2638 iterum
2647 2579 2858 2636 cerastes
2888 2586 2938 2635 in
2964 2583 3142 2635 semita
3172 2578 3382 2649 (ΗΜΛ,
3424 2583 3545 2646 quia
3573 2596 3716 2647 quos

2176 2654 2352 2707 ﬁdeles
2382 2656 2594 2719 reperit,
2624 2663 2673 2706 et
2703 2667 2820 2705 sese
2848 2654 2913 2705 ad
2947 2653 3188 2716 prtecepti
3226 2651 3461 2703 caelestis
3492 2663 3710 2717 angusta

2175 2723 2359 2776 itinera
2405 2725 2840 2790 constringentes,
2886 2735 2987 2792 non
3021 2722 3187 2792 solum
3237 2722 3470 2785 nequitia
3512 2720 3713 2792 callida:

2177 2793 2524 2858 persuasionis
2568 2787 2803 2858 impetit.
2855 2787 2946 2844 sed
2993 2791 3150 2844 etiam
3194 2800 3398 2856 terrore
3443 2787 3713 2853 potestatis

2177 2864 2382 2929 premit,
2413 2873 2465 2914 et
2499 2863 2550 2915 in
2579 2862 2956 2927 persecutionis
2984 2872 3179 2927 angore
3219 2870 3334 2923 post
3375 2858 3630 2929 benetieia
3658 2859 3712 2907 li-

2175 2925 2274 2983 cta:
2299 2925 2592 2984 dulcedinis
2614 2939 2824 2983 exercet
2844 2943 3038 2982 cornua
3059 2925 3355 2995 potestatis.
3379 2927 3491 2990 Quo
3517 2925 3569 2977 in
3603 2929 3710 2978 loco

538 3005 687 3077 tortis
730 3009 825 3077 est,
852 2996 1202 3077 Itedetnporis
1237 3000 1479 3077 dominio
1519 3000 1664 3077 colla
1692 2999 1977 3077 subjiciens
2020 3009 2072 3053 et
2102 3017 2146 3077 ρ
2179 3014 2364 3077 equus_
2394 2999 2531 3053 hunc
2571 3000 2821 3077 mundum
2868 2999 3114 3065 insinuat,
3165 2996 3252 3062 qui
3301 3010 3392 3061 per
3439 2997 3709 3072 elationem

535 3072 716 3138 jugum
735 3068 1023 3136 disciptiua:
1046 3068 1329 3120 Dominica:
1352 3078 1403 3121 et
1424 3067 2071 3135 evangelica-praferens.

540 3137 633 3192 llic
663 3139 920 3191 accubans
945 3147 1075 3189 inter
1107 3137 1358 3190 terminos
1386 3139 1513 3187 vidit
1543 3140 1798 3202 requiem,
1821 3139 1957 3203 quod
1991 3150 2075 3188 es-

541 3221 620 3260 set
651 3208 815 3269 bona;
859 3215 912 3259 et
943 3214 1157 3268 terram,
1190 3203 1326 3272 quod
1371 3207 1586 3269 Optima.
1635 3205 1772 3257 Inter
1821 3206 2074 3258 terminos

540 3291 766 3343 namque
796 3278 1069 3333 accubare,
1103 3283 1183 3326 est
1213 3275 1509 3340 prtestolato
1539 3273 1714 3326 mundi
1746 3274 1847 3328 line
1869 3275 2076 3341 requie—

538 3353 709 3410 scere,
742 3345 971 3410 nihilque
995 3345 1058 3395 de
1087 3344 1166 3395 his
1196 3358 1294 3409 qua
1341 3357 1477 3395 nunc
1508 3353 1778 3410 versantur
1809 3343 1856 3394 iu
1899 3343 2075 3394 medio

539 3408 795 3480 qtnereie,
827 3408 918 3467 sed
957 3412 1133 3465 ultima
1161 3408 1483 3465 desiderare.
1515 3411 1575 3462 Et
1605 3408 1754 3480 fortis
1780 3412 1956 3463 asinus
1983 3426 2078 3480 rer-

540 3479 716 3548 quiem
743 3484 893 3544 vidit,
925 3491 977 3535 et
1005 3492 1194 3534 terram
1224 3484 1498 3543 optimam,
1527 3495 1644 3530 cum
1671 3479 1888 3545 simplex
1910 3479 2078 3546 genti-

548 3553 689 3612 litas,
716 3552 907 3604 idcirco
937 3565 994 3603 se
1021 3550 1084 3602 ad
1117 3549 1273 3600 robur
1303 3549 1421 3600 boni
1453 3551 1628 3615 operis
1657 3549 1827 3614 erigit,
1865 3549 1982 3613 quia
2011 3548 2075 3600 ad

549 3631 759 3671 acterna:
787 3621 900 3671 vita:
924 3619 1139 3684 patriam
1171 3617 1352 3669 tendit.
1381 3615 1526 3669 Unde
1547 3619 1702 3668 etiam
1730 3617 1868 3681 ponit
1895 3619 2078 3669 Imme—

551 3702 666 3738 rum
695 3702 843 3738 suum
875 3691 939 3738 ad
972 3686 1305 3752 portandum,
1350 3687 1468 3751 quia
1499 3686 1620 3736 dum
1669 3686 1731 3736 ad
1771 3687 2077 3752 promissam

550 3755 782 3817 requiem
828 3757 1097 3819 pervenire
1143 3754 1422 3816 desiderat,
1476 3762 1658 3806 cuncta
1715 3753 2078 3806 mandatorum

549 3840 706 3876 onera
739 3825 960 3876 libenter
984 3831 1171 3890 portat.
1209 3821 1354 3876 Unde
1384 3832 1436 3876 et
1463 3822 1626 3875 Iactus
1655 3831 1735 3874 est
1766 3825 1936 3875 tributi
1969 3840 2082 3876 ser-

549 3896 716 3954 viens.
769 3893 868 3946 hoc
908 3904 1008 3959 est,
1053 3892 1177 3959 Hegi
1209 3902 1261 3944 et
1291 3892 1496 3944 Christo
1525 3907 1620 3944 suo
1650 3892 1768 3944 ﬁdei
1799 3897 1931 3944 dona
1955 3909 2082 3960 ope-

550 3978 769 4030 rumque
793 3965 1046 4016 bonorum
1079 3976 1293 4013 munera
1318 3961 1560 4013 offerens.

625 4052 977 4118 Hieronymus.
1003 4049 1203 4118 -——#Dan
1235 4050 1483 4118 judicabit
1513 4049 1749 4118 populum
1775 4066 1920 4102 suum
1942 4051 2085 4117 quasi

552 4136 704 4172 unum
732 4135 794 4171 ea:
817 4115 1028 4184 sceptris
1056 4115 1250 4169 Isi-aetf
1267 4115 1382 4169 Fiat
1421 4118 1530 4169 Dan
1557 4115 1754 4170 coluber
1783 4121 1834 4170 in
1874 4115 1972 4181 via,
2003 4136 2081 4172 re-

549 4191 698 4258 gulus
725 4190 775 4239 in
807 4199 994 4246 semita,
1031 4189 1257 4258 mordens
1283 4189 1491 4253 ungulas
1512 4189 1639 4254 equi,
1666 4199 1709 4239 et
1738 4189 1887 4239 cadat
1912 4205 2084 4240 accen-

547 4254 634 4308 Eor
672 4260 780 4326 ejus
825 4265 1114 4307 retrorsum.
1160 4254 1395 4306 Sulutare
1438 4265 1576 4307 tuum
1625 4258 1936 4321 exspectabo,
1982 4257 2082 4309 Do-

553 4328 683 4376 mine
709 4326 910 4393 (lbid.).

626 4391 844 4445 Samson
873 4391 1043 4460 ‘jndex
1089 4392 1244 4446 Israel
1273 4392 1337 4446 de
1366 4393 1496 4446 tribu
1530 4391 1635 4446 Dan
1668 4393 1778 4447 fuit.
1824 4393 1928 4447 [Ioc
1955 4410 2077 4463 ergo

553 4462 700 4521 dicit.
727 4477 860 4512 nunc
890 4465 1067 4513 videns
1099 4466 1148 4514 in
1185 4464 1364 4530 spiritu
1392 4479 1595 4515 comam
1637 4466 1838 4518 nutrire
1872 4462 2081 4518 Samso-

559 4545 677 4584 uem
719 4531 1024 4591 Nazareum,
1075 4541 1203 4595 tum,
1242 4534 1389 4585 caesis
1440 4535 1676 4586 hostibus
1738 4534 2080 4599 triumphare,

505 4617 507 4619 ί
558 4601 714 4667 quod,
753 4599 1238 4670 insitnilitudmem
1267 4602 1465 4670 eolubri
1507 4604 1770 4670 regulique
1794 4602 2084 4655 obsidentis

528 4672 690 4731 vias,
743 4669 938 4721 nullum
973 4683 1064 4734 per
1103 4679 1294 4721 terram
1337 4669 1491 4721 Israel
1533 4669 1755 4722 transne
1800 4673 2084 4735 permittat.

557 4741 660 4792 Sed
685 4741 840 4791 etiam
865 4754 906 4791 SI
940 4739 1055 4806 quis
1086 4741 1412 4802 temerarius,
1458 4742 1647 4790 virtute
1671 4753 1762 4790 sua
1797 4739 1943 4805 quasi
1969 4739 2087 4803 equi

562 4810 836 4860 velocitate
856 4811 1097 4868 conlisus,
1125 4824 1239 4861 eatn
1269 4807 1488 4860 voluerit
1529 4807 1784 4875 prxdouis
1822 4820 1967 4859 more
1997 4821 2089 4870 po-

563 4879 754 4942 pulari,
785 4878 1012 4943 ell'ugere
1035 4892 1138 4930 non
1168 4879 1376 4929 Valebit.
1404 4877 1590 4928 Totum
1617 4887 1786 4940 autem
1814 4892 1902 4941 per
1927 4885 2091 4927 meta-

565 4947 779 5009 phoram
826 4945 1089 5011 serpentis
1123 4956 1174 4999 et
1202 4946 1390 5012 equitis
1436 4945 1682 5012 loquitur.
1733 4947 1920 4998 Videtis
1966 4959 2089 5011 ergo

570 5027 670 5064 tam
706 5020 888 5065 tortetn
919 5016 1200 5066 Nazareum
1230 5025 1398 5075 tuum,
1429 5016 1567 5080 quod
1601 5014 1712 5080 ipse
1744 5025 1950 5081 propter
1981 5012 2090 5065 nie-

565 5085 809 5136 retricem
834 5095 1067 5134 mortuus
1093 5092 1194 5144 est,
1223 5090 1275 5133 et
1301 5085 1529 5133 moriens
1553 5095 1757 5136 nostros
1780 5085 1962 5134 occ:dit
1993 5083 2092 5133 ini-

565 5153 744 5215 micos,
777 5156 968 5219 putavi,
1004 5170 1033 5203 o
1066 5152 1219 5214 Deus,
1252 5154 1418 5215 ipsum
1457 5163 1572 5201 esse
1611 5151 1871 5202 tJnristutn
1906 5151 2090 5203 Filium

571 5230 711 5274 tuum
738 5236 936 5281 verum,
964 5221 1081 5288 quia
1113 5229 1344 5270 mortuus
1367 5226 1466 5280 est,
1491 5227 1543 5269 et
1574 5225 1672 5269 ttott
1704 5222 2008 5276 resiirrexit.
2041 5229 2094 5272 et

570 5304 774 5342 rursum
801 5299 982 5358 captus
1008 5292 1194 5341 ductus
1222 5296 1295 5340 est
1325 5288 1499 5337 Israel.
1529 5288 1671 5339 Alius
1705 5288 1826 5352 mihi
1854 5290 2094 5342 Salvator

571 5362 744 5411 mundi
791 5374 840 5410 et
869 5357 985 5411 mei
1023 5357 1226 5426 generis
1261 5359 1633 5420 praemolaudus
1678 5368 1775 5420 est,
1826 5371 1878 5410 ut
1924 5369 2094 5411 vernat

570 5435 650 5478 cui
683 5434 962 5494 repositum
995 5438 1112 5489 'cst,
1159 5435 1213 5479 ct
1249 5429 1357 5492 ipse
1381 5431 1480 5478 erit
1520 5429 1836 5493 exapectatio
1862 5440 2090 5496 gentium

575 5499 673 5560 (lbi
697 5512 757 5561 ε.)

645 5588 809 5654 [ιιιιαρ
832 5590 1022 5640 ιιιίαιίο.
1042 5616 1105 5624 —-
1126 5585 1232 5639 Dan
1254 5587 1501 5654 judicabit
1534 5591 1772 5654 poputnm
1801 5603 1945 5638 suum
1972 5587 2095 5639 sicut

2177 3066 2323 3121 suam
2355 3071 2402 3121 in
2441 3083 2596 3120 cursu
2619 3068 2901 3121 labentium
2928 3078 3219 3134 temporum
3255 3073 3485 3129 Spumat,
3517 3076 3568 3117 et
3599 3066 3708 3130 quia

2178 3138 2528 3191 Antichristus
2574 3146 2806 3190 extrema
2857 3136 3036 3189 mundi
3081 3134 3482 3201 apprehendere
3515 3136 3708 3185 nititur.

2158 3205 2416 3265 ,Cerastes
2443 3205 2543 3260 iste
2589 3209 2707 3272 equi
2749 3208 2967 3273 ungulas
3005 3208 3248 3258 mordere
3278 3205 3604 3268 perhibetur,
3634 3221 3709 3254 un-

2179 3276 2350 3341 gulam
2400 3276 2592 3343 quippe
2639 3275 2760 3342 equi
2804 3276 3066 3336 mordere,
3124 3280 3204 3326 est
3256 3281 3494 3343 extrema
3540 3274 3710 3323 saeculi

2180 3340 2432 3396 feriendo'
2456 3340 2778 3410 cuntinge're,
2828 3354 2882 3395 ιιι
2927 3343 3078 3396 cadat
3103 3355 3353 3393 ascensor
3394 3340 3510 3408 ejus
3551 3354 3706 3393 retro.

2180 3413 2442 3465 Ascensor
2469 3415 2587 3480 equi
2633 3421 2732 3474 est,
2765 3412 2998 3481 quisquis
3037 3410 3307 3463 extollitur
3349 3410 3710 3481 indignationis

2182 3482 2378 3534 mundi.
2428 3481 2524 3548 Qui
2553 3491 2692 3535 retro
2737 3480 2926 3535 cadere
2953 3481 3161 3539 dicitur,
3185 3487 3272 3548 et
3309 3493 3414 3530 non
3454 3480 3708 3530 iii-faciem

2180 3551 2314 3604 sicut
2341 3546 2529 3603 Saulus
2565 3551 2826 3604 cedidisse
2855 3550 3063 3602 dicitur.
3095 3550 3147 3600 In
3179 3546 3310 3599 facie
3335 3552 3478 3599 enim
3509 3551 3710 3606 cadere,

2182 3629 2260 3671 est
2282 3621 2333 3671 in
2353 3623 2446 3671 hac
2467 3620 2568 3672 vita
2590 3634 2712 3671 suas
2735 3632 3153 3686 unumquemque
3190 3617 3374 3682 culpas
3418 3632 3710 3684 agnoscere.

2183 3701 2376 3754 easque
2421 3689 2717 3754 putuitendo
2760 3687 2974 3740 deﬂere.
3025 3687 3182 3738 Itetro
3238 3700 3386 3747 vero,
3433 3686 3567 3754 quod
3617 3700 3709 3736 uou

2183 3756 2405 3818 videtur,
2439 3759 2648 3821 cadere,
2676 3767 2755 3810 est
2783 3773 2845 3809 ex
2881 3758 2974 3810 hac
2995 3761 3098 3808 vita
3132 3763 3350 3819 repente
3377 3755 3636 3809 decidere.
3668 3763 3713 3805 et

2182 3827 2246 3877 ad
2272 3842 2388 3894 quae
2417 3828 2670 3893 supplicia
2716 3828 2936 3879 ducatur
2984 3827 3244 3893 ignorare.
3281 3826 3346 3874 Et
3375 3842 3498 3888 quia
3549 3824 3708 3876 .ludm

2184 3896 2378 3947 erroris
2421 3899 2500 3947 sui
2547 3898 2741 3962 laqueis
2770 3905 2917 3959 capta
2961 3909 3053 3958 pro
3091 3895 3302 3945 Christo
3346 3896 3708 3946 Antichristuui

2183 3975 2467 4029 exspectat.
2505 3964 2644 4016 Bene
2688 3974 2859 4014 autem
2890 3963 3048 4015 Iacob
3074 3964 3258 4013 eodem
3288 3962 3406 4014 loco
3451 3965 3501 4015 iu
3532 3973 3711 4016 eiecto—

2184 4046 2298 4084 rum
2337 4048 2516 4097 vocem
2562 4047 2845 4084 conversus
2894 4042 2974 4084 est
3015 4033 3196 4084 dicens
3235 4048 3247 4080 :
3302 4030 3546 4085 Salutare
3585 4043 3708 4082 tum

2181 4103 2493 4167 exspectabo,
2531 4102 2735 4152 Domine
2765 4100 2971 4167 (Ibid),
2999 4103 3046 4152 id
3078 4110 3178 4160 est,
3204 4115 3307 4152 non
3333 4103 3464 4154 sicut
3491 4103 3711 4154 inﬁdeles

2185 4171 2584 4233 Antichristum,
2611 4174 2701 4221 sed
2725 4185 2841 4221 eum
2863 4172 2952 4237 qui
2976 4188 3023 4224 tu
3050 4169 3466 4233 redemptionem
3497 4183 3708 4222 ucstratu

2187 4251 2436 4316 venturus
2482 4248 2580 4306 est,
2621 4253 2799 4292 verum
2846 4241 3003 4291 credo
3050 4238 3270 4289 lideliter
3299 4237 3592 4292 Christum.
3629 4240 3710 4292 Sc-

2187 4319 2360 4375 qunur
2390 4326 2401 4359 :

2255 4397 2478 4450 Zabulon
2509 4400 2558 4449 in
2590 4397 2753 4451 littore
2782 4400 2934 4452 maris
2963 4398 3223 4462 habitabit,
3241 4411 3288 4452 et
3312 4403 3364 4453 in
3393 4402 3604 4452 statione
3628 4418 3708 4453 na-

2181 4467 2312 4519 rium
2341 4466 2549 4535 (lbid.).
2581 4467 2814 4524 Zahulou
2845 4472 3216 4537 interpretatur
3244 4471 3591 4522 habitaculum
3621 4474 3710 4535 [ur-

2185 4537 2429 4600 titudinis,
2460 4539 2745 4590 Ecclesiam
2769 4541 3024 4604 signiﬁcat
3050 4539 3391 4593 fortissimam
3421 4541 3484 4590 ad
3514 4554 3708 4592 Omnem

2184 4607 2510 4682 tolerantiam
2559 4609 2833 4682 passionis.
2882 4609 3001 4682 Haec
3050 4612 3101 4682 in
3151 4610 3329 4682 littore
3376 4611 3557 4682 utaris,
3589 4621 3640 4662 et
3666 4612 3706 4659 in

2185 4677 2408 4751 statione
2464 4679 2690 4751 navium,
2747 4684 2801 4726 ut
2849 4677 3184 4751 credentibus
3232 4681 3301 4730 sit
3348 4677 3627 4751 refugium,
3669 4688 3714 4728 et

2189 4742 2593 4806 periclitantibus
2617 4744 2940 4797 demonstret
2966 4745 3099 4797 'Iidt-i
3130 4755 3356 4810 portum.
3393 4742 3516 4798 Haéc
3543 4756 3710 4800 contra

2188 4823 2369 4861 omnes
2415 4815 2648 4865 turbines
2697 4814 2876 4864 saeculi
2927 4815 3178 4866 immobili
3215 4824 3268 4865 et
3299 4817 3612 4867 inconcussa
3644 4824 3708 4865 ιιτο

2190 4880 2370 4931 utitate
2399 4882 2612 4933 solidata
2660 4893 2924 4944 exspectat
2970 4882 3292 4948 naufragium
3341 4883 3641 4937 Iudaeorum
3666 4894 3712 4934 et

2192 4948 2550 5002 haereticorum
2584 4954 2883 5017 procellas,
2928 4967 3044 5018 quae
3099 4953 3541 5006 circtuuieruntur
3582 4966 3710 5004 omni

2195 5027 2350 5090 vento
2395 5018 2642 5071 doctrina.
2676 5018 2885 5087 (Ep/tes.
2916 5024 3008 5086 tv),
3058 5036 3280 5090 quorum
3333 5024 3432 5074 etsi
3487 5024 3711 5074 tunditur

2194 5084 2453 5156 ﬂuctibus,
2510 5084 2692 5141 tamen
2727 5084 2834 5156 ipsa
2881 5084 3120 5144 ﬂuctibus
3168 5107 3270 5142 non
3320 5091 3598 5156 frangitur,
3629 5089 3712 5142 nec

2196 5155 2311 5232 ullis
2353 5159 2604 5209 tneresuut
2652 5155 3046 5225 tempestatibus
3093 5161 3255 5232 cedit,
3307 5174 3402 5212 nec
3435 5155 3540 5232 ullo
3571 5169 3714 5212 vento

2196 5225 2528 5275 schismatum
2581 5239 2837 5279 commota
2868 5231 3178 5282 succumbit.
3233 5229 3502 5281 Perleudit
3548 5239 3711 5285 autem

2201 5295 2449 5366 usquead
2481 5295 2749 5366 b‘tdonetn.
2782 5299 2880 5351 hoc
2904 5311 3002 5362 εει,
3035 5313 3198 5364 usque
3226 5300 3289 5349 ad
3320 5306 3500 5364 gentes
3530 5313 3709 5366 perse-

2200 5372 2291 5435 tut.
2320 5363 2523 5432 Legitur
2543 5363 2697 5435 etiam
2725 5367 2775 5418 in
2810 5363 3124 5435 Evangelio.’
3145 5367 3264 5417 inde
3285 5363 3584 5432 assumptus
3610 5368 3711 5423 esse

2199 5430 2395 5504 aliquos
2423 5430 2798 5504 apostolorum,
2825 5445 2879 5489 et
2899 5430 3254 5504 iit-ipsisjocis
3282 5430 3559 5504 hominum
3587 5453 3711 5504 ωερε

2199 5499 2455 5569 docuisse.
2496 5502 2631 5554 sicut
2658 5505 2907 5569 scriptum
2938 5499 3017 5558 est
3043 5521 3057 5555 :
3087 5501 3243 5554 Terra
3272 5502 3494 5554 Zabulon
3526 5516 3571 5556 et
3596 5499 3712 5556 terra

2209 5565 2525 5633 Nephthatim
2556 5573 2635 5623 via
2676 5565 2824 5626 maris
2864 5586 2998 5625 trans
3038 5569 3309 5623 Iordane-it
3359 5570 3585 5626 Gatita'c
3614 5590 3712 5640 gat-
