3914 6228
584 384 684 439 567

1040 387 1238 441 ΒΙΞΜΕ
1281 386 1715 445 νιξκιςιιλιιιωδ
1757 392 1901 447 OPI’.
1946 391 2115 447 PARS
2155 391 2218 444 Il.
2262 394 2449 449 SECT.
2494 397 2552 451 ll.
2579 427 2646 436 κ-
2686 398 2879 453 DUBIA
2924 402 3006 454 ET
3049 401 3308 457 SPURIA.
3664 401 3743 458 ΨΒ

581 517 817 583 ﬁemeris.
847 502 937 580 sed
963 501 1124 585 cauda
1147 503 1490 566 apprehensa,
1523 504 1653 581 facta
1679 513 1760 556 est
1781 507 1956 585 virga;
1986 509 2103 585 quia
2141 509 2185 565 A
2214 517 2268 585 et
2296 522 2508 585 serpens
2530 511 2692 585 lactus
2717 512 2988 585 devoravit
3027 524 3321 578 serpentem
3361 514 3738 585 ﬁgyptiorniii,

585 575 753 635 primo
795 571 1000 622 occisus
1046 579 1143 632 est,
1179 583 1373 636 postea,
1424 571 1644 637 peractis
1679 575 1919 625 omnibus
1958 571 2018 626 ad
2058 577 2104 627 id

582 641 720 709 quod
750 639 914 692 fuerat
945 639 1260 699 resurgendo
1301 655 1544 692 reversus
1591 652 1692 700 ρει,
1722 643 1806 694 tibi
1858 658 1951 708 per
1991 644 2112 696 vita:

583 709 960 775 reparationem
991 717 1155 759 morte
1183 718 1511 773 consumpta,
1561 709 1689 760 nihil
1733 711 1782 762 in
1814 727 1875 761 eo
1901 725 2116 774 serpen-

586 780 649 830 tis
685 778 936 844 apparuit.
992 777 1082 827 Est
1128 777 1289 828 etiam
1339 779 1388 828 in
1437 778 1597 830 cauda
1641 782 1897 843 serpentis
1939 782 2116 834 saeculi

586 847 720 911 (iiiis,
747 846 861 913 quia
885 846 960 897 sic
990 845 1276 897 mortalitas
1301 845 1547 898 Ecclesia:
1579 862 1669 912 per
1700 849 1892 901 lubrica
1921 860 2119 913 tenipo-

585 932 700 968 rum
747 915 1009 966 volvitur:
1040 913 1124 964 alii
1180 926 1322 976 eunt,
1372 918 1456 967 alii
1504 917 1716 968 veniunt
1743 933 1831 981 per
1873 929 2117 981 mortem,

586 996 828 1045 tanquam
863 998 952 1050 per
978 993 1272 1048 serpentem
1307 999 1446 1034 mors
1467 987 1718 1035 seminata
1752 997 1866 1048 est;
1892 987 1984 1038 sed
2018 991 2120 1040 line

585 1052 867 1104 novissimo
915 1053 1050 1104 velut
1083 1053 1243 1104 cauda
1293 1053 1467 1104 saeculi
1525 1055 1754 1105 redimus
1797 1057 1859 1106 ad
1905 1070 2119 1108 manum

586 1123 697 1185 Dei,
730 1134 884 1188 atque
932 1121 1240 1187 apprehensi
1297 1121 1676 1185 reparahimur,
1729 1135 1780 1174 et
1835 1126 2117 1177 novissima

585 1192 793 1244 inimica
829 1190 1286 1260 m0rte_destrncta
1320 1201 1648 1260 resurgentes
1696 1193 1744 1244 itt
1776 1193 1996 1246 dextera
2029 1194 2121 1248 Dei

584 1263 724 1330 virga
749 1256 1016 1330 eritnus(1
1048 1257 1162 1311 Cor.
1193 1258 1300 1327 xv).

1201 1347 1424 1401 CAPUT
1462 1349 1527 1402 Χ.

901 1441 975 1492 De
998 1456 1150 1492 manu
1184 1438 1344 1506 Moysi
1371 1442 1420 1490 in
1451 1441 1609 1491 simini
1635 1441 1804 1493 missa.

650 1534 776 1586 Item
825 1532 976 1583 datur
1022 1529 1160 1581 aliud
1191 1531 1390 1599 signum
1441 1530 1601 1598 Moysi
1629 1546 1642 1584 :
1673 1548 1690 1577 ι
1729 1531 1890 1593 Mitte,
1920 1532 2109 1599 inquit,

578 1617 791 1656 manum
823 1603 871 1652 in
895 1604 1008 1652 sinu
1035 1608 1140 1658 tuo,
1168 1610 1218 1650 et
1248 1597 1403 1650 misit.
1433 1597 1656 1658 Produc,
1682 1601 1864 1665 inquit,
1899 1597 2038 1665 eam,
2067 1613 2119 1663 et

585 1672 847 1736 produxit.
900 1679 952 1720 et
1000 1670 1210 1720 inventa
1260 1681 1335 1720 est
1367 1668 1480 1719 alba
1515 1669 1702 1734 (Exod.
1741 1673 1836 1734 tv),
1871 1689 1888 1720 ι
1922 1673 1970 1723 id
2014 1683 2112 1736 est,

581 1741 873 1791 immunda.
902 1738 1062 1790 Albor
1086 1738 1222 1788 enim
1255 1737 1303 1788 in
1333 1747 1450 1788 cute
1474 1741 1611 1804 lepra
1638 1748 1737 1800 est,
1763 1755 1862 1791 non
1892 1742 2108 1793 candor.

584 1811 694 1874 Ipsa
727 1808 863 1862 enim
895 1806 1164 1877 hit-reditas
1198 1807 1306 1867 Dei,
1331 1806 1390 1877 _id
1418 1818 1514 1868 est,
1553 1813 1768 1876 populus
1799 1810 1932 1877 ejus,
1965 1811 2103 1863 foras

580 1878 646 1932 ab
671 1892 734 1932 eo
763 1879 948 1930 missus
996 1876 1292 1928 immundus
1325 1874 1490 1928 factus
1529 1874 1630 1937 est,
1671 1879 1801 1930 sicut
1828 1874 2101 1944 'scriptum

574 1959 660 2002 est
682 1949 748 2001 de
776 1962 834 2000 ea
860 1963 871 1998 :
902 1945 965 1998 Ut
1002 1946 1122 2012 quid
1149 1946 1327 1996 avertis
1360 1945 1535 2010 [aciem
1584 1958 1739 2008 tuam,
1772 1957 1815 1998 et
1846 1949 2105 1999 denorum

577 2029 716 2070 tuam
740 2019 800 2068 de
841 2016 1000 2067 medio
1027 2017 1138 2066 sinu
1169 2025 1253 2065 tuo
1278 2014 1444 2070 (Psal.
1478 2015 1697 2080 LXXIII)?
1726 2017 1827 2069 Sed
1870 2019 2003 2078 quod
2035 2019 2106 2070 illi

572 2089 653 2138 ﬂii
680 2105 691 2137 :
726 2087 912 2138 llevoca
955 2099 1062 2136 eam
1085 2083 1133 2134 in
1161 2085 1323 2135 sinum
1353 2095 1490 2134 trium
1537 2082 1724 2151 (Exod.
1756 2088 1850 2146 tv).
1881 2086 2108 2138 Revoca-

579 2158 674 2216 vit.
708 2166 760 2209 et
782 2167 995 2206 reversa
1046 2164 1124 2222 est
1168 2154 1231 2203 ad
1288 2154 1517 2204 colorem
1549 2171 1719 2206 suum.
1751 2155 1835 2208 Sic
1863 2165 1916 2207 et
1965 2158 2110 2222 plebs

580 2225 781 2284 .ludtea,
834 2239 970 2276 nunc
1007 2221 1172 2274 aliena
1218 2231 1299 2274 est
1355 2237 1382 2274 a
1436 2224 1552 2276 sinu
1605 2223 1716 2286 Dei,
1748 2235 1800 2276 et
1841 2221 1976 2276 loris
2016 2227 2110 2276 ini-

583 2294 770 2345 tnunda
802 2292 1067 2345 remansit.
1095 2291 1195 2343 Sed
1244 2301 1451 2343 revocat
1493 2307 1629 2353 eam,
1663 2303 1714 2346 et
1745 2292 1876 2346 redit
1907 2294 1969 2346 ad
2003 2294 2110 2360 pri-

581 2365 772 2414 stinum
800 2363 1050 2425 colorem,
1097 2359 1218 2412 dum
1249 2361 1518 2428 agnoverit
1554 2362 1830 2414 Dominum
1875 2359 2110 2415 Salvato-

580 2447 728 2494 rem;
755 2446 890 2482 nunc
916 2430 1053 2482 enim
1093 2431 1299 2482 caacitas
1329 2444 1391 2480 ex
1427 2438 1570 2494 parte
1599 2433 1819 2497 contigit
1867 2431 1916 2484 itt
1951 2432 2112 2485 Israel

582 2502 748 2552 donec
792 2499 1056 2565 plenitudo
1108 2500 1335 2560 gentium
1391 2499 1689 2564 intraverit,
1725 2512 1777 2554 et
1815 2500 1891 2554 sic
1943 2501 2113 2555 omnis

578 2569 735 2624 Israel
760 2569 934 2622 salvus
963 2567 1050 2620 ﬁat
1078 2567 1251 2637 (llam.
1284 2566 1378 2634 xi).

1173 2653 1394 2709 CAPUT
1425 2653 1510 2707 XI.

884 2747 955 2799 De
977 2746 1120 2814 aquis
1145 2745 1390 2797 conversis
1413 2744 1465 2794 in
1495 2743 1804 2812 sanguinem.

656 2838 854 2890 Deinde
879 2852 1024 2904 aqum
1054 2836 1224 2890 inissa:
1253 2836 1303 2889 in
1337 2847 1524 2889 terrain
1566 2851 1594 2888 a
1641 2837 1817 2906 Moyse
1845 2849 2117 2892 vertuntur

587 2907 639 2960 iii
696 2907 1015 2970 sanguinem,
1064 2908 1112 2959 id
1160 2916 1258 2965 est,
1291 2906 1463 2972 populi
1515 2907 1565 2958 in
1613 2906 1879 2973 sanguinis
1919 2908 2115 2962 Christi

592 2977 695 3028 tide
721 2993 733 3028 :
757 2976 924 3043 Aquas
952 2974 1112 3038 enim,
1145 2977 1217 3047 ait
1252 2976 1612 3044 Apocalypsis,
1652 2991 1771 3043 quas
1797 2977 1982 3043 uidisti,
2029 2996 2113 3047 po-

593 3047 698 3111 puli
721 3058 854 3111 sunt,
886 3054 930 3099 et
955 3054 1119 3114 gentes
1148 3046 1328 3112 (Apoc.
1362 3050 1508 3114 xvii).

1169 3155 1385 3210 CAPUT
1412 3155 1520 3210 XII.

857 3249 931 3301 De
959 3251 1178 3317 ingressu
1206 3247 1368 3316 Moysi
1409 3249 1474 3299 ad
1502 3247 1836 3300 Pharaonem.

653 3342 780 3394 Post
805 3341 916 3392 haec
946 3341 1139 3390 intrant
1164 3338 1225 3389 ad
1261 3337 1582 3388 Pharaonem
1609 3337 1810 3406 Moyses
1839 3347 1891 3391 et
1921 3340 2113 3406 Aaron,

596 3416 830 3477 petentes
854 3410 1007 3461 trintn
1036 3407 1236 3459 dierum
1265 3407 1398 3456 viam
1429 3407 1684 3477 proﬁcisci
1715 3409 1763 3477 in
1787 3407 1996 3461 deserto
2028 3425 2118 3476 po-

587 3475 765 3545 pulum
791 3480 969 3536 Israel,
994 3487 1045 3529 et
1076 3477 1141 3527 ibi
1166 3477 1461 3528 sacriﬁcare
1487 3475 1703 3526 Dolttiltt)
1727 3476 1849 3527 Deo.
1876 3478 2002 3541 Qua:
2030 3475 2118 3531 est

593 3550 672 3600 via
731 3549 882 3600 trioni
941 3548 1161 3608 dierum,
1215 3559 1328 3612 quae
1386 3545 1536 3596 nobis
1577 3545 1854 3598 incedenda
1913 3557 2012 3607 est,
2065 3558 2119 3600 ut

589 3623 842 3669 exeuntes
873 3617 936 3667 de
977 3615 1201 3682 A‘ngpto
1229 3619 1494 3682 pervi-nire
1535 3615 1790 3680 possimus
1829 3615 1892 3666 ad
1944 3616 2114 3669 locum

591 3690 640 3738 iii
672 3698 773 3750 quo
811 3681 1077 3736 immolare
1106 3683 1426 3735 debeamus?
1460 3681 1548 3734 Via
1578 3685 1694 3738 ista
1734 3682 1975 3737 Christus
2013 3696 2113 3746 est,

588 3755 675 3819 qui
703 3753 868 3806 dixit:
898 3751 1007 3822 Ego
1051 3768 1156 3804 sum
1191 3752 1290 3811 via,
1319 3752 1515 3810 oritas,
1550 3761 1594 3803 et
1639 3756 1737 3802 vita
1768 3752 1941 3820 (Joon.
1974 3758 2109 3821 le);

591 3841 707 3889 qua:
739 3823 815 3875 via
866 3821 1036 3874 tridtto
1066 3821 1213 3873 nobis
1239 3822 1516 3871 incedenda
1545 3832 1642 3873 est.
1676 3822 1773 3885 Qui
1813 3823 1952 3873 enim
1991 3838 2116 3874 con-

583 3896 756 3946 fessus
780 3893 933 3945 luerit
957 3894 1004 3944 iti
1038 3906 1126 3944 ore
1147 3906 1240 3942 suo
1270 3889 1541 3940 Dominum
1565 3891 1769 3954 Jcsuui,
1804 3899 1855 3943 et
1884 3892 2116 3944 credide-

583 3964 655 4013 rit
687 3965 733 4012 iti
766 3962 924 4014 corde
953 3975 1047 4015 suo
1072 3959 1205 4028 quod
1251 3955 1384 4009 Dens
1415 3958 1553 4028 idum
1600 3959 1875 4028 suscitavit
1913 3975 1938 4009 a
1974 3975 2115 4013 tuor-

586 4032 690 4082 tuis
721 4032 868 4082 tertia
910 4031 1016 4092 die,
1049 4026 1221 4081 salvus
1249 4028 1347 4078 erit
1381 4026 1553 4097 (llum.
1603 4026 1676 4095 χ).
1716 4030 1835 4079 ilice
1863 4039 1944 4081 est
1987 4046 2112 4097 ergo

586 4099 740 4150 tridui
776 4098 874 4160 via,
909 4115 997 4164 iter
1038 4114 1189 4167 quam
1239 4095 1538 4163 pervenitur
1585 4098 1632 4146 iii
1688 4097 1855 4148 locum
1912 4099 1964 4148 iit
2010 4095 2113 4162 quo

587 4167 806 4218 Domino
840 4167 1140 4219 immoleiur
1187 4175 1240 4218 et
1270 4167 1514 4218 reddatur
1559 4168 1871 4218 Sacrificium
1921 4169 2107 4221 laudis.

583 4235 1006 4296 Abominationes,
1050 4235 1304 4299 inquiunt,
1343 4233 1698 4302 ﬁgyptiorum
1746 4236 2112 4290 immolabitur“

581 4305 796 4356 Domitio
830 4305 928 4356 Deo
972 4314 1137 4354 nostra
1165 4302 1350 4372 (Exod.
1392 4308 1543 4370 viti);
1576 4318 1698 4354 oves
1725 4308 1912 4369 quippe
1954 4304 2112 4372 A‘lgy-

585 4375 673 4433 ptii
698 4377 852 4427 edere
882 4375 1240 4440 dedignantur.
1268 4371 1368 4442 Sed
1398 4376 1532 4436 quod
1552 4373 1916 4423 abominantur
1948 4371 2111 4442 Aepy-

580 4444 701 4506 plit,
758 4445 853 4495 huc
887 4444 1126 4496 ιδι-ηι-ιιιςυ
1158 4446 1259 4493 Deo
1284 4440 1524 4501 ulI'et'ttnt,
1561 4443 1676 4503 quia
1724 4440 2107 4505 stiuplicitateitt

2229 576 2522 650 significatis
2548 581 2680 644 qttod
2719 581 2941 634 Verbum
2979 576 3311 644 cat-nilieret,
3350 576 3736 650 qui-'sr'rtteiitis

2228 645 2326 721 diri
2353 660 2549 698 venena
2572 659 2864 721 evacuaret,
2898 665 2991 716 per
3021 645 3380 721 remissionem
3409 661 3465 704 et
3494 645 3740 721 indulgen-

2230 713 2371 785 tiam
2397 729 2751 785 peccatorum.
2782 713 2934 780 Virga
2958 727 3039 772 est
3067 719 3202 770 enim
3230 721 3446 772 verbum
3482 713 3737 785 dii-eciam,

2234 782 2426 856 regale,
2463 781 2666 849 plenum
2690 789 2988 856 potestatis,
3018 787 3155 853 quod
3184 801 3262 841 est
3290 789 3496 856 insigne
3537 781 3737 854 imperii.

2232 849 2378 923 Virga
2423 866 2637 923 serpens
2683 853 2815 907 facta
2863 849 3252 922 est,iq'uoniam
3293 849 3551 923 qui'crat
3600 849 3740 916 Pinus

2232 919 2342 979 Dei,
2375 935 2435 971 ex
2471 922 2577 996 Deo
2605 922 2751 996 Patre
2793 919 2962 996 natus,
3009 919 3164 996 Filius
3201 919 3428 978 hominis
3459 925 3624 980 l'actus
3650 945 3737 996 est,

2227 999 2375 1039 natus
2416 1005 2478 1041 ex
2519 990 2749 1056 Virgine,
2804 994 2888 1057 qui
2945 993 3090 1057 quasi
3138 1010 3354 1058 serpens
3394 997 3651 1049 exaltatus
3699 990 3737 1050 lli

2225 1072 2380 1109 cruce
2423 1058 2729 1111 medicinam
2757 1061 3056 1114 vulneribus
3089 1062 3272 1116 infudit
3310 1065 3573 1117 humanis.
3610 1066 3737 1122 Unde

2225 1136 2274 1203 et
2304 1127 2412 1203 ipse
2441 1129 2690 1203 Dominus
2715 1131 2803 1203 _ait
2828 1146 2843 1182 :
2874 1130 3035 1203 sicut
3061 1129 3261 1198 Moyses
3297 1136 3531 1203 egaltatiit
3552 1149 3738 1203 serpen-

2225 1202 2321 1263 le_m
2351 1197 2400 1245 in
2450 1197 2659 1258 deserto,
2709 1199 2777 1250 ita
2824 1199 3035 1251 exaltari
3067 1197 3255 1263 oportet
3308 1201 3500 1253 Filiam
3543 1197 3739 1257 hominis

2225 1261 2401 1329 (Joati.
2435 1272 2534 1325 Ill).
2567 1265 2712 1333 Virga
2744 1268 2882 1336 enim
2915 1268 3077 1336 Moysi
3099 1261 3151 1320 in
3174 1271 3454 1323 draconem
3480 1285 3733 1333 conversa.

2226 1347 2492 1406 magorum
2525 1335 2792 1406 absorbuit
2832 1335 3033 1404 virgas;
3064 1347 3119 1390 et
3165 1338 3404 1391 Christus
3436 1353 3552 1405 post
3581 1342 3738 1406 gloria:

2222 1401 2660 1474 siiaidigiiitatetti
2693 1404 2855 1470 factus
2891 1401 2958 1456 eit
2999 1407 3230 1458 obediens
3261 1424 3414 1474 usque
3437 1401 3506 1460 ad
3555 1401 3738 1462 mortem

2223 1467 2474 1536 (Philipp.
2503 1474 2581 1537 tt),
2608 1481 2658 1525 et
2693 1467 2791 1536 per
2822 1474 2987 1538 ipsam
3038 1488 3260 1529 mortem
3309 1467 3485 1538 carnis
3516 1493 3739 1530 consum-

2223 1539 2321 1600 psit
2347 1541 2582 1592 aeuleum
2613 1544 2816 1602 mortis,
2845 1553 3125 1595 attestatite
3165 1546 3412 1612 propheta
3445 1569 3457 1598 ι
3492 1546 3593 1597 Ero
3629 1565 3738 1601 mors

2218 1615 2322 1671 tua,
2349 1624 2378 1659 o
2407 1626 2538 1662 mors
2557 1649 2571 1674 ,
2605 1627 2688 1663 ero
2717 1627 2912 1663 morsus
2931 1620 3072 1676 tuus,
3099 1614 3292 1681 inferne
3311 1615 3453 1683 (οδε.
3485 1623 3618 1683 xui).

2790 1718 3010 1774 CAPUT
3049 1720 3184 1774 XIV.

2586 1808 2661 1861 De
2703 1809 3028 1862 obduratione
3075 1809 3378 1866 Pharaonis.

2278 1895 2546 1969 Iniluravit
2597 1898 2844 1969 Dominus
2893 1913 2984 1952 cor
3031 1899 3334 1963 Pharaoois,
3389 1903 3591 1957 scilicet
3635 1908 3732 1969 quia

2213 1963 2478 2018 diabolum
2511 1967 2579 2018 ita
2611 1969 2688 2020 sic
2732 1968 2990 2020 ittduravit
3039 1979 3158 2036 post
3186 1981 3477 2036 peccatum.
3511 1986 3568 2025 ut
3597 1963 3737 2036 ptatu-

2212 2039 2385 2105 t-etitia:
2430 2039 2832 2103 compunctione
2887 2052 3150 2105 nunquam
3199 2043 3502 2094 etnollialur
3544 2044 3670 2094 sicut
3696 2047 3734 2093 in

2209 2101 2330 2240 ῧὼὸ
2364 2101 2560 2237 αθ)θο⁷
2589 2107 2841 2173 scriptum
2870 2118 2951 2159 est
2995 2101 3025 2160 ε’
3058 2106 3392 2161 Indurabitur
3440 2115 3586 2178 quasi
3631 2116 3736 2177 lapis

2272 2192 2297 2222 υ
2354 2187 2435 2225 ιιι
2465 2211 2480 2226 .

2272 2187 2330 2223 ου
2354 2187 2480 2226 ιιι).

2796 2256 3018 2314 CAPUT
3057 2257 3170 2314 XV.

2757 2348 2833 2403 De
2855 2353 3020 2402 decem
3049 2353 3228 2419 plagis.

2286 2437 2484 2491 Dehinc
2516 2436 2813 2511 inferuntur
2843 2438 3004 2506 plaga:
3032 2440 3080 2491 in
3114 2441 3415 2511 Egyptum.
3451 2441 3570 2495 licet
3594 2445 3667 2497 illa
3692 2446 3734 2499 in

2216 2506 2500 2576 Egyptum
2529 2510 2871 2570 corporaliter
2913 2521 3058 2575 gesta
3099 2506 3232 2569 sint,
3256 2506 3560 2576 spiritaliter
3588 2522 3733 2568 tamen

2218 2593 2358 2648 nunc
2399 2586 2660 2648 geruntur
2697 2577 2970 2648 inAnobis.
3009 2577 3263 2646 IEgyptus
3311 2595 3534 2648 namque
3578 2586 3731 2635 stecnli

2218 2646 2382 2697 lorma
2411 2655 2508 2699 est.
2539 2645 2707 2698 Prima
2730 2646 2896 2712 plaga,
2940 2648 2992 2717 in
3038 2645 3135 2714 qua
3170 2650 3337 2714 primo
3366 2645 3512 2717 aque
3545 2666 3729 2704 vertun-

2219 2724 2301 2764 tttr
2328 2717 2376 2765 iu
2397 2717 2718 2780 sanguinem.
2749 2719 2908 2780 Aquae
2935 2715 3191 2783 (Egi'ptite
3213 2715 3434 2770 erratica
3465 2732 3511 2770 et
3548 2721 3722 2772 lubriia

2225 2784 2655 2849 pltilOSopltorum
2685 2793 2806 2836 sunt.
2826 2784 3089 2855 dogmata,
3114 2802 3229 2852 quae
3252 2791 3437 2838 merito
3461 2790 3507 2838 itt
3538 2793 3727 2855 sangui-

2223 2867 2342 2905 nem
2373 2861 2659 2916 vertuntur,
2692 2855 2809 2920 quia
2841 2854 2890 2905 iii
2917 2869 3092 2906 rerum
3127 2859 3300 2907 causis
3333 2859 3605 2909 carnaliter
3631 2854 3730 2909 seu-

2223 2921 2376 2982 tiunt.
2402 2923 2492 2974 sed
2525 2922 2608 2974 ubi
2630 2937 2752 2975 crus
2779 2923 2972 2976 Christi
2997 2927 3189 2976 mundo
3213 2926 3335 2976 huic
3366 2928 3534 2978 lumen
3564 2941 3731 2979 verita-

2223 2990 2289 3042 tis
2316 2993 2562 3057 ostendit,
2609 2991 2901 3058 hujusuioili
2933 3008 3052 3044 eum
3083 2995 3499 3056 correptiouihus
3549 3010 3728 3061 arguet,

2227 3070 2281 3130 ut
2306 3075 2367 3112 ex
2398 3061 2642 3130 qualitate
2683 3075 2950 3124 pinnarum
2981 3065 3218 3129 preprios
3245 3075 3492 3130 agnoscat
3520 3081 3728 3116 errores.

2235 3129 2288 3199 _ln
2332 3129 2556 3182 secunda
2609 3144 2730 3182 vero
2761 3131 2905 3197 plaga
2957 3147 3096 3184 ratite
3143 3129 3517 3196 producuntur,
3563 3134 3731 3199 quibus

2233 3197 2448 3250 indicari
2493 3199 2771 3264 liguraiiter
2819 3201 3134 3264 arbitrantur
3177 3201 3410 3252 carmina
3462 3197 3728 3266 poetarum,

2223 3267 2311 3333 qui
2343 3267 2480 3318 inani
2507 3271 2729 3334 quadam
2757 3279 2808 3321 et
2837 3270 3008 3320 inllata
3051 3269 3406 3320 modulatione
3436 3272 3572 3322 velut
3599 3287 3724 3320 nni.

2223 3351 2334 3386 rum
2376 3336 2577 3388 sonitus
2603 3347 2656 3388 et
2695 3337 2930 3388 cantibus
2960 3338 3155 3389 mundo
3182 3340 3302 3390 huic
3330 3341 3642 3402 deceptiunis
3665 3346 3729 3390 la-

2219 3406 2366 3457 bulas
2413 3408 2710 3458 intulerunt.
2747 3405 2887 3458 Rana
2935 3419 3014 3458 est
3043 3410 3179 3457 enim
3226 3411 3584 3474 toqiiai-i-suiia
3612 3424 3733 3459 vani-

2219 3482 2332 3534 tas;
2375 3474 2502 3526 nihil
2548 3490 2683 3526 cuitu
2730 3475 2867 3526 aliud
2915 3476 3105 3526 animal
3144 3479 3310 3543 ipsum
3361 3479 3485 3529 utile
3527 3490 3620 3536 εει,
3649 3483 3731 3528 nisi

2218 3543 2354 3610 quod
2385 3558 2570 3595 simum
2600 3543 2739 3595 vocis
2771 3545 3017 3609 improbis
3058 3553 3110 3594 et
3159 3547 3467 3610 importunis
3512 3548 3724 3597 claiuori-

2216 3609 2314 3663 bus
2360 3614 2548 3664 reddit.
2602 3613 2718 3662 l’ost
2770 3615 2878 3664 haec
2926 3613 3160 3678 citiiplies
3220 3617 3573 3681 ptudttcmtlur
3607 3634 3616 3664 :
3651 3621 3732 3664 huc

2218 3683 2411 3732 animal
2435 3682 2615 3746 pennis
2646 3683 2852 3746 quidem
2875 3683 3212 3746 suspenditur
3245 3699 3334 3748 per
3356 3701 3474 3736 :tcra
3500 3686 3726 3742 volitans,

2215 3753 2304 3800 sed
2340 3752 2407 3800 ita
2435 3751 2623 3801 subtile
2664 3761 2743 3799 est
2772 3762 2822 3801 et
2853 3753 3125 3808 minutum.
3185 3763 3240 3803 ut
3271 3755 3407 3804 oculi
3451 3756 3603 3806 \ISlllll
3650 3770 3731 3803 Ill~l

2215 3827 2363 3868 acute
2395 3821 2658 3870 cernentis
2688 3818 2924 3884 eiiugial;
2960 3834 3145 3886 corpus
3179 3833 3352 3872 autem
3384 3837 3498 3873 cum
3551 3824 3732 3872 ius-ile-

2216 3888 2299 3949 rit,
2330 3889 2664 3939 acerbiSsittto
2695 3892 2922 3939 Ierchrat
2947 3890 3178 3949 stimulo,
3206 3891 3274 3940 ita
3304 3903 3354 3939 ut
3385 3906 3537 3956 quem
3579 3893 3733 3939 volan-

2217 3965 2318 4007 tettt
2352 3958 2527 4008 videre
2556 3958 2667 4022 quis
2698 3973 2798 4008 tiori
2846 3959 3032 4019 valeat,
3078 3962 3269 4010 sentiat
3311 3970 3485 4011 statim
3534 3963 3733 4010 avolsa—

2217 4035 2337 4075 teui.
2376 4025 2482 4077 Iloc
2525 4042 2648 4090 ergo
2699 4025 2940 4076 animalis
2971 4040 3136 4091 genus
3188 4030 3463 4080 subtilitati
3503 4032 3733 4080 bucina.-

2215 4105 2569 4160 comparatur,
2615 4108 2730 4161 qua}
2770 4097 3044 4147 subtilibus
3078 4099 3358 4148 Verborum
3391 4101 3604 4149 stimulis
3634 4099 3734 4148 ani-

2217 4177 2327 4213 mas
2380 4163 2630 4225 terebrat,
2681 4173 2922 4229 tantaque
2972 4166 3258 4218 calliditate
3309 4169 3661 4226 circumvenit,
3688 4176 3736 4216 ut

2213 4233 2465 4297 deceptus
2494 4238 2717 4298 quisque
2750 4248 2844 4284 nec
2873 4234 3044 4284 videat
3073 4251 3167 4286 uec
3214 4236 3466 4302 intelligat
3497 4239 3622 4287 unde
3651 4237 3732 4286 de-

2213 4304 2454 4365 cipiatur.
2489 4303 2637 4370 Quod
2671 4317 2793 4351 vero
2831 4303 2880 4351 iii
2927 4304 3076 4351 terti-i
3107 4306 3255 4368 signo
3310 4307 3443 4370 magi
3489 4315 3737 4356 cessarunt

2213 4370 2445 4420 dicentes
2475 4386 2484 4418 :
2514 4369 2611 4419 Hic
2658 4371 2840 4436 digitus
2875 4370 2960 4420 Dei
3005 4383 3071 4420 est
3099 4374 3292 4436 (laxod.
3327 4369 3465 4438 vui),
3518 4375 3642 4438 magi
3670 4381 3736 4423 itit

2219 4450 2394 4504 typum
2430 4441 2813 4499 luereticornni,
2841 4451 2996 4504 atque
3019 4442 3408 4494 animositatem
3442 4449 3732 4494 habuerunt.

577 4503 930 4573 conscientite,
960 4531 1109 4578 quam
1155 4515 1417 4578 sapientes
1463 4512 1612 4573 hujus
1637 4503 1840 4566 sa'culi,
1871 4512 1967 4561 hoc
2009 4525 2108 4573 est,
2147 4503 2189 4558 Ι)
2219 4503 2458 4578 Declinat
2513 4512 2608 4559 hoc
2665 4503 2945 4578 Apostolus
2993 4507 3174 4563 dicens
3217 4529 3226 4562 :
3264 4514 3410 4564 Sicut
3456 4511 3648 4563 Juiiines
3697 4523 3737 4558 rt

579 4583 720 4634 i-ivcs
751 4582 981 4648 Aﬂgypti,
1010 4583 1155 4648 quasi
1186 4582 1470 4632 fatuitatem
1501 4581 1792 4648 deputant:
1829 4581 1960 4631 hanc
1988 4587 2110 4646 justi

584 4653 689 4702 Deo
715 4654 762 4702 ιιι
795 4646 1103 4702 sact'iltciutu
1149 4651 1439 4710 immolant,
1469 4659 1524 4699 et
1556 4662 1647 4713 per
1674 4649 1722 4697 id
1754 4646 1862 4699 Deo
1906 4653 2112 4714 placere

583 4730 883 4784 procurant,
916 4725 1051 4785 quod
1097 4722 1286 4768 smctilo
1313 4727 1365 4767 et
1407 4724 1598 4766 mundo
1624 4716 1880 4782 abjectum
1911 4731 1963 4770 et
1987 4736 2113 4771 cott-

581 4792 862 4854 temptihile
907 4802 1024 4840 esse
1070 4787 1420 4844 considerant,
1476 4788 1759 4836 secundum
1805 4788 2112 4851 Apostolum

579 4861 666 4922 qui
699 4860 771 4908 ait
799 4874 811 4908 :
841 4857 974 4908 Nam
1001 4871 1111 4923 qua:
1141 4861 1293 4905 stulta
1319 4863 1430 4904 sunt
1475 4855 1666 4913 mundi,
1696 4855 1840 4921 elegit
1874 4856 2028 4919 Deus,
2061 4869 2111 4909 ut

581 4928 851 4990 confundat
891 4931 1133 4990 sapientes
1168 4923 1212 4991 (Ι
1248 4925 1362 4975 Cor.
1390 4929 1448 4990 t).
1494 4925 1570 4973 hx
1613 4941 1714 4985 quo
1755 4935 1925 4976 autem
1971 4928 2110 4993 loqui

579 4995 739 5059 cwpit
766 4996 966 5064 Moyses
997 4997 1057 5046 ad
1089 4995 1431 5053 Pltaiaonem,
1463 4992 1709 5053 al'llitiitur
1739 4994 1954 5058 populus
1999 4992 2110 5062 Dei,

580 5066 631 5114 td
657 5073 756 5125 est,
785 5081 848 5116 ex
877 5078 977 5130 quo
1009 5068 1058 5114 iii
1097 5067 1319 5132 animam
1354 5064 1574 5114 hominis
1628 5078 1802 5114 sermo
1832 5065 1919 5115 Dei
1944 5069 2114 5130 perla-

581 5142 661 5182 tus
693 5137 860 5197 lttcril,
892 5133 1063 5184 acrius
1101 5137 1314 5183 callidus
1363 5132 1528 5184 hostis
1558 5134 1844 5197 consurgit,
1900 5147 1951 5186 et
2002 5152 2113 5186 ina-

575 5201 690 5267 jora
749 5205 869 5255 vitia
928 5205 1117 5270 quibus
1176 5201 1405 5252 \iticatttr
1463 5203 1712 5252 immittit.
1771 5205 1917 5256 i’t‘ttts
1990 5221 2111 5257 vero

581 5288 734 5336 quam
769 5276 963 5326 veniret
991 5285 1164 5322 sermo
1197 5288 1280 5334 qui
1311 5282 1550 5336 argueret
1582 5273 1722 5327 vitia,
1771 5274 1819 5321 iii
1852 5289 1979 5338 pace
2008 5277 2108 5326 dii-

582 5343 802 5406 rabant;
857 5345 944 5394 sed
975 5343 1058 5393 ubi
1092 5353 1267 5393 ευιιιιο
1316 5341 1402 5392 Dei
1436 5341 1604 5391 facere
1633 5341 1828 5406 reperit
1871 5359 2111 5395 uniuscu-

573 5412 760 5478 josipie
816 5414 1127 5472 discrimen,
1188 5421 1308 5462 tunc
1359 5408 1684 5461 conturbatio
1743 5424 1932 5477 magna
1991 5430 2110 5464 coii-

575 5482 759 5551 surgit.

1150 5567 1369 5621 CAPUT
1410 5565 1539 5620 XIII.

886 5655 958 5707 Du
985 5659 1121 5726 virga
1171 5661 1219 5708 in
1255 5662 1514 5709 draconem
1544 5671 1800 5710 conversa.

647 5748 864 5813 l‘i-oje..it
889 5751 1077 5802 deinde
1121 5749 1318 5816 Moyses
1349 5747 1548 5816 virgam
1580 5763 1767 5802 coram
1810 5748 2106 5816 Pharaone,

2215 4575 2466 4643 Mambres
2493 4580 2777 4627 restiterunt
2805 4577 2989 4645 Moysi,
3023 4582 3090 4630 sic
3117 4593 3160 4631 ct
3191 4585 3237 4631 hi
3279 4594 3510 4634 resistunt
3541 4590 3733 4636 tentati,

2213 4645 2434 4696 homines
2478 4658 2638 4696 niriite
2682 4660 2924 4713 Corrupit,
2956 4661 2999 4698 et
3045 4654 3238 4714 reprobi
3277 4655 3409 4702 circa
3460 4655 3623 4716 ﬁdem,
3662 4663 3736 4701 sed

2214 4719 2346 4762 ultra
2390 4732 2486 4766 non
2539 4717 2820 4781 proficient,
2863 4725 3109 4768 dementia
3161 4737 3332 4770 eorum
3364 4728 3623 4784 iriatitf'rsta
3656 4723 3737 4769 erit

2214 4786 2464 4846 omnibus,
2492 4795 2616 4833 sicut
2640 4793 2683 4833 et
2715 4784 2916 4834 iltoruttt
2950 4787 3042 4852 fuit
3083 4785 3166 4848 (ll
3209 4797 3331 4838 itm.
3367 4801 3463 4854 ιιι).
3494 4793 3548 4840 llt
3580 4806 3735 4839 aumu

2214 4870 2299 4926 qut
2353 4869 2444 4919 per
2497 4869 2655 4918 ipsum
2701 4864 3090 4920 corrupttotteitt
3145 4873 3335 4911 mentis
3389 4863 3730 4926 tuqtttetissiuii

2219 4925 2448 4986 luerunt,
2501 4928 2550 4974 in
2600 4927 2746 4991 signo
2792 4927 2944 4976 tertio
2990 4930 3314 4991 deiecerunt.
3366 4925 3609 4980 lat-ieiites
3646 4927 3735 4976 sibi

2216 5001 2498 5065 adversarii
2541 4990 2662 5044 esse
2691 4995 2944 5059 Spiritum
2986 4990 3242 5059 sanctum,
3275 4997 3363 5063 qui
3394 5014 3501 5049 erat
3533 5016 3579 5048 iii
3610 4998 3737 5065 Moy-

2216 5075 2328 5131 sen.
2361 5061 2536 5131 Tertio
2586 5065 2723 5114 enim
2759 5075 2965 5129 ponitur
3005 5067 3228 5128 Spiritus
3280 5061 3512 5130 sanctus,
3552 5084 3632 5131 qui
3668 5061 3737 5117 egi

2215 5130 2412 5201 digitus
2441 5127 2560 5201 Dei.
2599 5127 2768 5184 Undei
2789 5142 2844 5184 et
2885 5134 2954 5184 illi
2987 5127 3291 5187 delicti-tiles
3325 5155 3376 5188 m
3409 5127 3552 5189 tertio
3570 5127 3735 5201 signo,

2216 5200 2460 5250 dixerunt
2489 5216 2500 5249 :
2527 5198 2723 5268 Digitus
2756 5201 2848 5253 Dei
2883 5205 2962 5252 hic
3005 5215 3072 5252 est
3105 5202 3296 5270 (Exod.
3331 5209 3462 5270 viti).
3490 5198 3737 5258 Sit-utan.

2219 5281 2320 5320 tem
2346 5270 2651 5321 conciliatus
2680 5283 2730 5322 et
2760 5276 2992 5338 placatus
3028 5273 3252 5338 Spiritus
3281 5290 3491 5326 saueius
3522 5289 3734 5338 requiem

2219 5349 2429 5404 praestat
2479 5339 2688 5391 mitibus
2734 5349 2786 5392 et
2830 5341 3114 5392 humilibus
3143 5347 3326 5402 corde,
3385 5349 3453 5395 ita
3485 5356 3732 5394 contrario

2219 5412 2469 5460 adversus
2498 5410 2723 5461 itttiiittes
2763 5423 2824 5460 ac
2853 5410 3104 5475 Silpt‘rbtls
3139 5414 3549 5479 inquietudinem
3573 5426 3735 5477 rugi-

2220 5486 2293 5527 tat
2321 5493 2334 5524 :
2359 5491 2513 5544 quam
2545 5480 2958 5543 inquietudinem
2991 5495 3182 5533 muscae
3205 5488 3303 5532 ilia».
3335 5483 3645 5532 brevissiuite
3663 5485 3731 5532 si-

2219 5546 2610 5609 giiilicaverunt,
2643 5551 2831 5613 quibus
2857 5565 2988 5614 magi
3018 5551 3301 5602 l’liaiaoiiis
3325 5556 3638 5612 deleccrunt,
3665 5550 3734 5601 di-

2220 5625 2397 5687 centes
2425 5632 2437 5666 ;
2463 5614 2662 5683 Digitus
2711 5616 2801 5668 Dei
2848 5630 2920 5668 est
2960 5618 3057 5669 hic.
3107 5624 3303 5683 Quarto
3349 5626 3459 5672 loco
3501 5619 3738 5687 Αιεςριιι»

2222 5689 2412 5734 muscis
2462 5695 2774 5750 perCUlllUl';
2827 5703 3002 5738 tttttsCa
3044 5705 3182 5740 enim
3236 5690 3390 5739 iiimis
3439 5689 3661 5745 insolens
3695 5700 3740 5742 et

2224 5751 2505 5816 inquietum
2535 5756 2725 5808 animal
2759 5766 2858 5821 est,
2891 5759 2942 5808 iii
2971 5773 3070 5822 qua
3096 5756 3218 5824 quid
3246 5760 3387 5811 aliud
3430 5775 3578 5827 quatit
3608 5760 3738 5815 inso-
