3914 6228
543 386 639 443 571

1002 354 1198 445 BEDrE
1239 382 1685 446 VENERABILIS
1724 388 1870 444 OPP.
1913 382 2088 443 PARS
2127 386 2194 440 ll.
2222 384 2416 441 SECT.
2448 384 2600 437 lI.-
2640 386 2838 441 DUBIA
2883 387 2967 440 ET
3006 384 3269 441 SPURIA.
3640 378 3737 435 573

546 514 688 568 rege,
711 502 798 568 qui
823 515 852 553 a
877 508 1021 569 tergo
1053 501 1365 567 moriuntur,
1394 510 1605 568 peccata
1630 501 2039 569 sunt‘praeterita
2065 540 2080 560 ,
2114 499 2160 555 Α
2189 493 2342 569 Unde
2371 503 2425 547 ει
2456 508 2677 560 vespere
2705 494 2928 569 dantur.
2948 495 3064 569 quia
3094 504 3277 548 cuncta
3301 508 3420 562 qua:
3446 496 3737 569 carnaliter

537 584 659 639 quas
682 569 950 633 delentur;
976 581 1030 624 et
1056 573 1294 625 diabolus
1325 574 1411 639 qui
1455 572 1505 623 in
1545 571 1768 637 spiritali
1821 570 2081 637 baptismo

540 636 843 691 suffocatur.
893 639 1142 693 Premunt
1176 636 1382 707 quidem
1406 636 1635 707 Ξενιρίἰὶ
1663 657 1678 704 ;
1711 636 1901 709 urgent
1926 648 1977 692 ct
2005 639 2083 691 in-

542 716 680 761 stant
705 716 934 776 peccata,
957 709 1051 761 scd
1082 723 1241 777 usque
1265 712 1329 763 ad
1354 725 1563 779 aquam.

1113 818 1334 875 CAPUT
1374 820 1515 875 XXI.

955 910 1029 963 De
1048 912 1242 963 cantico
1271 910 1672 981 gloriﬁcationis.

610 999 738 1055 Post
766 1000 1036 1054 transitum
1078 1000 1238 1056 maris
1268 1001 1428 1055 Rubri
1458 1004 1599 1055 canit
1626 1002 1883 1055 canticum
1915 1014 2080 1067 popu-

546 1071 623 1120 lus
641 1068 771 1140 Deo,
799 1070 1057 1140 Egyptiis
1080 1081 1132 1123 et
1160 1070 1433 1124 Pliaraoiie
1454 1074 1730 1123 submerso
1758 1088 1768 1122 :
1804 1084 1906 1123 non
1929 1071 2083 1140 aliter

543 1148 598 1189 et
627 1139 806 1193 ﬁdeles
837 1150 1108 1204 postquam
1142 1141 1208 1194 de
1239 1142 1445 1192 lavacro
1475 1140 1804 1193 descendunt
1824 1178 1841 1201 ,
1870 1139 2080 1193 esstin-

544 1209 641 1260 clis
671 1212 917 1273 peccatis,
954 1211 1203 1277 hymnum
1252 1210 1301 1261 in
1348 1224 1476 1262 voce
1513 1209 1873 1276 gratulationis
1915 1209 2076 1261 emit-

545 1287 653 1329 tunt
672 1317 690 1342 ,
718 1279 951 1331 dicentes
976 1294 990 1331 :
1023 1277 1287 1330 Cantemus
1330 1277 1564 1337 Domino,
1596 1279 1810 1346 gloriose
1833 1278 1961 1329 enim
1990 1282 2079 1329 Ito-

544 1348 835 1410 uari/iratus
871 1356 974 1408 est,
1015 1363 1195 1413 equum
1218 1356 1265 1398 et
1300 1364 1603 1400 ascensorem
1630 1349 1835 1412 proiecit
1864 1348 1914 1397 in
1944 1362 2083 1398 mare

543 1414 735 1473 (Exod.
769 1416 913 1483 xxv),
934 1417 1071 1484 quod
1097 1426 1268 1470 tamen
1293 1417 1476 1470 melius
1497 1427 1551 1469 et
1570 1418 1775 1485 dignius
1803 1417 1889 1469 ille
1913 1417 2078 1476 dicit,

544 1486 629 1550 qui
659 1485 890 1539 habuerit
923 1496 1221 1555 tympanum
1250 1487 1299 1539 in
1331 1502 1482 1537 manu
1513 1501 1602 1539 sua
1632 1484 1763 1538 sicut
1802 1484 1963 1538 Maria
1985 1525 1997 1544 ,
2029 1485 2079 1555 id

543 1564 643 1616 est,
675 1569 883 1607 carnem
913 1554 1057 1608 suam
1088 1556 1401 1608 crucilixerit
1427 1570 1543 1608 cum
1581 1556 1718 1607 vitiis
1748 1566 1799 1609 et
1826 1554 2078 1621 concupi-

542 1624 756 1676 scentiis
801 1622 989 1689 (Galat.
1024 1623 1100 1690 v),
1149 1633 1200 1676 et
1244 1625 1631 1676 mortilicaverit
1684 1625 1911 1675 membra
1944 1638 2034 1674 sua
2060 1663 2075 1684 ,

542 1706 656 1753 qua:
685 1702 805 1744 sunt
833 1707 1005 1756 super,
1020 1703 1212 1746 terram
1246 1692 1457 1761 (Coloss.
1483 1695 1583 1757 Ill).
1614 1691 1728 1745 1am
1758 1692 1951 1745 dehinc
1980 1694 2078 1744 du-

545 1761 679 1813 citur
711 1770 825 1825 post
868 1762 1025 1813 maris
1071 1762 1343 1813 transitum
1376 1762 1596 1828 papulus
1639 1777 1731 1829 per
1770 1763 2070 1814 desertum:

548 1829 789 1895 baptizati
820 1830 1019 1883 scilicet
1041 1843 1224 1883 omnes
1252 1845 1346 1898 per
1369 1831 1637 1895 mundum,
1670 1846 1770 1884 non
1804 1831 2075 1895 perfruen-
2107 1838 2151 1897 Β

547 1908 623 1951 tes
652 1902 904 1967 promissa
935 1902 1122 1967 patria,
1152 1900 1243 1953 sed
1280 1900 1419 1967 quod
1470 1915 1576 1950 non
1603 1902 1780 1951 vident
1816 1900 2074 1965 sperando

543 1978 597 2019 ct
626 1983 716 2032 per
746 1970 1047 2035 patientiam
1072 1970 1423 2035 exspectando
1453 1970 1623 2036 (llam.
1656 1972 1797 2033 vin),
1831 1979 2075 2035 tauquam

547 2038 597 2088 in
624 2037 836 2091 deserto
863 2048 1015 2104 sunt,
1045 2048 1100 2091 et
1132 2038 1238 2090 illic
1271 2036 1531 2090 laboriose
1558 2047 1609 2091 et
1638 2037 1935 2107 periculose
1963 2049 2075 2107 teu-

543 2109 657 2167 tati,
709 2122 814 2158 nnn
855 2114 1183 2159 revertantur
1229 2107 1390 2161 corde
1443 2109 1493 2159 in
1544 2106 1845 2173 A'Ig'yptutn,
1882 2121 1977 2159 nec
2006 2106 2075 2158 ibi

545 2176 755 2227 tandem
798 2176 1037 2230 Christus
1064 2176 1302 2243 deserit,
1329 2191 1448 2231 nam
1478 2186 1529 2230 et
1577 2172 1664 2229 illa
1704 2178 1947 2230 Columna
1974 2190 2078 2228 non
2117 2172 2120 2176 ’

543 2244 754 2299 recedit.

1107 2312 1327 2370 CAPUT
1366 2314 1527 2368 XXII.

1072 2403 1145 2457 De
1190 2406 1330 2473 aquis
1376 2407 1547 2457 maris.

618 2495 872 2564 Egressus
902 2495 1119 2564 populus
1147 2496 1211 2549 de
1242 2497 1367 2548 mari
1394 2496 1569 2549 Rubro
1590 2498 1820 2549 occurrit
1845 2510 2075 2558 eremtts,

546 2567 596 2619 in
644 2580 746 2633 qua
771 2565 934 2619 tribus
984 2567 1166 2620 diebus
1219 2566 1573 2633 ingredientes
1623 2582 1725 2618 non
1782 2567 2079 2619 habuerunt

544 2632 759 2701 aquam;
791 2634 839 2688 et
873 2643 1222 2703 pervenerunt
1266 2635 1328 2685 ad
1380 2632 1574 2703 [mitem
1619 2650 1870 2696 amarum,
1900 2638 1987 2702 qui
2016 2651 2081 2688 ex

540 2702 883 2758 amaritudine
927 2718 1115 2756 nomen
1161 2704 1381 2770 accepit.
1421 2702 1702 2755 Murmurut
1745 2705 1968 2765 pupillus
2000 2706 2078 2755 vi-

540 2775 669 2825 dens
692 2789 875 2839 aquas,
905 2784 957 2824 et
989 2782 1165 2841 potare
1193 2788 1294 2825 non
1326 2773 1591 2825 sustinens
1612 2814 1626 2835 ,
1673 2772 1833 2825 mittit
1873 2772 2071 2841 lignum

540 2841 743 2909 Moyses
768 2845 817 2893 in
848 2842 1016 2905 aquis,
1045 2850 1094 2893 et
1126 2840 1275 2895 laeta:
1301 2852 1422 2893 sunt
1443 2841 1644 2895 dulces.
1679 2840 2083 2907 lntelli‘ge’ama-

544 2925 626 2961 ras
651 2924 813 2978 aquas
838 2910 1121 2964 occidentis
1145 2911 1328 2963 litterse
1357 2920 1409 2963 et
1433 2910 1583 2977 chis
1615 2913 1807 2965 habere
1834 2913 2076 2977 figuram,

542 2979 728 3037 quibus
772 2981 814 3032 si
866 2980 1175 3031 immittatur
1218 2980 1479 3032 confessio
1507 2981 1677 3033 crucis
1724 2990 1775 3031 et
1817 2981 2079 3041 passionis

546 3045 823 3102 Dominicre
851 3060 1233 3101 sacramentum
1259 3049 1659 3118 tingatur,.tunc
1684 3049 1913 3102 el‘llcitur
1942 3065 2076 3117 aqua

543 3130 717 3169 amara
745 3118 935 3177 suavis,
968 3130 1017 3169 et
1048 3120 1335 3169 amaritudo
1367 3118 1552 3169 littera:
1576 3121 1796 3171 vertitur
1822 3118 1870 3171 in
1899 3119 2074 3172 dulce-

542 3187 717 3238 dinem
746 3186 1104 3252 intelligentia:
1124 3186 1393 3251 spiritalis.
1422 3185 1569 3238 Unde
1592 3197 1643 3240 et
1671 3188 1923 3253 scriptum
1950 3199 2033 3240 est
2060 3204 2072 3239 :

539 3253 805 3307 Constituit
839 3254 1074 3306 Dominus
1097 3256 1280 3323 populo
1301 3271 1390 3306 suo
1415 3256 1566 3321 legem
1594 3264 1641 3307 et
1658 3256 1880 3323 judicia,
1903 3266 1949 3307 et
1972 3266 2077 3308 ten-

540 3325 659 3376 tavit
680 3339 789 3376 eum
815 3323 1009 3392 (Exod.
1037 3326 1145 3389 xv).
1177 3324 1294 3375 Alio
1323 3337 1531 3391 quoque
1558 3338 1734 3389 sensu,
1764 3324 1899 3392 quod
1924 3338 2072 3392 aqua:

545 3408 735 3446 amarte
766 3394 903 3459 ligno
932 3391 982 3445 in
1014 3407 1071 3444 se
1098 3402 1341 3459 suscepto
1370 3392 1703 3455 dulcescunt,
1749 3391 1940 3447 indicio
1968 3391 2080 3448 erat

554 3464 952 3515 amaritudinem
1000 3462 1233 3530 gentium
1264 3477 1353 3527 per
1381 3464 1574 3529 lignum
1604 3463 1773 3516 crucis
1802 3462 1993 3516 Christi
2027 3466 2078 3515 in

544 3545 667 3583 usus
693 3531 982 3584 dulcedinis
1012 3531 1323 3598 quandoque
1358 3546 1476 3584 esse
1512 3532 1841 3585 vertendum.
1888 3532 2079 3584 Scien-

542 3600 663 3649 dum
705 3614 833 3652 vero
868 3600 1015 3665 juxta
1060 3602 1382 3665 superiorem
1416 3613 1628 3651 sensum
1650 3640 1663 3661 ,
1686 3601 1821 3665 quod
1852 3601 2076 3667 primum

544 3670 728 3720 ductus
770 3678 849 3719 est
898 3667 1050 3719 Israel
1090 3671 1149 3718 ad
1196 3683 1355 3731 aquas
1398 3666 1556 3719 falsas
1585 3676 1740 3734 atque
1766 3666 1992 3727 amaras,
2027 3678 2081 3719 et

545 3734 685 3803 ligno
723 3746 1008 3789 monstrato
1034 3750 1061 3786 a
1087 3735 1306 3789 Domino
1345 3736 1583 3790 dulcibus
1628 3737 1859 3797 elfectis,
1894 3748 2074 3803 postea

545 3806 750 3859 venitur
777 3805 842 3857 ad
886 3805 1074 3857 fontes.
1127 3805 1300 3858 Primo
1340 3806 1476 3860 enim
1507 3807 1714 3861 (lui-itur
1753 3811 1973 3874 populus
2012 3810 2075 3859 ad

546 3876 772 3929 litteram
806 3874 957 3941 lrgis,
990 3875 1039 3927 in
1071 3889 1172 3942 qua
1200 3874 1367 3929 donec
1407 3886 1718 3943 permanet,
1748 3875 1813 3929 de
1840 3878 2081 3928 amaritu-

550 3944 670 3997 dine
702 3945 947 3998 t'eiredere
973 3959 1072 3999 nOn
1106 3954 1294 4011 potest.

828 4111 836 4117 _
1097 4054 1315 4109 CAPUT
1354 4054 1535 4111 XXIII.

678 4148 751 4202 De
779 4146 1035 4199 duodecim
1060 4146 1296 4208 fontibus.
1323 4154 1370 4199 et
1399 4145 1711 4213 septuaginta
1736 4144 1936 4211 palmis.

618 4237 747 4291 Cum
770 4252 891 4305 ergo
915 4250 1009 4305 per
1042 4236 1233 4302 lignum
1262 4233 1383 4287 vita;
1403 4232 1573 4286 dulcis
1606 4232 1759 4287 fuerit
1786 4231 1990 4298 ell‘ecta,
2028 4245 2081 4289 et

554 4306 766 4375 intelligi
796 4304 873 4359 lex
904 4304 1239 4371 spiritualiter
1277 4306 1516 4370 coeperit,
1560 4314 1680 4356 tunc
1703 4304 1767 4356 de
1792 4305 1962 4358 Veteri
1987 4305 2085 4360 Te-

548 4374 808 4428 stamento
830 4376 1077 4428 transitur
1106 4375 1170 4428 ad
1198 4376 1392 4427 Novum
1416 4415 1428 4434 .
1459 4386 1511 4427 et
1537 4379 1742 4427 venitur
1782 4374 1845 4426 ad
1876 4376 2079 4427 duode-

550 4446 650 4499 cim
680 4443 997 4513 apostolicos
1021 4444 1311 4513 ‘Iontcs,_igbi
1341 4444 1478 4495 enim
1501 4444 1717 4496 arbores
1744 4445 2074 4509 reperiuntur
2106 4463 2124 4513 _'

551 4510 870 4582 septuaginta
898 4514 1201 4577 palmarum.
1219 4510 1334 4582 _N0n
1356 4513 1494 4563 enim
1523 4514 1795 4582 duodecim
1818 4514 1913 4582 soli
1940 4529 2071 4577 apo-

552 4580 671 4637 stoli
703 4580 853 4638 Iidem
880 4582 1068 4637 Christi
1094 4580 1501 4642 praedicaverunt
1519 4620 1533 4640 ,
1563 4581 1651 4632 sed
1676 4591 1727 4632 et
1752 4581 1838 4632 alii
1860 4594 2069 4645 septua-

549 4656 688 4718 ginta
719 4654 859 4718 ιυΜί
884 4654 945 4705 ad
978 4650 1360 4717 praedicandi“:
1393 4648 1601 4701 verbum
1643 4650 1729 4701 Dei
1758 4647 2072 4711 referuntur,

559 4718 647 4787 per
661 4718 1012 4788 qtiomlmas
1036 4720 1261 4772 vietorim
1282 4718 1474 4788 Chriin
1498 4718 1716 4768 mundus
1733 4728 2068 4783 agnosceret:

554 4787 804 4858 siquidem
831 4799 884 4841 et
910 4791 994 4841 isti
1018 4789 1289 4844 duodecim
1318 4787 1508 4849 fontes,
1536 4788 1858 4851 septuaginta
1883 4789 2074 4852 palm..-

552 4876 663 4912 rnm
688 4860 902 4911 arbores
934 4859 1221 4925 irrigantes,
1240 4858 1581 4923 ap0stolicam
1602 4862 1816 4921 gratiam
1837 4860 2071 4924 prmligu-

554 4939 689 4992 rant,
718 4926 932 4995 populos
959 4927 1008 4977 in
1038 4929 1332 4992 septenario
1364 4940 1579 4995 numero
1603 4925 1873 4990 decupluto
1898 4926 2071 4992 rigan-

555 5011 688 5061 teni,
712 4994 768 5050 ut
798 5011 890 5063 per
918 4996 1270 5061 septiformem
1294 4996 1505 5061 spiritus
1534 4994 1723 5045 donum
1757 4994 1883 5060 legis
1909 4996 2071 5047 Deca-

554 5076 698 5136 togUs
716 5062 1013 5130 impleatur.
1030 5062 1312 5116 Murmurat
1338 5065 1529 5115 interea
1551 5064 1768 5136 populus
1791 5066 1841 5136 in
1862 5064 2071 5136 deserto

557 5133 760 5203 propter
788 5135 977 5187 famem
997 5149 1011 5195 ;
1034 5143 1085 5184 et
1108 5144 1387 5183 conversus
1410 5134 1637 5196 respexit
1661 5135 1832 5194 procul
1862 5133 1908 5183 iu
1936 5136 2071 5185 nube

553 5202 772 5268 gloriam
793 5205 901 5266 Dei,
919 5202 1223 5269 aspexitqne
1247 5213 1463 5269 vespere
1488 5203 1828 5269 coturnicem,
1851 5209 1903 5251 et
1919 5216 2071 5254 mane

554 5279 761 5327 ulterius
787 5274 886 5325 diei
911 5268 1115 5324 manna.
1144 5270 1276 5335 Quid
1300 5268 1436 5320 enim
1462 5282 1550 5333 per
1565 5268 1801 5318 volucres
1823 5278 1875 5321 et
1896 5284 2067 5332 escas,

555 5345 649 5396 nisi
705 5344 1103 5409 praedicationes
1156 5338 1405 5390 divinitus
1466 5336 1637 5387 missa:
1693 5336 2067 5409 intelliguntur,

554 5428 668 5476 quae
690 5405 1046 5465 transcurrunt
1069 5425 1157 5476 per
1177 5410 1330 5460 verba
1358 5414 1591 5457 sonantia
1612 5405 1758 5472 quasi
1784 5422 1872 5471 per
1893 5423 2068 5476 aerem

556 5474 779 5533 volatilia
814 5474 1263 5547 pennata—quibus
1294 5491 1384 5547 per
1412 5478 1564 5527 tidem
1610 5484 1885 5547 pascantur
1906 5474 1960 5528 hi
1982 5477 2068 5542 qui

554 5552 617 5599 ad
667 5551 879 5615 patriam
938 5546 1358 5615 regnicoelcstis
1412 5546 2065 5615 pervenirecontendunt.

557 5613 729 5671 l’otest
753 5619 959 5683 quidem
989 5613 1038 5667 et
1075 5618 1340 5669 volucrum
1389 5629 1506 5664 esca
1556 5613 1741 5665 νριιειὶε
1783 5615 2071 5678 signiﬁcare

557 5690 683 5754 legis
711 5687 915 5750 eloquia
937 5725 950 5742 .
980 5702 1091 5749 qua:
1122 5686 1321 5754 plebem
1349 5688 1607 5733 carnalem
1642 5694 1882 5754 tanquam
1914 5698 2068 5754 carne

553 5748 739 5823 alEbat,
760 5748 851 5823 per
876 5748 1025 5807 verba
1048 5752 1289 5806 divinitus
1316 5754 1490 5813 inuisa,
1515 5748 1660 5816 quasi
1688 5764 1775 5815 per
1806 5749 2053 5801 volatilia.

2189 565 2290 616 illis
2315 577 2565 617 concessa
2588 571 2707 616 sn‘nt
2740 566 2893 617 linem
2919 563 3157 616 habitura
3184 575 3365 625 erant;
3395 564 3737 617 manifestato

2186 643 2358 684 autem
2390 633 2583 685 lumine
2610 633 2751 692 fidei,
2783 633 2937 686 datur
2966 646 3153 684 manna
3180 634 3390 698 populo.
3414 632 3610 685 Manna
3649 636 3738 685 uti-

2184 717 2307 768 que,
2328 703 2468 767 quod
2491 712 2569 755 est
2592 702 2859 770 Christus,
2892 705 2981 770 qui
3010 712 3253 767 tanquam
3300 703 3450 769 panis
3486 703 3647 755 vivus
3672 705 3733 755 de

2184 769 2320 841 cmrlo
2346 771 2620 841 descendit
2642 769 2817 834 (Iona.
2841 769 2939 838 vi),
2969 772 3054 841 qui
3080 785 3171 837 per
3196 772 3359 824 nubes
3388 774 3731 841 evangelicas

2186 840 2431 892 universo
2453 839 2569 892 orbi
2599 841 2813 904 pluitur,
2848 856 2948 892 non
2994 840 3100 906 jam
3133 841 3483 894 murmuranti
3527 839 3587 894 et
3621 850 3731 893 ten-

2184 911 2313 959 tanti
2346 908 2654 977 Synagogae,
2686 909 2779 961 sed
2809 908 3065 969 credenti,
3095 916 3149 961 et
3196 910 3248 961 in
3296 911 3383 962 illo
3432 924 3592 976 spem
3636 925 3728 974 po-

2185 978 2325 1029 ueuti
2374 978 2619 1029 hccle~ia3
2644 995 2654 1027 :
2683 979 2793 1030 haec
2832 986 3107 1031 cstautem
3150 992 3338 1032 manna
3375 980 3727 1039 indeliciens.

2187 1045 2268 1116 hic
2293 1056 2369 1097 est
2399 1047 2547 1112 panis
2571 1062 2722 1099 verus
2743 1056 2793 1099 et
2815 1048 3046 1100 caelestis
3067 1048 3211 1099 cibus
3238 1049 3572 1114 angelorum,
3590 1050 3726 1116 quod

2183 1114 2276 1166 Dei
2324 1117 2537 1169 verbum
2584 1117 2952 1181 eorruptibiles
2998 1117 3467 1180 ineorrttptibiliter
3523 1114 3726 1181 pascit;

2182 1183 2318 1249 quod
2350 1194 2403 1235 ut
2433 1186 2766 1237 manducaret
2799 1185 2987 1246 homo,
3025 1200 3141 1236 caro
3160 1186 3344 1251 factum
3379 1197 3455 1238 est
3493 1183 3728 1246 Verbum,

2180 1265 2226 1303 et
2248 1253 2484 1304 habitauit
2511 1255 2562 1304 in
2586 1254 2723 1306 nobis
2764 1252 2937 1315 (Joan.
2970 1257 3036 1319 t);
3059 1269 3163 1321 quo
3188 1258 3343 1306 etiam
3381 1257 3470 1320 qui
3505 1270 3730 1308 vescun-

2183 1329 2288 1385 tur,
2320 1322 2628 1389 spiritaliter
2674 1324 2875 1375 vivunt.
2918 1324 3043 1375 Nam
3090 1323 3165 1375 illi
3213 1332 3446 1376 veterem
3499 1323 3723 1391 ﬁguram

2122 1427 2126 1432 η
2179 1392 2463 1444 carnaliter
2484 1393 2799 1457 accipientes
2829 1394 3016 1444 mortui
3044 1401 3184 1455 sunt,
3216 1405 3317 1444 non
3352 1393 3649 1459 incongrue
3676 1403 3726 1445 et

2182 1474 2280 1529 per
2318 1475 2506 1513 manna
2561 1462 2717 1515 etiam
2779 1462 3012 1515 cmlestia
3063 1459 3421 1528 significantur
3476 1465 3721 1529 eloquia;

2182 1528 2317 1580 unde
2348 1537 2401 1580 et
2426 1530 2787 1595 interpretatio
2819 1532 3043 1583 nominis
3064 1532 3141 1583 sic
3160 1539 3334 1594 sonat,
3366 1531 3559 1583 Manna
3584 1528 3721 1582 enim

2180 1596 2564 1669 interpretatur,
2588 1602 2710 1669 quid
2731 1609 2800 1669 est
2820 1599 2951 1651 hoc?
2972 1600 3103 1651 Cum
3124 1600 3263 1651 enim
3286 1602 3529 1653 audimus
3557 1602 3722 1669 legent

2181 1664 2268 1718 Dei
2302 1667 2512 1719 recitari
2562 1664 2611 1719 in
2660 1668 2909 1730 Ecclesia,
2939 1669 3320 1734 interrogamus
3366 1664 3757 1722 duetores'dio-

2176 1744 2353 1787 centes
2385 1753 2395 1785 :
2436 1736 2570 1801 Quid
2598 1748 2668 1789 est
2698 1737 2829 1789 hoc?
2852 1738 2959 1788 Hoc
2995 1746 3168 1790 autem
3219 1751 3407 1788 manna
3467 1740 3724 1790 minutum

2177 1814 2291 1855 erat
2316 1804 2447 1856 sicut
2477 1820 2654 1858 semen
2682 1806 2944 1858 coriandri
2968 1816 3023 1859 et
3063 1821 3242 1858 suave.
3271 1807 3405 1869 Quid
3434 1808 3609 1859 verbo
3636 1808 3721 1859 Dei

2184 1875 2427 1925 minutius
2448 1874 2637 1940 quidve
2656 1876 2920 1938 subtilius,
2944 1883 3035 1928 aut
3057 1878 3176 1941 quid
3198 1875 3400 1929 dulcius
3421 1885 3477 1929 et
3506 1880 3721 1930 suavius

2180 1942 2398 2009 eloquiis
2420 1941 2510 1997 Dei
2538 1959 2654 2012 quae
2679 1955 2801 1997 sunt
2821 1959 2978 2011 super
3008 1947 3108 1998 mel
3133 1956 3185 1998 et
3214 1945 3407 1999 lavuin.

2732 2055 2954 2111 CAPUT
2994 2054 3181 2111 XXIV.

2549 2144 2621 2197 De
2642 2145 2874 2197 carnibus
2901 2146 3078 2201 alitum
3108 2155 3153 2197 et
3177 2162 3380 2199 manna.

2253 2236 2354 2290 Sed
2384 2235 2508 2302 quid
2532 2246 2611 2288 est
2637 2236 2773 2302 quod
2805 2245 2950 2287 sexta
2982 2237 3065 2289 die
3093 2236 3305 2302 duplum
3342 2236 3519 2303 colligi
3564 2236 3718 2305 jube—

2184 2313 2285 2367 tur,
2310 2306 2444 2373 quod
2473 2306 2627 2358 etiam
2657 2305 2884 2357 sulticiat
2914 2307 2963 2357 in
2993 2305 3259 2359 Sabbatol
3285 2307 3447 2359 Sexta
3489 2307 3603 2360 dies
3626 2306 3715 2359 ista

2182 2383 2261 2425 est
2292 2385 2435 2426 sexta
2466 2384 2594 2427 sitas
2637 2374 2847 2437 mundi,
2898 2376 2949 2426 in
2995 2389 3096 2441 qua
3138 2389 3273 2427 nunc
3301 2388 3504 2427 sumus.
3541 2377 3596 2427 In
3629 2377 3716 2429 hac

2180 2458 2306 2510 ergo
2336 2444 2547 2508 duplum
2578 2442 2795 2509 colligit,
2828 2444 2913 2509 qui
2946 2454 3156 2511 propter
3184 2458 3327 2504 spem
3362 2446 3482 2498 vita
3512 2456 3718 2497 aeternae

2184 2513 2399 2566 verbum
2438 2512 2524 2564 Dei
2556 2522 2609 2565 et
2634 2515 2779 2565 audit
2808 2515 3022 2564 etfacit.
3058 2515 3114 2564 lu
3152 2512 3248 2565 hac
3292 2512 3506 2575 duplum
3536 2529 3715 2567 recou-

2180 2582 2276 2642 dit,
2308 2584 2393 2646 qui
2417 2589 2470 2633 et
2499 2581 2632 2651 bene
2655 2581 2794 2642 \‘iVit,
2821 2590 2876 2633 et
2899 2582 3014 2633 aliis
3043 2580 3453 2634 misericordiam
3479 2586 3673 2649 prabet
3698 2600 3709 2630 :

2182 2652 2317 2715 quod
2350 2661 2400 2702 et
2432 2651 2777 2715 reponebalur
2808 2665 2900 2717 pro
2930 2651 3180 2714 Sabbato,
3228 2662 3277 2704 et
3332 2668 3433 2703 non
3483 2667 3713 2706 Corrum-

2185 2719 2422 2784 pcbatur.
2469 2719 2607 2770 Bona
2658 2721 2797 2772 enim
2846 2734 3003 2782 Opera
3060 2719 3192 2771 facta
3246 2730 3456 2786 propter
3494 2723 3708 2772 futuram

2184 2788 2441 2854 requiem,
2469 2792 2518 2840 in
2549 2789 2721 2841 futuro
2746 2788 2939 2841 saeculo
2962 2801 3301 2856 permanent;
3334 2790 3420 2857 qui
3450 2803 3573 2841 vero
3603 2792 3711 2839 inli-

2182 2858 2523 2923 deles’erant,
2547 2867 2599 2910 et
2638 2866 2824 2924 prseter
2860 2872 3046 2910 causas
3089 2858 3303 2912 Sabbati
3349 2860 3626 2910 servabant
3653 2861 3711 2910 de

2184 2940 2393 2988 manna,
2425 2926 2743 2980 ebulliebaut
2775 2942 2836 2979 ex
2864 2942 2923 2978 ea
2952 2942 3189 2989 vermes,
3234 2937 3286 2979 et
3333 2938 3709 2993 computre~ce-

2184 2996 2333 3059 baut;
2361 3005 2413 3047 ct
2441 2997 2526 3062 qui
2558 3004 2768 3062 pmpter
2812 3006 3119 3061 prreseutem
3174 2997 3331 3048 vitam
3388 3007 3441 3049 et
3487 3012 3708 3049 amorem

2185 3066 2360 3116 sazculi
2409 3065 2778 3129 thesaurizant,
2814 3064 2912 3116 illis
2938 3079 3140 3117 vermes
3182 3066 3458 3127 ebulliunt,
3486 3071 3570 3133 qui
3613 3081 3704 3118 nou

2107 3162 2150 3222 c
2189 3134 2499 3222 sarissas.
2520 3132 2999 3222 'Stiswtvsrz'ss
3032 3148 3168 3222 “5’9”.
3188 3146 3438 3222 δεξιεηηέ
3466 3132 3705 3222 atatim-

2185 3210 2236 3253 et
2264 3202 2556 3253 divitiarum
2584 3216 2718 3256 caeca
2748 3202 3033 3268 cupiditas;
3067 3203 3115 3253 hi
3146 3213 3267 3254 sunt
3293 3219 3379 3270 qua
3409 3207 3598 3255 habent
3626 3219 3706 3269 pe—

2180 3272 2380 3331 cunias,
2411 3281 2461 3323 et
2488 3272 2721 3323 videntes
2750 3274 2799 3324 in
2830 3276 3137 3324 necessitate
3165 3274 3349 3324 fratres
3393 3286 3543 3333 suus,
3573 3278 3708 3324 clan-

2180 3339 2303 3390 dunt
2335 3339 2533 3409 viscera
2565 3354 2654 3392 sua
2677 3342 2742 3392 ab
2771 3344 2877 3401 eis;
2902 3342 2993 3392 Sed
3016 3351 3065 3392 et
3094 3339 3137 3391 is
3164 3342 3251 3409 qui
3283 3350 3399 3406 pnst
3419 3350 3704 3407 susceptura

2184 3410 2399 3461 verbum
2431 3408 2519 3461 Dei
2551 3414 2749 3477 peccat,
2803 3410 3026 3462 elllcitur
3066 3412 3111 3462 ei
3169 3408 3337 3475 ipsum
3370 3414 3581 3463 verbum
3624 3412 3706 3462 Dei

2184 3479 2403 3538 vermis,
2444 3480 2527 3546 qui
2587 3481 2698 3544 eius
2741 3494 2949 3543 semper
2989 3478 3366 3532 conscientiam
3424 3478 3615 3543 fodiat,
3661 3493 3707 3530 et

2183 3560 2373 3598 arcana
2419 3549 2643 3613 pectoris
2684 3548 2852 3609 rodat,
2899 3547 3037 3599 sicut
3081 3551 3275 3599 vermis
3312 3549 3524 3615 lignum,
3576 3556 3703 3612 quod

2181 3624 2261 3664 est
2315 3630 2439 3667 crux
2483 3615 2707 3677 Christi,
2757 3631 3049 3682 quanquam
3113 3626 3167 3668 et
3213 3620 3408 3667 vermis
3451 3618 3519 3668 sit
3562 3618 3704 3669 Chri-

2182 3694 2294 3734 stus
2331 3684 2441 3754 ips_o
2478 3684 2752 3750 loquente:
2781 3685 2889 3754 Ego
2919 3697 3081 3737 autem
3122 3700 3232 3735 sum
3274 3687 3449 3736 vermis
3472 3724 3488 3747 ,
3525 3696 3570 3737 et
3613 3704 3703 3737 non

2183 3758 2327 3824 homo
2355 3752 2519 3821 (Psat.
2550 3758 2673 3820 ut).
2706 3752 2852 3808 Sicut
2870 3755 3007 3824 enim
3029 3757 3138 3824 ipse
3162 3761 3244 3807 e~t
3264 3754 3384 3807 aliis
3407 3756 3458 3806 in
3483 3755 3696 3817 ruinam,

2182 3822 2299 3873 aliis
2328 3824 2378 3875 in
2410 3827 2874 3886 resurreCtiouem;
2923 3822 2988 3875 ita
3034 3835 3087 3877 et
3116 3823 3226 3888 ipse
3258 3825 3309 3875 in
3353 3839 3537 3875 manna
3586 3825 3700 3876 lide-

2185 3893 2315 4011 lillius
2346 3892 2554 3959 quidem
2580 3893 2799 3947 dulcedo
2829 3893 3021 3957 mellis,
3048 3891 3344 3947 inﬁdelibus
3371 3895 3560 3947 vermis
3586 3895 3694 3947 elli-

2185 3975 2225 4011 Cl
2256 3975 2332 4011 ur.

2181 3975 2332 4012 Clllll'.

2730 4050 2952 4105 CAPUT
2994 4049 3155 4103 XXV.

2620 4143 2692 4195 De
2717 4154 2856 4213 petra
2880 4144 3018 4213 virga
3045 4157 3298 4211 percussa.

2252 4239 2376 4292 Post
2403 4250 2586 4289 manna
2612 4238 2858 4303 quieritur
2888 4234 3091 4303 liberari
3136 4232 3358 4299 populus
3408 4232 3474 4286 ab
3518 4232 3691 4287 ardore

2182 4308 2317 4369 silis,
2349 4318 2399 4361 et
2425 4306 2539 4358 foos
2560 4300 2789 4371 de'peira
2821 4304 3006 4369 erupit.
3052 4300 3201 4355 Petra
3241 4313 3415 4354 autem
3446 4318 3556 4368 qua:
3584 4318 3695 4368 per-

2183 4393 2333 4431 cussa
2347 4392 2532 4444 aquam
2556 4372 2985 4444 evomuitllhristi
3008 4374 3223 4444 ﬁguram
3240 4373 3495 4438 passionis
3511 4373 3696 4431 hahmt.

2181 4464 2277 4516 qua
2308 4442 2485 4513 aperta
2513 4454 2696 4516 cuncta
2738 4443 3032 4516 illuxerunt:
3058 4442 3121 4491 ad
3168 4455 3325 4507 quem
3380 4448 3517 4516 velut
3560 4444 3687 4516 virga

2176 4509 2369 4585 lignum
2399 4514 2655 4580 passionis
2686 4514 2939 4585 accessit,
2968 4519 3022 4562 ut
3048 4520 3331 4585 emanaret
3366 4509 3688 4585 credentibu.

2175 4577 2358 4654 gFatia.
2395 4577 2638 4654 Percussa
2661 4580 2800 4654 enim
2833 4592 2995 4654 petra,
3021 4577 3457 4654 h_lons_mana_vit;
3494 4591 3690 4653 percus-

2172 4646 2261 4704 sus
2290 4654 2339 4704 in
2368 4665 2523 4703 cruce
2551 4650 2809 4711 Christus,
2834 4648 3132 4699 sitientibus
3165 4646 3358 4698 lavacri
3386 4652 3601 4711 gratiam
3638 4654 3688 4697 et

2172 4724 2363 4773 donum
2390 4720 2553 4772 sancti
2594 4719 2818 4784 Spiritus
2866 4717 3065 4770 ell'udit.
3119 4714 3325 4767 Petram
3370 4717 3508 4769 enim
3554 4719 3690 4769 istaut

2174 4793 2385 4858 Iiguratn
2412 4788 2605 4841 Christi
2638 4788 2881 4858 habuisse
2913 4786 3092 4858 probat
3132 4785 3449 4849 Apostolus,
3480 4800 3591 4837 cum
3631 4786 3695 4834 di-

2172 4854 2276 4911 cit:
2304 4858 2561 4922 Bibebant,
2583 4857 2766 4923 inquit,
2790 4858 2851 4907 de
2872 4854 3424 4923 spiritaliAconsequeuti
3444 4872 3523 4907 eos
3542 4865 3688 4920 petra,

2170 4940 2306 4996 petra
2336 4939 2497 4979 autem
2545 4920 2664 4979 erat
2707 4920 2934 4977 Christus
2972 4922 3023 4991 (1
3070 4920 3185 4973 Cor.
3234 4929 3311 4991 ι).
3362 4925 3508 4989 Quod
3533 4932 3690 4974 autem

2171 5002 2354 5050 sitiens
2395 5002 2613 5064 populus
2658 5004 2886 5064 propter
2913 5008 3098 5064 aquam
3129 5007 3418 5045 murmurat
3462 4996 3693 5064 adversus

2172 5060 2407 5134 Moysen,
2438 5060 2489 5117 et
2520 5060 2788 5135 propterea
2814 5062 2967 5135 jubet
2992 5061 3138 5135 Deus,
3163 5074 3216 5115 ut
3242 5063 3485 5135 ostendat
3518 5060 3593 5135 eis
3619 5078 3692 5135 pr-

2172 5130 2301 5186 traiu
2330 5135 2395 5187 de
2421 5130 2529 5200 qua
2549 5130 2905 5198 bibant,quid
2956 5135 3051 5185 hoc
3097 5130 3390 5202 signiﬁcat?
3437 5132 3532 5202 nisi
3579 5130 3687 5191 quia

2169 5219 2210 5254 sn
2244 5203 2357 5269 quis
2380 5199 2469 5255 est
2486 5202 2569 5268 qui
2590 5203 2895 5253 adversatur
2925 5202 3022 5267 legi
3055 5199 3211 5269 Μοίεὶ
3232 5240 3246 5263 ,
3269 5211 3324 5251 et
3362 5199 3450 5264 qui
3480 5214 3691 5269 murinu-

2170 5256 2524 5344 rut'adversus
2548 5286 2687 5344 eum,
2714 5282 2767 5321 et
2798 5256 3038 5344 diaplic'et
3062 5276 3106 5344 ei
3137 5256 3217 5344 ius
3235 5256 3395 5333 ’φης’
3413 5267 3684 5344 secundum

2175 5343 2398 5411 litteram
2433 5352 2514 5393 est
2539 5341 2771 5411 scripta:
2806 5342 3033 5411 ostendit
3061 5340 3107 5411 ei
3140 5338 3345 5402 Moyses
3368 5348 3582 5411 petram,
3604 5338 3682 5411 qui

2172 5421 2251 5462 est
2275 5410 2533 5471 Christus,
2564 5417 2618 5461 et
2643 5404 2853 5462 adducit
2878 5423 2997 5464 eum
3026 5406 3090 5458 ad
3121 5412 3305 5470 ipsum,
3335 5416 3392 5455 ut
3422 5404 3540 5458 inde
3560 5406 3686 5457 bibat

2172 5488 2226 5531 et
2256 5479 2453 5533 reliciat
2480 5479 2619 5530 sitim
2643 5491 2813 5531 suam.

2810 5563 3030 5618 CAPUT
3069 5561 3109 5614 Χ
3122 5560 3249 5612 XVI.

2564 5651 2638 5704 De
2665 5666 2830 5721 pugna
2857 5663 3027 5703 contra
3053 5652 3311 5702 Amalech.

2238 5743 2361 5799 Ροιι
2388 5743 2496 5797 hac
2528 5738 2728 5809 Moyses
2768 5741 3003 5795 ascendit
3051 5742 3099 5794 iu
3148 5751 3402 5803 montem,
3462 5749 3515 5793 et
3550 5737 3689 5796 ιωυο
