3914 6228
521 291 626 346 ’579

903 287 1099 342 ΒΕΒΑΕ
1144 286 1579 358 ΥΕΙᾏΕΒΑΒΙΜΒ
1614 284 1888 340 OPERUM
1928 283 2102 338 PARS
2143 284 2204 338 ll.
2250 284 2438 339 SECT.
2482 283 2542 340 ll.
2587 316 2652 328 -
2689 285 2890 358 DUDIA
2929 286 3014 341 ET
3051 283 3315 342 SPURIA.

3608 286 3748 340 δε.
3851 267 3853 322 |

521 411 629 464 vat,
652 414 781 464 quos
806 401 950 464 quasi
993 399 1328 451 adversantes
1371 397 1587 449 interius
1631 393 1834 447 tolerat.
1859 394 2051 464 ‘Portat
2078 393 2128 451 Α
2154 393 2278 444 sicut
2305 394 2471 444 intima
2514 393 2670 464 patris
2689 434 2702 454 ,
2729 393 2802 444 ita
2839 401 2885 446 et
2915 393 3082 464 anima
3110 394 3205 458 ﬁlii
3245 406 3356 444 mea
3398 401 3494 445 est.
3513 392 3736 464 duitas-

520 455 646 533 ergo
668 455 1124 520 contradictionem
1148 465 1559 533 deprecantium,
1581 477 1737 530 quam
1761 455 1976 533 aspir-at,
1998 469 2053 513 et

517 531 658 589 velut
696 535 891 591 volenti
925 531 1235 604 imponitur,
1265 531 1403 600 quod
1442 532 1508 583 ah
1546 533 1657 600 ipso
1686 539 1740 583 ut
1769 531 1856 583 llat
1892 531 2054 597 impe-

523 615 685 657 ratur.

1129 699 1313 738 DISCIPU
1321 697 1427 736 LUS-

584 782 710 835 Dum
741 781 1058 834 Testamenti
1089 779 1290 832 Veteris
1331 777 1511 830 Patres
1550 777 1756 837 intueor
1777 813 1794 836 ,
1861 775 2052 827 multos

517 854 718 914 horum,
751 858 883 903 teste
923 863 1087 902 sacrm
1131 846 1365 914 lectionis
1408 845 1653 914 historia,
1693 843 1850 896 Deum
1901 844 2054 914 vidis-

510 933 567 970 Sc
612 911 887 982 cognosco.
938 918 1072 968 Vidit
1097 915 1286 983 quippe
1330 913 1491 968 Jacob
1527 913 1712 976 Deum,
1741 914 1828 979 qui
1864 911 1997 963 dixit
2028 928 2040 961 :

520 987 636 1038 Vidi
681 987 945 1039 Dominum
989 987 1113 1050 {acie
1149 984 1216 1034 ad
1265 985 1561 1052 [aciem,_et
1610 983 1773 1052 salva_
1793 984 1930 1046 facta
1977 988 2048 1052 est

507 1061 676 1107 anima
713 1070 821 1106 mea
870 1047 1016 1120 (Gen.
1063 1047 1441 1120 xxxii).'_Vidit
1491 1047 1926 1120 Moyses_Deum,
1984 1047 2052 1120 de

507 1139 611 1186 quo
657 1113 905 1189 scriptum
952 1131 1076 1174 est:
1114 1118 1424 1184 Loquebatur
1474 1113 1643 1189 autem
1672 1113 1938 1189 Dominus
1983 1117 2049 1189 ad

508 1184 718 1258 Hoysen
743 1184 956 1261 facie_ad
983 1191 1181 1261 [aciem,
1204 1186 1484 1261 sicut‘loqui
1509 1185 1631 1261 solet
1662 1187 1810 1236 homo
1829 1186 1896 1261 ad
1923 1184 2051 1261 anti—

505 1253 620 1311 cttni
643 1253 785 1310 suum
825 1257 1018 1322 (Exod.
1053 1256 1260 1313 xxxtlt).
1292 1254 1425 1306 Vidit
1453 1253 1552 1306 Job
1587 1253 1745 1322 Deum
1760 1293 1779 1322 ν,
1813 1255 1895 1316 qui
1927 1253 2000 1322 ait
2032 1269 2047 1303 :

506 1327 696 1378 Audita
721 1320 857 1379 auris
883 1327 1048 1377 audivi
1076 1336 1140 1386 te,
1168 1339 1296 1375 nunc
1325 1323 1497 1374 oculus
1524 1337 1658 1373 meus
1685 1321 1812 1372 videt
1839 1329 1884 1373 te
1905 1320 2047 1385 (Job.

504 1409 607 1448 χιιι
631 1398 668 1459 ).
699 1395 833 1446 Vidit
875 1394 1030 1446 Isaias
1061 1396 1220 1444 Deum
1239 1431 1254 1452 ,
1282 1393 1368 1458 qui
1395 1395 1468 1442 ait
1493 1407 1507 1441 :
1536 1387 1601 1442 In
1628 1407 1760 1441 anno
1789 1406 1888 1458 quo
1915 1404 2049 1459 mor-

505 1475 617 1515 tuus
632 1457 707 1515 est
727 1478 814 1515 rex
838 1463 1008 1524 Ozias,
1025 1462 1126 1514 vidi
1155 1461 1423 1512 Dominum
1437 1460 1682 1510 sedentem
1700 1457 1847 1518 super
1867 1457 2048 1508 solium

505 1534 776 1592 excelsum,
806 1541 851 1583 et
872 1533 1110 1583 eleuatum
1131 1528 1281 1595 (Isai.
1310 1529 1402 1593 vt),
1428 1537 1481 1581 et
1505 1536 1692 1579 caetera
1722 1541 1886 1592 usque
1906 1527 1970 1595 ad
1997 1526 2048 1576 id

504 1601 642 1659 quod
684 1603 757 1652 ait
788 1620 799 1651 :
835 1600 1013 1666 Regem
1059 1594 1697 1666 exercitumnjvidimculis
1735 1596 1884 1666 meis.
1911 1594 2051 1645 Vidit

504 1667 732 1721 Micheas
781 1663 941 1719 Deum
993 1668 1078 1734 qui
1129 1666 1299 1717 dicit:
1345 1663 1458 1714 Vidi
1506 1663 2046 1734 Dominuntgsedentem

499 1752 648 1801 super
679 1736 856 1787 solium
885 1727 1048 1794 suum,
1077 1744 1124 1786 et
1165 1747 1359 1784 onmem
1386 1733 1657 1801 exercitum
1680 1727 1791 1782 caeli
1818 1733 2053 1801 assistenf

505 1797 599 1854 tem
626 1806 670 1855 ei
698 1820 727 1853 a
756 1804 942 1854 dextris
987 1813 1030 1854 et
1073 1819 1102 1852 a
1144 1797 1470 1861 sinistris(ll
1501 1799 1670 1851 Paral.
1701 1814 1821 1851 xvttt
1842 1801 1878 1862 ).
1909 1799 2042 1861 Quid

503 1880 583 1923 est
612 1886 734 1938 ergo
758 1880 883 1938 quot
907 1879 982 1922 tot
1009 1870 1325 1922 Testamenti
1364 1869 1562 1921 Veteris
1587 1867 1958 1938 Patres_l)etittt
1987 1882 2047 1919 se

507 1935 698 1992 vidisse
730 1935 898 1991 testati
927 1947 1067 2001 sunt,
1101 1947 1154 1989 et
1195 1948 1366 1988 tamen
1414 1941 1523 2003 ipse
1567 1937 1694 1988 dicit
1727 1953 1739 1985 :
1770 1935 1886 1987 Non
1915 1939 2046 1987 enim

499 2008 676 2058 videbit
717 2025 790 2058 rne
820 2009 997 2071 homo,
1029 2018 1071 2058 et
1101 2008 1224 2057 vivet
1256 2004 1456 2076 (Exod.
1485 2007 1704 2076 xxxiii).
1742 2013 1794 2056 et
1823 2005 2045 2058 lcanues

497 2077 570 2128 ait
596 2094 608 2128 :
644 2077 798 2128 Deum
821 2091 962 2128 nemo
995 2076 1113 2127 vidit
1151 2074 1368 2142 unquam
1398 2075 1572 2143 (Joan.
1608 2074 1646 2139 ι)
1675 2079 1697 2124 '!

1130 2178 1404 2216 IAGISTER.

568 2252 674 2304 Hoc
707 2262 943 2317 patenter
972 2253 1123 2304 datur
1151 2252 1398 2318 intelligi,
1430 2253 1544 2318 quia
1573 2249 1799 2317 quaudin
1831 2259 2031 2300 morta-

501 2321 616 2371 liter
639 2322 860 2383 vivitur,
891 2323 1050 2374 videri
1087 2336 1175 2387 per
1215 2321 1461 2386 quasdam
1495 2319 1743 2384 imagines
1773 2319 1906 2368 Deus
1937 2335 2032 2383 po-

497 2397 616 2448 test.
647 2390 737 2442 sed
771 2394 932 2454 ipsam
980 2400 1178 2441 natura:
1207 2404 1316 2441 sua:
1344 2389 1570 2454 Speciem
1617 2403 1715 2438 non
1749 2397 1947 2453 potest.
1981 2399 2036 2439 ιιι

497 2459 666 2525 anima
708 2460 868 2525 gratia
916 2460 1141 2525 Spiritus
1185 2457 1353 2508 alllata
1408 2472 1497 2521 per
1547 2457 1731 2521 ﬁguras
1781 2457 2029 2521 quasdam

503 2524 662 2576 Deum
711 2521 902 2585 videat.
943 2521 1033 2578 sed
1064 2527 1126 2577 ad
1159 2527 1324 2592 ipsam
1368 2525 1469 2576 vim
1511 2526 1621 2587 ejus
1665 2528 1901 2592 essentia:
1931 2541 2031 2574 non

502 2595 780 2657 pertingat.
813 2596 940 2647 llinc
966 2604 1044 2646 est
1082 2591 1218 2646 enim
1266 2593 1400 2659 quod
1447 2592 1626 2651 Jacoh,
1661 2593 1746 2654 qui
1782 2591 1942 2642 Deum
1972 2606 2028 2643 se

498 2661 686 2714 vidisse
717 2672 954 2726 testatur,
980 2663 1117 2713 hunc
1150 2676 1251 2712 non
1295 2661 1390 2712 nisi
1423 2660 1472 2710 in
1501 2661 1682 2724 angelo
1725 2660 1867 2710 vidit.
1903 2660 2030 2712 llinc

494 2732 734 2793 estquod
761 2731 980 2797 .“OYscs,
1011 2735 1096 2796 qui
1121 2745 1236 2781 cum
1265 2729 1368 2781 Deo
1393 2727 1519 2781 ίιερίρε
1549 2729 1610 2779 ad
1643 2728 1824 2779 l'aciem
1853 2729 2031 2793 loque-

495 2797 665 2866 batur,
694 2800 827 2850 sicut
857 2801 992 2866 loqui
1016 2800 1148 2850 Solet
1181 2799 1334 2850 homo
1359 2798 1421 2849 ad
1452 2799 1671 2848 anticum
1700 2811 1873 2859 suum,
1899 2805 1951 2848 et
1978 2798 2026 2847 in

499 2865 606 2928 ipsa
641 2866 792 2920 verba
824 2865 934 2920 suae
960 2869 1234 2924 locutionis
1257 2868 1380 2917 dicit
1411 2881 1426 2919 :
1459 2866 1516 2919 Si
1549 2867 1704 2916 inveni
1735 2868 1946 2931 gratiam
1978 2866 2028 2915 in

497 2947 760 2999 conspectu
796 2946 908 2998 tuo,
944 2938 1142 2988 ostende
1169 2937 1288 2986 mihi
1317 2937 1624 2996 temetipsum
1669 2935 1943 2998 manifeste,
1975 2943 2029 2985 ut

2156 476 2266 525 quia
2289 461 2581 525 peccaverit,
2611 462 2718 526 ipsa
2745 463 3008 513 morietur.
3045 460 3195 513 Pater
3222 476 3321 513 non
3351 461 3574 528 portabit
3611 463 3734 514 iasi-

2153 532 2391 596 quitatem
2418 530 2531 595 ﬁlii.
2563 545 2717 594 neque
2748 530 2884 595 [ilius
2918 531 3127 591 portabit
3168 531 3488 596 iniquitatem
3523 535 3728 596 patris.

2152 598 2362 650 Justitia
2387 600 2503 659 iusti
2531 615 2680 665 super
2706 614 2818 666 eum
2846 600 2962 661 erit,
2990 607 3035 650 et
3059 599 3282 666 impietas
3312 599 3458 666 impii
3489 603 3586 650 erit
3619 614 3731 650 u-

2153 683 2240 732 per
2265 684 2394 729 eum,
2415 677 2465 718 et
2491 666 2687 731 reliqua
2708 665 2917 732 (Jerem.
2945 665 3109 732 xxxi).
3132 665 3280 732 Quod
3305 665 3408 718 non
3432 668 3728 733 aequaliter

2153 747 2214 786 ac
2239 736 2580 854 tfoueat-diter
2608 740 2799 788 sonare
2837 733 3062 798 videtur,
3105 734 3240 802 quod
3270 749 3459 803 quaeso
3487 737 3728 789 solve“:

2153 811 2233 854 stu
2274 817 2322 854 e.

2152 811 2322 855 stude.

2767 905 3043 946 IACISTEI.

2221 977 2275 1030 In
2306 987 2520 1044 utraque
2546 979 2736 1032 etenim
2764 981 3020 1032 sententia
3051 979 3173 1032 dum
3201 980 3476 1034 dissimilis
3504 994 3714 1034 scas-ss

2151 1048 2406 1100 invenitur
2433 1047 2680 1110 auctoris,
2707 1048 2913 1101 animus
2951 1059 3006 1101 ut
3027 1048 3361 1101 discretionis
3393 1051 3533 1101 viam
3561 1051 3714 1103 sub-

2150 1116 2307 1169 tiliter
2351 1119 2578 1180 requirat
2631 1119 2922 1170 instruitur.
2977 1116 3248 1174 Peccatum
3293 1118 3489 1183 quippe
3527 1120 3708 1185 origi-

2149 1185 2268 1237 nale
2294 1200 2322 1235 a
2353 1187 2652 1251 parentibus
2679 1186 2930 1237 trahimus
2955 1225 2970 1247 ,
3003 1195 3058 1237 et
3101 1185 3197 1236 nisi
3231 1199 3322 1250 per
3348 1188 3571 1252 gratiam
3603 1187 3717 1238 ba—

2151 1253 2405 1317 ptismatis
2446 1254 2724 1312 salvamur,
2755 1252 2910 1306 etiam
2949 1261 3218 1319 parentum
3250 1265 3462 1318 peccata
3509 1266 3702 1319 porta-

2149 1337 2284 1382 mus.
2315 1322 2433 1388 quia
2463 1336 2618 1373 unum
2649 1321 2886 1375 videlicet
2920 1336 3039 1374 cum
3088 1324 3191 1375 illis
3238 1337 3441 1375 sumus.
3496 1324 3701 1376 Reddit

2149 1390 2619 1460 ergoiniquitatem
2635 1401 2847 1460 patrum
2876 1391 2927 1443 in
2963 1391 3118 1454 lllios,
3145 1392 3268 1444 dum
3301 1406 3396 1458 pro
3422 1395 3579 1456 culpa
3603 1407 3710 1460 pa-

2150 1459 2313 1510 rentis
2342 1474 2404 1511 ex
2433 1456 2666 1524 originali
2693 1470 2907 1524 peccato
2935 1461 3104 1510 anima
3130 1456 3379 1525 polluitur
3412 1456 3708 1527 prolis.'Et

2148 1541 2373 1587 rursum,
2423 1541 2522 1578 non
2575 1527 2744 1578 reddit
2789 1527 3118 1593 iniquitatem
3149 1538 3420 1591 parentum
3462 1534 3517 1581 in
3553 1530 3704 1590 liliis,

2148 1594 2264 1658 quia
2309 1609 2426 1645 cum
2457 1595 2521 1644 ab
2558 1595 2797 1660 originali
2840 1597 2986 1660 culpa
3020 1611 3112 1658 per
3138 1596 3458 1661 baptismiim
3504 1599 3708 1649 libera-

2156 1679 2291 1724 mur,
2323 1678 2424 1713 non
2457 1672 2725 1727 parentum
2755 1663 2956 1729 culpas,
2987 1663 3077 1716 sed
3106 1679 3234 1729 quas
3276 1665 3374 1729 ipsi
3405 1665 3708 1719 committi-

2082 1704 2126 1761 Β
2156 1704 2291 1794 iiii}:
2324 1704 3699 1800 ἰιέιῖιὲεἶιίιῖζ’ὅέἱοῖ’ἱξι“ιῖιέιῖ”ἷιιῗέἷιῖςι’ἒῖὶιέἷᾌῦἱὲἑῖ,

2148 1799 2264 1864 quia
2305 1799 2539 1866 quisquis
2583 1802 2724 1864 pravi
2775 1802 3006 1866 parentis
3055 1801 3377 1867 iniquitatem
3433 1799 3700 1864 imitatur,

2145 1868 2301 1919 etiam
2332 1882 2406 1940 ex
2429 1867 2551 1940 ejus
2582 1867 2773 1921 delicto
2809 1868 3202 1940 constringitur.
3236 1871 3480 1938 Quisquis
3512 1882 3698 1940 autem

2147 1937 2373 2000 parentis
2396 1936 2842 2005 iniquitatemnon
2872 1942 3120 1999 imitatur,
3141 1936 3464 2005 nequaqunn
3488 1939 3700 1991 όο-Ιίοιιι

2149 2006 2287 2056 illius
2325 2014 2601 2074 gravatur;
2635 2004 2772 2058 unde
2805 2008 2861 2056 lit
2889 2014 2944 2056 ut
2973 2007 3177 2068 iniquus
3210 2004 3361 2067 tilius.
3391 2009 3559 2074 iniqui
3593 2021 3693 2072 pa-

2148 2074 2242 2124 tris
2291 2088 2392 2123 non
2422 2073 2588 2142 solum
2621 2088 2710 2125 sua
2753 2088 2869 2138 qute
2914 2074 3150 2136 addidit,
3183 2076 3272 2127 sed
3320 2073 3490 2127 etiam
3523 2078 3697 2142 patris

2144 2151 2350 2209 peccata
2395 2141 2690 2207 persolvat,
2732 2157 2849 2194 cum
2892 2141 2989 2193 viis
3027 2143 3213 2208 patris.
3257 2143 3454 2209 quibus
3495 2141 3694 2197 iratum

2141 2207 2415 2260 Dominum
2448 2224 2547 2260 non
2581 2210 2805 2270 ignorat.
2836 2212 2992 2263 etiam
3031 2207 3206 2263 adhuc
3248 2207 3392 2263 suam
3426 2215 3696 2266 malitiam

2138 2277 2418 2348 adjungere
2447 2293 2547 2348 non
2594 2277 2875 2341 formidat;
2919 2289 2967 2331 et
2995 2280 3192 2344 ju~tum
3233 2292 3307 2333 est
3341 2290 3394 2332 ut
3435 2283 3522 2348 qui
3573 2282 3680 2334 sub

2138 2347 2372 2398 districto
2391 2346 2696 2410 judice-vias
2723 2348 2951 2411 parentis
2975 2349 3133 2415 iniqui
3163 2364 3264 2401 non
3293 2349 3438 2400 timet
3457 2346 3686 2412 imitari,

2135 2428 2164 2465 c
2190 2422 2354 2481 'gatur‘
2381 2415 2431 2465 iti
2460 2415 2562 2465 vita
2597 2416 2838 2476 pra-senti
2865 2416 3020 2466 etiam
3049 2419 3230 2481 culpas
3257 2427 3487 2483 parentzs
3518 2418 3691 2483 iniqui

2139 2483 2631 2552 persolvere.7Unde
2659 2493 2711 2534 et
2753 2485 2856 2536 illic
2903 2485 3097 2536 dictum
3145 2495 3226 2537 est
3257 2501 3270 2538 :
3297 2488 3474 2537 Anima
3518 2491 3693 2552 patris

2136 2566 2241 2623 inea
2271 2561 2360 2608 est,
2386 2551 2582 2623 anima
2601 2553 2708 2623 filii
2739 2569 2856 2623 mea
2892 2563 2981 2623 est.
3014 2554 3193 2604 Anima
3233 2569 3342 2620 quae
3381 2551 3692 2623 peccaverit,

2134 2619 2243 2690 ipsa
2274 2619 2507 2671 morietur
2527 2619 2742 2690 i(lbid.),
2774 2622 2890 2689 quia
2923 2621 2973 2672 in
3000 2636 3160 2674 carne
3190 2619 3560 2690 nonnunquam
3591 2627 3688 2676 lilii

2133 2687 2286 2759 etiam
2318 2702 2379 2759 ex
2409 2689 2565 2752 patris
2607 2687 2817 2756 peccato
2868 2691 3212 2756 perimuntur.
3249 2687 3460 2759 Dejecto
3496 2704 3684 2744 autem

2132 2756 2369 2820 originali
2419 2768 2633 2820 peccato
2678 2773 2742 2811 ex
2781 2771 3054 2826 parentum
3096 2756 3357 2828 nequitia,
3405 2762 3455 2812 in
3503 2763 3700 2813 anima.

2133 2840 2233 2875 non
2270 2836 2528 2877 leuentur.

2743 2929 3059 2968 ωδειρυιυε.

498 3002 691 3051 rideant
713 3004 964 3079 ιιεψετοάἶ
989 3007 1526 3079 xxxm)._(.‘erteeuiui
1548 3004 1746 3079 silleus
1769 3019 1868 3079 non
1891 3012 2024 3066 erat,
2058 3019 2102 3079 ρ
2201 3002 2332 3079 Quid
2364 3009 2446 3054 est
2479 3003 2614 3079 enim
2643 3004 2778 3079 quod
2811 3004 3006 3070 parvuli
3049 3003 3138 3055 lllii
3173 3006 3475 3071 plerumque
3501 3019 3528 3056 a
3559 3004 3673 3059 dc-

496 3080 617 3118 ettm
658 3085 758 3135 quo
800 3073 1104 3134 loquebatur
1137 3089 1150 3123 :
1183 3073 1410 3124 Ostende
1441 3072 1563 3122 mihi
1602 3072 1758 3120 Deum
1789 3070 1983 3121 diceret
2004 3111 2019 3132 ,

501 3149 554 3186 et
579 3153 677 3188 nrn
699 3157 709 3189 :
734 3139 960 3191 Ostende
986 3141 1327 3205 temetipsum.
1346 3139 1400 3192 Si
1418 3151 1586 3190 autem
1607 3138 1740 3189 Deus
1761 3145 1890 3194 erat.
1905 3153 2020 3189 cmn

499 3221 600 3270 quo
627 3207 755 3259 facie
773 3211 834 3258 ad
857 3209 1038 3260 faciem
1071 3209 1392 3275 loquebatur,
1424 3222 1515 3260 cur
1541 3222 1596 3258 se
1626 3207 1830 3272 petebat
1852 3207 2024 3259 videre

497 3289 650 3339 quem
683 3277 924 3328 \idt-bat?
953 3278 1053 3329 Sed
1078 3278 1176 3328 hac
1196 3277 1305 3341 ejus
1332 3279 1574 3340 petitione
1599 3276 1874 3341 Clllilglllﬂ‘,
1902 3277 2022 3341 quia

499 3356 618 3392 eum
663 3345 860 3396 sitit-hat
898 3362 990 3412 per
1021 3347 1479 3410 incircumst-riptav:
1520 3357 1715 3395 naturae
1747 3360 1850 3395 sua:
1880 3346 2024 3396 clari-

499 3417 658 3482 tatem
683 3428 916 3478 cernere,
943 3431 1093 3480 quem
1120 3417 1226 3482 jam
1259 3423 1491 3479 cwperat
1515 3428 1604 3478 per
1623 3414 1867 3479 quasdam
1897 3430 2023 3465 titia-

499 3479 645 3546 gines
676 3484 871 3544 tidere,
898 3479 1044 3534 utsic
1066 3479 1289 3546 superna
1319 3484 1532 3534 scientia
1562 3482 1748 3532 utentis
1765 3483 1877 3545 ejus
1899 3496 2023 3532 ocu-

493 3545 558 3595 lis
580 3549 803 3609 adesset,
828 3563 1080 3612 quatenus
1103 3554 1177 3603 eis
1200 3552 1262 3601 ad
1285 3549 1588 3602 mterriitatis
1611 3552 1858 3600 visionem
1885 3551 2020 3600 nulla

491 3613 662 3679 imago
713 3629 884 3669 creata
935 3621 1289 3683 temporaliter
1333 3620 1627 3671 interesset.
1677 3616 1740 3668 Et
1787 3619 2023 3669 viderunt

490 3699 613 3752 ergo
635 3685 810 3738 Patres
825 3687 1141 3739 Testamenti
1163 3687 1361 3739 Veteris
1388 3687 1569 3750 Deum,
1597 3696 1649 3739 et
1681 3697 1849 3738 tanien
1875 3687 2020 3752 juxta

486 3751 697 3805 Joannis
727 3771 906 3808 vocem
939 3774 950 3807 :
989 3755 1144 3808 Deunt
1193 3771 1332 3807 nemo
1368 3757 1486 3808 vidit
1515 3773 1727 3819 unquam
1758 3751 1927 3816 (Joan.
1959 3757 2017 3820 ι).

490 3822 550 3872 Et
576 3824 720 3890 juxta
752 3825 982 3892 ejusdem
1032 3825 1232 3878 Domini
1271 3841 1446 3877 vocem
1482 3843 1494 3879 :
1528 3825 1646 3877 Non
1685 3829 1813 3876 enim
1843 3828 2018 3876 videbit

487 3907 559 3940 me
589 3898 754 3954 homo,
783 3904 826 3944 et
855 3896 974 3946 vivet
1009 3895 1201 3960 (Exod.
1236 3897 1438 3961 χχχιιι),
1467 3898 1582 3960 quia
1613 3895 1662 3946 in
1694 3897 1787 3947 hac
1815 3895 2019 3946 mortali

482 3975 636 4011 carne
675 3963 1077 4015 consistentibus
1109 3973 1161 4014 et
1188 3964 1351 4014 videri
1395 3973 1562 4026 potest
1600 3979 1690 4027 per
1734 3964 2014 4014 incircum-

481 4031 725 4091 scriptum
768 4031 942 4082 lumen
988 4032 1309 4088 mternitalis.
1353 4032 1443 4084 Sin
1489 4044 1612 4083 vero
1640 4047 1666 4081 a
1709 4033 2017 4097 quibusdam

487 4105 655 4157 potest
701 4099 748 4148 in
782 4103 875 4150 hac
914 4101 1081 4151 adhuc
1129 4101 1450 4163 col-ruptibili
1499 4114 1655 4150 carne
1704 4100 2015 4162 mentibus,

483 4166 572 4212 sed
604 4176 770 4218 tamen
804 4169 1155 4220 inaestimabili
1187 4171 1373 4220 virtute
1403 4168 1760 4220 crescentibus
1792 4169 2014 4234 quodam

484 4236 934 4297 contemplationis
964 4238 1199 4290 acumine
1239 4253 1430 4290 :eterna
1478 4237 1567 4290 Dei
1594 4239 1802 4289 claritas
1832 4238 2012 4288 videri.
2054 4283 2057 4285 _

487 4299 592 4371 μορ
632 4316 832 4367 quoque
877 4307 942 4354 ali
980 4308 1210 4370 ejusdem
1245 4308 1474 4371 veritatis
1503 4317 1764 4360 sententia
1795 4323 1893 4358 non
1924 4307 2015 4358 ab-

483 4367 678 4423 horret.
711 4387 809 4434 qna
847 4367 1032 4426 dicitur
1065 4391 1076 4424 :
1113 4375 1227 4425 Non
1261 4369 1392 4425 enim
1436 4377 1614 4427 videbit
1651 4393 1732 4425 me
1760 4379 1920 4436 homo,
1967 4387 2013 4426 et

479 4436 604 4510 vivet
634 4438 987 4510 (lbid.),rquia
1017 4444 1250 4506 quisquis
1275 4444 1600 4506 Sapientiam,
1633 4460 1747 4510 quze
1778 4445 1911 4495 Deos
1938 4453 2018 4495 est

483 4506 645 4568 videt,
672 4509 789 4562 huic
819 4509 936 4562 vitae
966 4511 1192 4563 funditus
1223 4523 1445 4561 moritur
1471 4528 1532 4562 ne
1559 4506 1664 4577 jam
1695 4513 1807 4577 ejus
1838 4528 2017 4564 amore

482 4585 734 4648 teneatur.
765 4580 944 4632 Nullus
965 4581 1155 4648 quippe
1184 4594 1302 4632 eum
1344 4582 1488 4642 vidit,
1515 4583 1598 4646 qui
1630 4582 1798 4630 adhuc
1828 4595 2014 4630 carna-

483 4643 599 4695 liter
621 4648 761 4708 vivit,
787 4651 904 4713 quia
939 4643 1289 4714 natiiopotest
1313 4643 1559 4715 amplecti
1591 4649 1750 4699 Deum
1784 4649 1935 4698 simul
1965 4657 2017 4700 et

477 4715 742 4766 saeculum.
775 4717 870 4782 Qui
900 4720 1036 4772 enim
1072 4719 1229 4769 Deum
1266 4720 1408 4775 vidit.
1438 4733 1502 4769 eo
1531 4717 1627 4781 ipsi
1658 4719 1895 4778 moritur,
1923 4717 2010 4782 qui

481 4784 559 4832 vel
593 4785 876 4836 intentione
907 4788 1078 4838 cordis
1109 4790 1184 4838 v.el
1217 4787 1402 4837 ellectu
1435 4788 1603 4851 operis
1647 4789 1709 4835 ah
1743 4787 1894 4850 hujus
1921 4788 2015 4836 de-

481 4852 845 4903 lectationibus
871 4864 971 4905 tota
995 4866 1166 4906 mente
1188 4866 1478 4920 separatur.
1512 4854 1674 4906 Nemo
1700 4869 1824 4920 ergo
1850 4855 2012 4906 Deum

479 4919 606 4968 \ltlll
634 4931 686 4971 et
717 4921 862 4978 vixit.
887 4937 944 4972 ac
967 4924 1008 4973 si
1037 4934 1211 4985 aperte
1233 4919 1494 4977 diceretur
1525 4941 1534 4973 :
1570 4923 1751 4975 Nullus
1769 4919 2012 4987 unquam

478 4987 637 5040 Deum
665 4990 964 5056 spiritaliter
990 4991 1130 5050 vidit,
1155 5001 1206 5041 et
1236 4995 1427 5044 mundo
1453 4994 1731 5045 carnaliter
1757 4993 1904 5046 vixit.

1078 5093 1392 5132 DISCIPULUS.

542 5166 670 5230 Quid
716 5169 810 5220 silii
853 5168 961 5220 vult
1006 5169 1142 5234 quod
1193 5171 1394 5234 Moyses
1432 5171 1505 5222 ait
1544 5172 1605 5221 ad
1648 5172 1806 5224 Deum
1855 5191 1866 5224 :
1912 5173 2010 5237 Qui

475 5239 637 5286 reddis
660 5239 962 5304 iniquitatem
985 5248 1180 5303 patrum
1204 5240 1254 5288 in
1275 5238 1404 5304 [ilics
1421 5256 1479 5289 ac
1503 5253 1719 5305 nepotes.
1744 5245 1791 5292 in
1817 5246 2009 5293 tertiam

467 5315 512 5376 et
544 5317 767 5367 quartam
795 5309 1154 5374 generationem
1186 5307 1388 5371 (Exod.
1426 5325 1487 5359 xx
1507 5310 1524 5375 )
1548 5351 1561 5372 ,
1604 5323 1719 5360 cum
1760 5317 2006 5376 scriptum

469 5371 536 5422 sit
563 5392 579 5446 A:
610 5377 741 5438 Quid
771 5371 838 5428 ei:
873 5379 1002 5440 quod
1031 5379 1157 5446 inter
1194 5394 1276 5428 vos
1304 5371 1514 5429 vertitur
1546 5371 1781 5442 parabola
1820 5371 1878 5431 ιη’
1899 5398 2011 5446 pro-

472 5444 684 5492 verbium
711 5447 840 5497 istud
863 5449 912 5497 in
938 5456 1069 5497 terra
1099 5445 1262 5498 Israel
1277 5448 1299 5496 ?
1331 5446 1504 5499 Patres
1527 5451 1841 5502 comederunt
1865 5444 2008 5502 uram

466 5511 715 5585 acerbam,
751 5526 806 5585 (et
859 5519 1023 5566 dentes
1068 5517 1287 5585 ﬁliorum
1331 5525 1696 5581 obstupescunt.
1755 5519 1890 5570 νιι·ο’
1918 5535 2008 5585 ego

469 5579 586 5630 dicit
613 5581 871 5645 Dominus,
898 5587 936 5633 si
956 5587 1041 5634 erit
1069 5579 1201 5636 vobis
1225 5584 1355 5634 ultra
1375 5579 1680 5649 proverbium
1704 5589 1824 5650 hor;
1850 5579 2007 5640 nonin:

2135 3072 2373 3122 monibus
2393 3072 2749 3138 arripiuntur?

2757 3176 3029 3216 ιιΑςιετεις.

2197 3249 2302 3323 lloc
2332 3249 2484 3323 datur
2512 3251 2721 3315 sentiri,
2753 3255 2886 3323 quod
2928 3268 3049 3307 caro
3091 3253 3182 3306 ﬁlii
3227 3269 3290 3308 ex
3325 3255 3484 3322 patris
3517 3273 3678 3323 inuia

2127 3320 2395 3372 multatur.
2422 3321 2473 3392 la
2498 3323 2777 3392 semetipso
2794 3321 2929 3373 enim
2953 3325 3240 3390 percutitur
3265 3320 3410 3390 pater
3439 3320 3673 3392 iniquus.

2124 3397 2178 3459 et
2208 3389 2550 3454 percussionis
2579 3391 2679 3442 vim
2710 3392 2903 3444 sentire
2952 3389 3243 3446 eontemnit
3268 3389 3583 3459 plerumque
3615 3397 3674 3448 in

2128 3457 2275 3527 lilits.
2309 3470 2364 3508 ut
2411 3461 2581 3509 acrius
2623 3467 2800 3510 uratur
2841 3460 2989 3512 dolor
3031 3463 3206 3513 carnis
3251 3457 3446 3527 patris,
3484 3457 3540 3515 ct
3583 3482 3674 3526 per

2127 3526 2348 3576 liliorum
2399 3541 2775 3595 poenasmens
2817 3529 2974 3591 patris
3025 3528 3195 3595 iniqua
3243 3526 3505 3593 puniatur.
3541 3534 3673 3585 Cum

2126 3608 2250 3643 vero
2281 3610 2382 3646 non
2415 3594 2609 3665 parvuli
2636 3633 2650 3653 .
2690 3594 2780 3646 sed
2809 3599 2964 3648 etiam
2999 3594 3336 3663 perleCtiores
3362 3599 3451 3651 ῆιίί
3481 3616 3548 3652 ex
3586 3617 3673 3665 pa-

2127 3674 2328 3714 rentum
2374 3663 2524 3728 culpa
2559 3663 2831 3728 feriuntur,
2861 3667 2981 3730 quid
3012 3667 3150 3718 aliud
3196 3681 3379 3733 aperte
3408 3669 3563 3720 datur
3586 3663 3671 3720 iu-

2124 3733 2306 3803 tclligi,
2335 3733 2433 3784 nisi
2457 3734 2591 3796 quod
2617 3734 2817 3803 illorum
2845 3737 3001 3786 etiam
3033 3751 3212 3797 pinnas
3239 3738 3406 3798 luunt,
3441 3754 3668 3803 quorum

2123 3801 2255 3850 facta
2301 3803 2462 3853 secuti
2500 3812 2639 3854 sunt.
2686 3802 2830 3854 Unde
2859 3814 2909 3855 et
2953 3815 3093 3856 recte
3137 3805 3372 3858 dicitur:
3409 3801 3578 3870 Usque
3605 3811 3670 3858 ad

2122 3873 2312 3941 tertiam
2334 3880 2376 3920 et
2395 3879 2622 3941 quartam
2641 3871 3000 3938 generationem
3023 3871 3214 3938 (Exod.
3234 3878 3345 3938 xx).
3370 3891 3485 3928 eam
3509 3891 3664 3941 quam

2122 3938 2389 4010 imitantur
2417 3940 2506 4010 lilii
2536 3950 2802 4010 parentum
2834 3942 2992 3992 vitam
3023 3955 3240 4010 possunt
3267 3946 3469 4005 videre,
3500 3938 3664 4010 uSque

2119 4007 2181 4054 ad
2217 4023 2306 4059 eos
2335 4008 2463 4057 ultio
2496 4008 2820 4069 extenditur,
2851 4013 2936 4075 qui
2965 4009 3205 4062 viderunt
3236 4013 3373 4078 quod
3408 4013 3546 4064 male
3576 4007 3665 4066 se-

2118 4084 2420 4139 querentur.

2192 4143 2575 4217 Ilecapitulatio.
2603 4174 2672 4217 -έ
2693 4142 2825 4217 Quid
2854 4161 2974 4217 vero
2999 4145 3176 4217 petivit
3208 4147 3437 4217 Moyses,
3467 4158 3523 4202 ut
3554 4151 3661 4200 rla-

2117 4213 2319 4287 ritatem
2372 4213 2576 4287 Domini
2624 4214 2839 4287 videret,
2882 4215 3103 4287 dicetis:
3139 4216 3198 4270 Si
3243 4213 3408 4270 inveni
3447 4221 3664 4287 gratiam

2115 4284 2249 4346 apud
2287 4283 2606 4355 te,_oslende
2652 4284 3124 4355 ntihigtemetipsum
3168 4288 3430 4350 manifeste
3447 4283 3474 4355 ’(
3492 4287 3659 4341 Exod.

2119 4351 2330 4418 xxxiii).
2366 4353 2584 4416 Accepit
2611 4355 2750 4404 enim
2783 4353 2832 4404 in
2858 4357 3094 4418 praesenti
3121 4371 3410 4420 congruum
3444 4351 3661 4420 respon-

2116 4434 2251 4482 sum,
2284 4420 2417 4486 quod
2445 4420 2636 4489 faciem
2670 4421 2868 4474 Domini
2913 4422 3084 4475 videre
3133 4439 3234 4474 non
3269 4430 3466 4489 possit,
3503 4441 3655 4484 quam

2117 4502 2269 4558 nemo
2319 4487 2586 4558 hominum
2631 4490 2828 4541 videret
2868 4499 2920 4542 et
2960 4491 3178 4543 viveret.
3220 4493 3354 4553 Quid
3383 4487 3466 4544 est
3509 4507 3658 4558 ergo,

2118 4556 2290 4628 [aciem
2322 4572 2477 4606 meam
2505 4555 2670 4628 videre
2697 4573 2800 4628 non
2826 4562 3023 4621 poteris.
3059 4560 3154 4611 nisi
3182 4566 3298 4626 quia
3325 4555 3657 4628 quamvis—ad

2119 4625 2428 4690 parilitatem
2472 4626 2756 4690 angelicam
2789 4626 3010 4678 humana
3057 4625 3212 4680 etiam
3256 4625 3372 4691 post
3415 4645 3652 4683 resurre-

2116 4693 2340 4745 ctionem
2365 4703 2545 4745 natura
2561 4695 2816 4759 proﬁciat.
2843 4699 2973 4747 utad
2998 4699 3458 4762 contemplandum
3489 4701 3653 4751 neum

2116 4763 2370 4814 indefessa
2401 4763 2720 4826 consurgat?
2763 4765 2945 4816 Videre
2992 4773 3162 4818 tamen
3204 4767 3317 4833 ejus
3365 4770 3652 4821 essentiam

2117 4835 2267 4904 plene
2297 4834 2689 4904 nou‘pra-valct,
2713 4848 2864 4904 quam
2905 4847 2971 4885 ne
2998 4837 3104 4898 ipsa
3134 4839 3389 4900 perit-etin
3415 4839 3650 4904 angelica

2116 4900 2164 4971 in
2208 4911 2314 4952 toto
2341 4901 2422 4971 vel
2456 4903 2651 4971 integre
2676 4902 2882 4971 attingit
2911 4908 3066 4963 scire.
3095 4907 3380 4958 secundum
3425 4913 3457 4956 .-\
3472 4900 3649 4971 posto—

2116 4969 2239 5039 ill‘lll,
2266 4969 2350 5035 qui
2376 4972 2446 5022 ait
2476 4988 2486 5020 :
2522 4968 2632 5020 Pax
2662 4970 2769 5031 Dei,
2801 4986 2910 5036 qua:
2938 4985 3195 5039 exsuperat
3221 4992 3420 5028 υιιιιιειι
3444 4968 3643 5026 sensum

2113 5035 2362 5102 (Philipp.
2399 5041 2491 5105 tv),
2520 5050 2574 5090 ut
2598 5035 2871 5110 subaudias
2896 5035 3352 5110 angelorum.'Sola
3381 5059 3520 5094 en'm
3545 5058 3570 5094 s
3597 5046 3648 5094 bi

2116 5117 2312 5174 integre
2343 5119 2460 5158 nota
2504 5117 2582 5158 est
2621 5106 2867 5172 Trinitas,
2916 5106 2979 5162 etv
3018 5113 3318 5163 humanitati
3364 5124 3648 5175 susceptas,

2113 5189 2227 5238 qua:
2259 5177 2402 5244 tertia
2431 5186 2513 5227 est
2541 5177 2589 5226 iit
2630 5176 2881 5230 Trinitale
2913 5194 3151 5244 persona.
3190 5181 3303 5232 iam
3335 5179 3523 5230 deinde
3557 5196 3644 5234 εει

2112 5243 2386 5308 quentibus
2419 5245 2590 5297 verbis
2623 5246 2708 5298 Dei
2749 5243 2929 5299 latone
2971 5249 3165 5302 Christi
3216 5249 3480 5308 Ecclesir,
3529 5266 3646 5315 qua

2114 5316 2412 5380 mysterium
2464 5315 2733 5386 liiigurattnu
2776 5326 2874 5368 est.
2927 5317 3158 5370 Gestavit
3201 5319 3391 5381 quippe
3436 5317 3646 5386 Moyses

2115 5384 2503 5451 lypnmgpopuli
2536 5383 2856 5446 Jutlzeorttm,
2888 5387 2938 5436 in
2964 5387 3225 5438 Christum
3255 5397 3432 5451 postea
3477 5383 3650 5440 credi-

2114 5455 2207 5500 tori
2227 5491 2240 5510 ,
2271 5449 2384 5502 ideo
2409 5453 2483 5523 illi
2513 5453 2706 5523 dictum
2749 5463 2828 5506 est
2857 5470 2870 5503 :
2897 5454 3022 5505 Cum
3067 5449 3329 5519 transiero,
3373 5459 3649 5523 posteriora

2115 5535 2217 5569 mea
2262 5522 2439 5570 videbis
2484 5524 2498 5584 (
2531 5521 2696 5575 lfx..d.
2730 5537 2790 5575 Lv
2819 5523 2859 5587 ).
2900 5523 3116 5584 Quidam
3170 5527 3307 5580 hunc
3349 5521 3562 5578 acrisoni
3595 5526 3647 5578 in

2119 5588 2392 5655 livangelio
2422 5589 2602 5642 dicunt
2632 5590 2788 5643 fuisse
2811 5593 3145 5659 completum,
3177 5612 3296 5651 cum
3328 5596 3648 5650 ascendisset
