3914 6228
176 420 290 479 ἶεδ

1259 413 1699 484 ρυᾹΞΞΤΙΟΝΕδ
1734 413 1948 468 δυΙῚίΙι
1991 413 2287 467 ΕΧΟΙΗΣΜ.

3264 408 3365 465 380

179 535 379 590 ﬁdeles
398 531 613 598 Spit‘ilaii
642 531 757 583 ciho
789 537 1088 598 pascuntur.
1112 525 1489 580 Candelabrum
1519 539 1724 598 quoque
1752 528 1796 581 Α
1828 521 1876 573 id
1908 531 1989 598 est
2028 522 2404 598 sacerdotalem
2445 519 2632 572 lineam
2660 557 2673 582 ,
2723 517 3148 598 Incartta‘tionem.
3170 517 3360 598 Christi

181 622 311 655 t“.tlllt
360 595 556 670 septem
595 601 816 670 lucernis
858 597 1095 670 Christus
1126 606 1350 670 est_cum
1381 603 1591 670 septeni
1629 595 1725 644 Ec-

179 674 392 726 clusiis.
423 663 766 722 'Emunctoria
809 679 1012 731 quoque
1041 664 1176 731 t-jus,
1211 663 1307 716 hoc
1335 672 1433 721 est,
1460 663 1723 730 geminum

182 749 564 794 testamentum
586 754 599 800 ;
619 747 674 789 et
701 735 976 795 columnae,
1001 734 1239 785 doctores
1266 735 1453 791 sancti,
1487 733 1730 782 lirmitate

188 811 326 863 tidei
359 807 595 870 solidati;
641 818 736 857 nec
769 819 868 852 non
915 813 966 855 et
1014 803 1183 859 ωερε,
1235 801 1284 851 id
1333 809 1432 870 est,
1467 801 1732 870 propheta;

189 895 300 931 suo
340 867 640 930 fundamine
686 881 1000 925 structuram
1033 878 1290 938 gestantes
1337 868 1603 938 Ecclesiae.
1660 867 1733 938 lbi

191 949 362 1000 etiam
385 955 437 998 et
460 946 665 1003 tabulae,
689 941 930 1005 apostoli,
967 935 1341 1003 pra'dicationis
1367 937 1484 988 lidei
1509 935 1729 986 dilatati.

189 1015 485 1076 Tentoria,
537 1010 801 1079 praepositi
848 1009 1089 1079 videlicet
1131 1019 1182 1059 et
1231 1006 1733 1079 prretlicatores,_qtti

196 1084 440 1138 strictius
471 1075 706 1133 laborant
730 1089 905 1130 contra
942 1078 1094 1143 hujus
1120 1076 1291 1127 saeculi
1325 1076 1576 1126 turbines.
1607 1075 1739 1125 Sunt

201 1153 284 1207 ibi
311 1165 364 1205 et
393 1161 640 1211 crateres,
674 1150 842 1208 idest,
876 1145 1266 1197 distributiones
1291 1145 1578 1195 hominum.
1609 1143 1738 1195 Sunt

203 1233 265 1275 et
316 1220 511 1287 paxilli,
569 1220 663 1269 hoc
712 1229 810 1277 est,
846 1214 1101 1287 principes
1152 1214 1416 1287 Ecclesiae,
1464 1215 1513 1263 in
1555 1214 1740 1276 quibus

204 1283 444 1359 pendent
491 1290 659 1340 omnia
709 1298 899 1359 genera
929 1284 1229 1359 populorum
1273 1283 1418 1359 quasi
1472 1295 1738 1331 vasorum.

207 1351 410 1428 Seyphi
453 1371 671 1428 quoque,
703 1355 954 1428 doctrinae
988 1354 1214 1428 eloquia,
1244 1351 1353 1402 sive
1398 1364 1615 1428 sensus;
1648 1362 1743 1400 nec

210 1418 337 1483 non
355 1439 405 1479 et
449 1418 729 1484 tburibnla,
755 1424 971 1475 virtutes
1021 1421 1217 1472 scilicet
1245 1433 1485 1485 operum,
1513 1418 1598 1469 vel
1625 1432 1746 1467 ora-

210 1501 390 1550 tiones
439 1508 755 1552 sanctorum,
806 1490 994 1555 quibus
1041 1491 1171 1541 odor
1198 1488 1467 1540 suavitatis
1512 1487 1746 1538 ascendit

210 1568 284 1619 ad
339 1567 629 1618 Dominum.
658 1563 845 1614 Phiala:
890 1573 1114 1625 quoque,
1148 1557 1365 1624 apostoli
1396 1566 1449 1607 et
1484 1556 1741 1617 doctores,

213 1635 361 1702 pleni
407 1633 648 1684 vitalibus
681 1631 845 1702 aquis.
897 1627 968 1678 ibi
1019 1628 1143 1702 lilia,
1180 1627 1502 1702 Vtt‘gittitalis
1532 1625 1743 1702 cautior,

213 1694 332 1758 sive
360 1702 677 1760 mortariola,
729 1699 958 1748 laborum
1007 1698 1407 1760 passionumque
1436 1694 1744 1753 tolerantiae,

215 1774 416 1840 quibus
458 1770 832 1840 mortiﬁcamur
877 1767 1106 1840 ιιιοιιιιπθ
1161 1763 1546 1840 ptenilentium.
1577 1761 1638 1812 Et
1669 1765 1750 1840 lite

212 1830 430 1909 quidem
475 1835 1214 1909 speciesdispensatiunesqne
1236 1833 1491 1909 donorum
1526 1840 1645 1909 sunt
1673 1830 1752 1909 dt-

211 1899 348 1961 visar
376 1924 466 1973 per
505 1899 754 1974 Spiritum
781 1899 1027 1956 sanctum
1060 1901 1318 1974 lidelibus,
1352 1901 1494 1974 ut_in
1538 1899 1754 1974 singulis

224 1970 684 2030 distrilmiimiihus
767 1974 1045 2037 perl'ecnun
1120 1970 1311 2022 Christi
1367 1971 1755 2022 tabernaculum

219 2056 586 2107 construatur,
620 2047 667 2096 in
696 2043 881 2111 quibus
930 2040 1125 2092 habitat
1155 2040 1289 2092 Deus
1329 2039 1380 2092 in
1429 2038 1600 2092 medio
1628 2052 1757 2090 san-

209 2126 449 2169 cwmm'
807 2177 1024 2232 CAPUT
1054 2177 1179 2230 LIV.

390 2274 470 2326 De
498 2281 746 2342 unguento
771 2286 866 2338 quo
891 2270 1185 2339 perungitur
1212 2269 1597 2323 tabernaculum.

295 2364 465 2418 Porro
513 2368 830 2430 unguentum
877 2376 982 2425 quo
1031 2361 1332 2430 perungitur
1363 2359 1764 2430 tabernaculum

221 2435 460 2486 chrisma
493 2428 602 2489 ρει(
625 2445 729 2497 quo
759 2431 965 2494 ungitur
992 2431 1209 2496 populus
1236 2428 1401 2480 lidelis
1431 2431 1477 2479 in
1510 2429 1763 2496 Ecclesia,

229 2503 285 2553 in
319 2506 508 2566 quibus
541 2501 785 2551 divinitas
814 2507 1056 2564 tanquam
1087 2499 1136 2549 in
1179 2497 1512 2549 tabernaculo
1547 2499 1764 2552 habitat.

224 2570 411 2623 Potest
442 2571 650 2636 quidem
677 2576 990 2636 unguentum
1018 2566 1116 2618 hoc
1137 2567 1346 2632 intelligi
1374 2569 1529 2619 etiam
1555 2569 1768 2620 virtutes

224 2635 558 2697 Sani-turum,
589 2638 696 2689 sive
725 2639 852 2688 odor
875 2635 1087 2703 iustitia:
1117 2638 1264 2702 longe
1296 2641 1496 2699 lateque
1527 2638 1764 2690 dtll'nsus.

222 2710 303 2760 De
329 2724 432 2774 quo
456 2708 583 2759 dicit
608 2705 879 2771 Apostolus
903 2721 917 2757 :
952 2704 1052 2757 Deo
1073 2716 1236 2766 autem
1260 2709 1464 2773 gratias,
1486 2710 1570 2773 qui
1591 2708 1768 2755 trium-

221 2779 350 2847 phat
379 2794 467 2828 nos
496 2779 546 2827 in
571 2774 935 2847 Christojlesu.
962 2785 1005 2824 et
1028 2776 1226 2826 odorem
1243 2775 1459 2844 justuitz
1485 2790 1588 2825 sua:
1615 2777 1771 2825 niani--

223 2842 379 2916 Iestat
411 2863 499 2917 per
528 2863 616 2900 ttos
649 2842 731 2910 (ll
765 2843 882 2896 Cor.
913 2848 994 2910 tt).

821 2953 1042 3008 CAPUT
1067 2953 1170 3006 LV.

699 3043 769 3096 De
799 3045 995 3095 incenso
1020 3041 1306 3109 composito.

307 3137 583 3190 incensum
631 3143 800 3185 autem
851 3132 985 3198 quod
1032 3147 1093 3183 ex
1137 3139 1357 3197 quatuor
1386 3131 1765 3185 odoratissimis

1830 592 2133 656 accipimus,
2162 605 2276 656 qua:
2306 589 2369 641 de
2399 599 2533 640 terra
2563 597 2641 638 est
2661 627 2674 647 ,
2709 597 2761 638 et
2790 585 3107 656 signiﬁcatur
3137 590 3185 639 in
3217 591 3363 654 pedi-

1828 655 1953 712 bus.
1972 661 2153 712 Linum
2183 655 2319 710 enim
2344 659 2407 707 de
2431 666 2562 708 terra
2587 656 2769 713 oritur,
2793 655 3008 706 cidarim
3031 671 3184 715 super
3208 669 3364 724 caput

1829 729 1979 791 ejus,
2029 737 2316 787 eLauream
2364 725 2604 776 laminam
2635 767 2648 787 ,
2703 725 3029 787 splendorem
3078 725 3365 782 divinitatis

1831 798 2186 862 intelligimus.
2216 806 2270 846 ιιι
2299 810 2392 846 nos
2421 793 2629 858 quidem
2659 793 2940 844 secundum
2979 792 3240 846 hominem
3274 804 3383 860 po-'

1832 866 1956 921 dere
1977 906 1992 928 ,
2032 865 2312 915 secundum
2352 865 2508 913 Deum
2541 862 2699 912 cidari
2730 863 2896 911 ornati
2929 877 3044 914 esse
3077 864 3361 921 vidi-amur.

1816 935 2122 996 ,Feminalia
2155 947 2276 984 vero
2306 932 2392 982 illa
2423 946 2534 993 qua:
2562 928 2723 980 induit
2751 969 2765 992 ,
2806 931 3099 982 castitatem
3137 937 3369 995 c0rporis

1834 1003 2026 1054 Christi
2055 1013 2106 1053 et
2135 1001 2479 1067 integritatem
2508 1001 2746 1049 ostendit.
2773 999 3041 1062 Cingulum
3072 1015 3195 1052 vero
3218 1003 3367 1064 illttd,

1836 1086 1938 1138 quo
1963 1071 2281 1123 sacerdotale
2311 1079 2487 1133 pectus
2509 1067 2831 1138 astringitur,
2857 1073 3046 1138 chorus
3067 1082 3368 1138 sanctorum

1844 1133 1923 1192 vel
1957 1139 2232 1191 concordia
2264 1141 2525 1203 liguratur,
2551 1140 2633 1199 qui
2664 1137 2711 1186 in
2744 1136 2937 1186 unitate
2962 1133 3077 1186 lidei
3105 1137 3371 1191 Christum

1840 1209 2257 1275 amplectuntur;
2310 1206 2478 1275 tunica
2524 1212 2695 1255 autem
2749 1206 2829 1275 illa
2881 1206 3090 1275 ta_laris,
3142 1221 3170 1257 a
3211 1210 3377 1273 capita

1843 1272 2004 1342 inque
2042 1277 2105 1328 ad
2138 1277 2337 1335 plantas
2378 1274 2589 1326 dimissa
2619 1313 2633 1334 ,
2685 1273 2862 1324 eadem
2910 1272 3138 1325 Ecclesia
3186 1272 3375 1330 Christi

1845 1361 2008 1410 usque
2036 1347 2099 1396 ad
2127 1346 2279 1397 linem
2326 1356 2615 1410 temporum
2659 1356 3013 1406 permansura.
3060 1343 3178 1394 ll-nc
3219 1348 3376 1397 vestis

1843 1423 1948 1481 tota
1976 1416 2045 1466 sit
2081 1413 2432 1481 hyacinthina.
2480 1412 2795 1481 Ilyacinthus
2838 1411 2975 1481 enim
3021 1413 3163 1464 aerio
3202 1417 3378 1467 colore

1848 1477 2166 1546 resplendet,
2198 1485 2411 1542 scilicet,
2446 1493 2498 1532 ut
2527 1477 2697 1530 omnis
2727 1479 2951 1530 Ecclesia
2977 1522 2988 1539 ,
3027 1495 3142 1545 qua:
3171 1498 3372 1534 sursum

1847 1562 2005 1612 sunt,
2047 1554 2212 1617 sapiat
2238 1594 2251 1614 ,
2293 1562 2343 1602 et
2375 1558 2477 1600 tota
2508 1551 2571 1602 ad
2602 1565 2830 1601 amorem
2863 1550 3151 1601 cmlestium
3182 1562 3376 1615 Surgat.

1851 1621 1983 1673 Mala
2029 1633 2199 1671 autem
2251 1619 2432 1683 punica
2472 1621 2520 1670 in
2567 1619 2892 1670 inferioribus
2937 1619 3098 1687 posita
3144 1621 3380 1687 ejusdem

1854 1691 2098 1742 Ecclesite
2129 1691 2371 1741 unitatem
2407 1688 2692 1739 declarant.
2727 1687 2850 1738 Nam
2881 1687 3014 1738 sicut
3045 1685 3093 1739 i'n
3124 1685 3260 1743 malo
3288 1707 3382 1756 pu-

1856 1765 1971 1810 nico
2002 1772 2104 1810 uno
2144 1761 2371 1810 exterius
2416 1757 2609 1808 cortice
2650 1759 2810 1807 multa
2844 1757 3060 1808 interius
3088 1773 3242 1824 grana
3271 1776 3386 1812 mn-

1859 1827 2088 1887 niuntur,
2115 1827 2190 1893 sic
2219 1827 2269 1877 in
2296 1840 2512 1878 numero
2534 1837 2724 1878 sanctae
2751 1824 2998 1878 Ecclesia:
3029 1829 3245 1890 populos
3271 1829 3388 1882 uni-

1863 1906 1939 1947 tas
1969 1897 2083 1947 lidei
2115 1895 2378 1962 Contegit,
2427 1894 2733 1961 quos’intus
2772 1893 3044 1946 diversitas
3084 1899 3382 1950 meritorum

1862 1966 2006 2033 tegit.
2037 1963 2397 2016 Tintinnabula
2431 1978 2552 2033 vero
2584 1963 2717 2033 inter
2743 1964 2874 2014 mala
2910 1974 3122 2028 grauata
3153 1967 3387 2018 tes‘Iimo-

1864 2032 1944 2085 nia
1975 2035 2334 2096 consonantia,
2361 2032 2644 2099 prophetia:
2676 2032 3049 2097 intelliguntur.
3075 2042 3127 2085 et
3148 2033 3388 2089 doctore;

1862 2105 2026 2156 Sancti
2059 2103 2108 2154 itt
2152 2102 2324 2153 nit-dio
2359 2102 2601 2153 tcclesia:
2638 2101 2919 2170 collocati,
2959 2117 3176 2166 quorum
3221 2103 3387 2170 lingua

1863 2173 2109 2223 doctrina:
2138 2171 2348 2222 scientia
2379 2180 2604 2222 resonat.
2637 2167 2819 2234 Tangit
2848 2181 3089 2235 utrasque
3120 2171 3257 2225 acies
3288 2167 3390 2225 tin-

1865 2241 2134 2302 tinuahuli,
2161 2240 2208 2292 id
2231 2251 2329 2299 est,
2349 2253 2520 2303 partes
2543 2238 2688 2305 Legis
2708 2249 2760 2291 et
2783 2239 3062 2304 Evangelii.
3085 2239 3390 2295 llaec'autem

1866 2310 2207 2361 tmtinnalmla
2237 2310 2287 2360 in
2315 2317 2553 2360 extremo
2583 2307 2891 2360 vestimento
2927 2319 3046 2360 sunt
3077 2311 3239 2372 posita
3265 2350 3279 2374 ,
3315 2314 3396 2363 id-

1865 2381 2004 2431 circo
2031 2387 2083 2430 et
2108 2379 2174 2430 de
2203 2378 2302 2429 ﬁne
2331 2378 2526 2440 mundi,
2554 2387 2601 2429 et
2627 2381 2690 2429 de
2722 2380 2822 2429 vita
2853 2377 3020 2428 futura
3047 2377 3391 2444 disputantes,

1868 2462 2128 2509 nunquam
2178 2447 2383 2499 sileant.
2441 2446 2875 2508 Superbumet-ale
2922 2457 3133 2507 autem,
3180 2450 3392 2514 pallium

1867 2516 2148 2569 Salvatoris
2180 2516 2405 2567 insinuat
2434 2525 2740 2582 potestatem
2772 2526 2821 2567 et
2847 2531 3082 2580 regnum,
3110 2520 3243 2568 sicut
3270 2519 3398 2571 scri-

1871 2598 2010 2653 ptum
2040 2597 2151 2638 est:
2191 2585 2509 2652 Principatus
2535 2588 2641 2652 ejus
2665 2601 2814 2650 super
2848 2585 3078 2636 humeros
3104 2588 3215 2654 ejus
3246 2586 3394 2654 (isai.

1870 2656 1966 2718 Ix).
2004 2655 2139 2707 Duos
2170 2664 2339 2706 autem
2373 2655 2570 2719 lapides
2615 2654 2924 2721 sotaragdini
2959 2655 3168 2720 insuper
3205 2657 3399 2708 hume-

1871 2724 1962 2775 rati
1994 2737 2020 2772 a
2045 2725 2257 2775 dextera
2288 2736 2339 2774 et
2367 2725 2489 2774 laeva
2518 2726 2690 2788 positi,
2711 2723 2814 2774 dtto
2838 2733 2955 2774 sunt
2978 2726 3172 2790 populi,
3195 2725 3399 2791 gentilis

1869 2793 2050 2843 dexter
2072 2806 2122 2844 et
2153 2791 2382 2855 Judwus,
2415 2794 2499 2860 qui
2531 2792 2626 2844 fuit
2650 2793 2929 2859 aliquando
2957 2793 3160 2856 dexter,
3188 2795 3402 2848 sinister

1871 2874 1968 2913 est.
1996 2861 2253 2913 Habentes
2282 2864 2330 2913 in
2359 2877 2413 2914 se
2434 2863 2631 2925 sculpta
2663 2861 2869 2913 nomina
2892 2862 3159 2914 duodecim
3185 2866 3402 2926 patriar-

1873 2931 2130 2994 charum,
2173 2931 2222 2982 id
2264 2941 2380 2993 est,
2428 2934 2490 2984 ad
2533 2933 2836 2982 imitandum
2865 2929 2983 2981 vita:
3010 2933 3246 2995 exempla
3274 2945 3398 2982 san-

1874 3009 2076 3052 etornm
2105 3003 2490 3065 Apostolorum.
2537 3000 2636 3053 Alii
2668 3001 2877 3051 eosdem
2919 2998 3114 3065 lapides
3143 3001 3271 3052 duos
3299 3003 3402 3052 duo

1877 3068 2180 3120 testamenta
2211 3069 2481 3129 dixerunt,
2522 3070 2631 3120 sive
2676 3069 2897 3120 litteram
2930 3080 2981 3119 et
3026 3070 3260 3134 spiritum
3289 3110 3302 3130 ,
3350 3071 3401 3120 iit

1875 3138 2061 3203 quibus
2086 3144 2326 3189 tenentur
2355 3139 2480 3205 legis
2511 3139 2682 3188 univei
2697 3151 2752 3188 sa
2781 3137 3046 3205 mysteria.
3100 3137 3152 3191 In
3194 3140 3403 3190 dextera

235 3207 525 3274 generibus
556 3206 605 3254 in
638 3204 910 3254 maximam
933 3201 1269 3274 subtilitatem
1302 3201 1668 3274 comminutis,
1717 3203 1766 3254 id
1794 3201 1841 3234 υ
1870 3201 2079 3272 spiritus
2100 3246 2112 3267 ,
2162 3208 2211 3258 itt
2259 3207 2383 3258 ltnva
2409 3201 2605 3259 littera.
2642 3201 2909 3258 Rationale
2935 3221 3056 3258 vero
3087 3210 3278 3270 pectori
3310 3221 3401 3259 su-

232 3270 339 3333 ost,
373 3284 566 3333 staCIe,
599 3275 797 3337 onyclte
822 3311 834 3328 .
867 3271 1085 3336 galbano
1126 3277 1179 3319 et
1221 3270 1370 3321 thure
1417 3270 1764 3336 rompOnitur.

233 3344 362 3395 lla-c
393 3343 442 3392 in
482 3341 646 3391 forma
685 3341 974 3390 orationum
1022 3337 1249 3390 lldelimn
1302 3343 1578 3391 constituta
1629 3341 1767 3393 bi-ati

231 3413 453 3464 Joannis
497 3409 832 3475 Apot'alypsis
861 3408 1084 3458 ostendit
1110 3425 1120 3458 :
1167 3408 1227 3457 Et
1255 3408 1330 3460 illi
1369 3409 1565 3474 quidem
1595 3411 1769 3477 v'ginti

232 3492 456 3548 quatuor
491 3480 712 3529 'seniorcs
756 3479 1064 3548 prociderunt
1109 3486 1220 3526 ante
1265 3492 1448 3541 agnum
1475 3518 1492 3540 ,
1541 3479 1769 3530 habentes

235 3546 576 3613 unusquisque
601 3548 816 3596 citharas
843 3556 885 3596 et
918 3546 1110 3608 phialas
1132 3561 1327 3607 auwas,
1355 3550 1524 3611 plenas
1553 3548 1768 3605 incenso,

232 3633 350 3683 qua?
381 3627 492 3664 sunt
523 3626 764 3664 arationes
794 3615 1264 3682 sanctorttmmpoc.
1296 3624 1370 3679 v).
1393 3619 1693 3677 Quanquam
1721 3626 1773 3669 et

237 3685 473 3748 Speciem
506 3690 720 3746 quatuor
748 3686 1120 3732 eleinentmum
1159 3687 1340 3733 horum
1383 3694 1601 3746 quatuor
1639 3690 1770 3734 odo-

239 3769 358 3804 rutn
392 3760 587 3802 naturai
617 3750 907 3818 s'gnilit-are
939 3751 1224 3810 videantur,
1252 3761 1305 3800 ut
1329 3751 1467 3814 thus,
1492 3752 1626 3817 quod
1657 3768 1774 3818 per-

244 3821 479 3873 lucidum
524 3829 622 3881 est,
665 3817 770 3870 aeri
811 3829 1175 3886 comparetur;
1205 3829 1402 3871 stacten
1435 3836 1556 3871 vero
1585 3817 1729 3886 aqms
1757 3838 1771 3883 ;

239 3892 500 3955 galbanus
549 3899 600 3939 et
645 3902 778 3954 onyx
827 3901 975 3938 terra:
1028 3900 1181 3953 atque
1230 3891 1374 3954 igni;
1427 3901 1480 3940 ut
1529 3904 1618 3955 per
1667 3893 1775 3941 haec

241 3959 487 4009 omnium
513 3972 624 4021 qua:
650 3959 698 4008 ιιι
729 3959 860 4008 uelo
890 3967 940 4007 et
965 3957 1096 4006 inira
1127 3958 1336 4022 caelum,
1370 3969 1421 4008 et
1465 3959 1513 4008 in
1546 3968 1680 4009 tetra
1726 3969 1777 4010 et

246 4030 301 4078 in
336 4029 486 4090 aquis
515 4036 651 4082 sunt,
686 4026 928 4089 placitum
964 4026 1066 4074 er
1098 4029 1359 4076 incensum
1391 4028 1474 4086 sit,
1521 4030 1602 4077 hic
1631 4042 1775 4077 crea-

243 4106 381 4146 tura:
412 4096 575 4145 laudis
600 4092 781 4163 oratio.
813 4094 1032 4158 Sanguis
1061 4105 1230 4146 autem
1272 4095 1361 4145 illc
1387 4134 1400 4153 ,
1449 4110 1550 4158 quo
1579 4096 1778 4163 May-es

248 4165 501 4231 populum
532 4162 758 4227 aspergit
787 4175 846 4213 ac
877 4164 1108 4225 purilicat
1132 4202 1145 4225 ,
1198 4174 1250 4214 et
1283 4163 1670 4214 tabernaculum
1705 4174 1778 4214 te-

245 4235 515 4293 ειδιιιο-ιιιι,
551 4235 824 4296 omniaque
865 4245 978 4295 qua:
1006 4232 1053 4280 i'n
1087 4247 1148 4282 eo
1176 4241 1342 4295 erant,
1375 4233 1587 4283 dicens:
1641 4234 1776 4283 San-

245 4303 361 4371 guis
393 4301 470 4371 hic
497 4302 692 4365 sanguis
721 4302 990 4350 testamenti
1023 4298 1209 4366 (Erod.
1246 4302 1411 4367 xxiv),
1438 4301 1651 4352 mirilice
1681 4300 1779 4350 Do-

252 4369 550 4433 ininiJesu
598 4371 898 4434 sanguinem
949 4373 1226 4433 prtedicare
1277 4380 1632 4426 monstratur.
1677 4384 1780 4435 quo

247 4452 488 4491 omnium
517 4439 834 4489 tredentium
864 4440 1015 4489 corda
1045 4449 1356 4504 purgantur,
1395 4454 1497 4504 quo
1528 4439 1654 4490 iides
1683 4440 1780 4490 Et:-

1873 3276 2218 3342 perpositum,
2267 3284 2519 3341 quaterno
2570 3278 2792 3341 lapidum
2847 3275 3027 3326 ordine
3077 3276 3402 3334 distinctum,

1870 3360 2165 3396 sermonem
2214 3348 2397 3409 ligarat
2442 3346 2835 3409 evangelicum,
2884 3346 2968 3407 qui
3015 3346 3406 3410 quadruplicato

1870 3413 2052 3465 oidine
2095 3415 2358 3464 veritatem
2407 3413 2522 3465 lidei
2557 3413 2704 3469 nobis
2732 3425 2782 3463 et
2812 3413 3100 3464 doctrinam
3134 3411 3402 3466 Trinitatts

1870 3485 2120 3548 exponit,
2165 3482 2246 3534 cui
2274 3494 2516 3533 Convenit
2549 3483 2598 3534 in
2628 3481 2848 3547 gemmis
2877 3483 3187 3540 apostolicus
3227 3496 3406 3535 sermo

1873 3563 1974 3602 tam
2001 3554 2208 3615 virtute,
2242 3567 2393 3616 quam
2426 3566 2642 3602 numero
2695 3550 2803 3620 Hoc
2829 3560 3002 3620 autem
3035 3555 3285 3603 rationale
3310 3551 3406 3602 (lu-

1874 3623 1988 3686 plex
2037 3631 2153 3679 est,
2201 3623 2321 3684 quia
2371 3624 2680 3686 evangelica!
2730 3617 2980 3669 docti-ina:
3025 3620 3256 3686 scientie
3303 3624 3407 3670 do-

1869 3691 2036 3739 ctrina
2081 3690 2297 3740 scientia
2344 3700 2520 3751 Operta
2553 3700 2631 3739 est
2659 3696 2711 3739 et
2734 3688 3030 3738 altSCttlldlllt
3059 3731 3072 3751 ,
3105 3688 3326 3753 simplex
3356 3697 3410 3739 et

1875 3757 2107 3824 mystica.
2138 3757 2260 3808 ltetn
2288 3756 2423 3807 idem
2454 3757 2697 3809 sacerdos
2719 3756 2975 3816 Christus,
3004 3772 3104 3807 non
3129 3760 3409 3822 ittColtgruc

1877 3828 2241 3890 interpretatur
2272 3827 2324 3878 in
2357 3829 2600 3878 membris
2628 3826 2737 3878 suis
2762 3864 2776 3885 ,
2826 3835 2877 3878 et
2907 3826 3131 3877 maxime
3161 3829 3210 3877 in
3244 3829 3412 3890 ponti-

1876 3895 1991 3957 lice,
2023 3898 2110 3961 qui
2139 3910 2370 3947 mutatur
2403 3899 2449 3946 ιιι
2479 3898 2704 3953 sanrtis,
2753 3905 2804 3944 et
2848 3893 3000 3945 offert
3030 3904 3287 3946 vtctnuant
3322 3911 3412 3960 pro

1878 3965 2066 4028 populo
2097 3966 2268 4015 carnis
2315 3965 2630 4015 immaculati
2677 3964 2815 4027 agni,
2847 3977 2996 4016 saero
3025 3965 3206 4016 ordine
3247 3967 3413 4015 conti-

1877 4047 2036 4084 CIens.
2069 4032 2242 4082 Primo
2270 4032 2406 4083 enim
2435 4037 2570 4099 quod
2617 4034 2667 4084 in
2710 4038 2879 4084 Aaron
2923 4045 3128 4098 pectore
3158 4035 3411 4084 rationale

1873 4101 2052 4167 judicii
2086 4101 2227 4152 vittis
2258 4102 2536 4166 ligantibus
2564 4103 2880 4166 impritttilttr
2903 4140 2916 4162 ,
2961 4100 3214 4168 signiﬁcat
3243 4111 3297 4150 tit
3325 4116 3412 4153 sa-

1877 4173 2138 4221 cerdotaze
2166 4184 2256 4219 cor
2299 4185 2622 4236 net-luaquam
2671 4171 3004 4235 Cogitationes
3047 4171 3197 4220 lintre
3243 4173 3412 4236 possi-

1879 4240 2052 4298 deant,
2084 4238 2173 4289 sed
2205 4243 2335 4290 ratio
2365 4240 2474 4290 sola
2507 4242 2851 4304 constringat,
2899 4237 3031 4302 quod
3065 4238 3222 4288 etiam
3256 4238 3413 4289 ratio-

1881 4307 1983 4357 nali
2007 4307 2278 4372 vigilanter
2302 4309 2616 4375 adiungitur,
2638 4319 2689 4358 ut
2710 4307 2981 4358 duodecim
3008 4307 3411 4369 patriarcharum

1884 4378 2094 4427 nomina
2124 4379 2500 4428 describantur.
2530 4379 2759 4440 Scriptos
2786 4377 2979 4426 etenim
3011 4384 3216 4426 Sanctus
3240 4377 3418 4426 Patres

1888 4459 2094 4509 semper
2126 4449 2172 4494 iit
2218 4454 2427 4510 pectore
2478 4446 2611 4494 l'erre
2657 4446 2881 4506 debent,
2926 4458 3139 4509 quorum
3180 4451 3417 4506 exempla

251 4509 432 4558 εῑεδῖὶθ
460 4506 709 4571 signatur.
730 4523 843 4578 9""
873 4500 1052 4558 οηιηίέ
1073 4500 1288 4578 βοῖνυίυὸ
1311 4544 1325 4566 ο
1357 4500 1508 4558 Μέδι
1534 4545 1547 4568 ν
1591 4506 1785 4578 (Σίιιίίδιῖ
1817 4500 1862 4555 Ῐ)
1896 4500 2082 4563 imitari
2114 4500 2414 4564 non'cesset
2441 4528 2454 4575 ;
2502 4522 2553 4563 et
2583 4516 2714 4578 quod
2765 4514 2812 4563 in
2853 4500 3067 4578 iitroque
3095 4513 3310 4562 humero
3338 4500 3418 4562 sa-

251 4591 445 4641 Corpus
476 4591 642 4626 omnis
674 4577 990 4626 tabernaculi
1042 4577 1422 4634 sanctilicatur,
1457 4578 1660 4625 dicente
1695 4577 1794 4624 Do-

255 4651 402 4696 mino
425 4644 719 4704 discipulis:
755 4641 853 4692 Hic
878 4651 946 4693 est
971 4645 1172 4707 sanguis
1198 4659 1333 4693 meus
1357 4644 1468 4693 novi
1489 4644 1792 4702 testamenti,

251 4717 341 4779 qui
371 4728 460 4777 pro
486 4713 647 4760 inultis
676 4709 1167 4776 e/Tundeturll/nrc.
1198 4717 1303 4775 XM)
1327 4750 1340 4771 ,
1381 4718 1443 4761 ad
1475 4713 1792 4775 implendum

256 4787 308 4832 itt
348 4784 564 4830 veritate
593 4781 639 4830 id
670 4783 803 4844 quod
837 4796 927 4843 per
971 4780 1178 4846 Moysen
1225 4780 1388 4833 luerat
1439 4792 1706 4831 ostensum
1742 4795 1793 4832 ιιι

257 4863 506 4916 imagine.

843 4938 1064 4991 CAPUT
1099 4938 1224 4990 LVI.

785 5028 856 5080 De
882 5040 1010 5079 veste
1038 5030 1305 5098 pontiﬁcis.

324 5135 442 5193 Jam
475 5152 612 5190 nunc
636 5137 933 5190 indumenta
965 5139 1219 5204 pontiﬁcis
1248 5153 1362 5204 qua:
1391 5138 1495 5188 sint
1521 5176 1534 5198 ,
1580 5151 1800 5203 quaeque
1834 5176 1841 5182 .

262 5212 437 5274 potius
465 5208 758 5272 signiﬁcent
786 5248 799 5271 ,
844 5209 1302 5259 demonstrandum
1333 5219 1431 5257 est.
1465 5206 1798 5274 Sacerdotem

264 5270 436 5342 autem
469 5270 637 5329 Aaron
668 5276 809 5326 illum
839 5277 1150 5342 signiﬁcari,
1181 5279 1243 5326 ad
1280 5291 1431 5339 quem
1465 5275 1651 5324 t'lil‘illlt'
1679 5291 1688 5324 :
1725 5270 1801 5325 Tu

263 5361 311 5394 es
331 5347 564 5397 sacerdos
587 5346 635 5394 in
654 5353 890 5394 retentum
913 5348 1179 5395 secundum
1201 5347 1419 5394 ordinent
1439 5342 1487 5393 Μ
1496 5342 1800 5395 clchisedech

263 5411 434 5479 (Paul.
467 5418 596 5481 Ctx).
637 5413 797 5468 Vestis
824 5411 1056 5481 ejusdem
1088 5416 1375 5466 sacerdotis
1417 5415 1646 5464 ECt'iBnla
1679 5420 1756 5462 est
1788 5454 1800 5476 ,

264 5478 326 5531 de
355 5500 454 5546 qua
481 5478 607 5534 dicit
631 5483 908 5548 Apostolus
935 5496 944 5529 :
999 5478 1062 5532 Ut
1110 5482 1354 5533 exhiberet
1399 5483 1491 5532 sibi
1530 5481 1801 5549 gloriosam

269 5549 560 5613 Ecclesium,
587 5547 691 5602 non
711 5551 968 5602 habentem
997 5553 1237 5600 maculam
1266 5561 1347 5599 aut
1377 5547 1552 5616 rugam
1583 5547 1799 5615 (Ep/tes.

266 5631 349 5685 ν).
373 5622 608 5686 Quatuor
627 5621 851 5684 colores,
880 5635 941 5670 ex
965 5620 1148 5683 qmbus
1173 5627 1330 5668 vestis
1351 5620 1465 5685 ejus
1485 5630 1800 5683 COIHBMIUI',

268 5699 570 5739 meritorum
602 5699 682 5738 est
710 5689 1002 5745 diversitas,
1044 5701 1158 5752 qua:
1188 5688 1317 5736 intra
1347 5701 1578 5738 sanctam
1611 5687 1801 5739 Eccle-

264 5759 391 5809 siam
415 5762 466 5808 in
486 5759 581 5808 Clu
597 5756 679 5808 isti
704 5771 918 5823 corpore
942 5753 1135 5810 rutilat.
1167 5755 1416 5809 l’odercin
1442 5764 1611 5808 autem
1637 5757 1800 5819 illam,

1895 4584 2078 4631 cei-dos
2109 4582 2362 4632 velamine
2390 4581 2828 4647 superhumeralis
2858 4582 3178 4646 astringitur,
3212 4591 3267 4632 ut
3297 4597 3420 4631 cmi-

1898 4661 1973 4700 tra
2003 4653 2214 4702 adverSa
2245 4665 2304 4703 ac
2333 4665 2575 4718 pl'ttSpCI'a
2613 4659 2854 4700 \‘Illlllllln
2886 4662 3090 4714 semper
3117 4661 3419 4700 Ollldlllt‘llltt

1895 4729 2178 4770 muniatur.
2235 4721 2298 4771 Et
2345 4725 2479 4787 quod
2511 4719 2934 4783 superhumerale
2962 4734 3022 4770 ex
3069 4732 3194 4769 auio
3222 4726 3273 4768 et
3299 4719 3421 4784 hya-

1897 4792 2073 4839 cintho
2096 4797 2148 4838 ct
2174 4804 2391 4854 purpura
2423 4788 2501 4839 bis
2526 4789 2684 4839 tincto
2714 4803 2870 4840 cocco
2891 4797 2937 4838 et
2972 4796 3100 4838 torta
3135 4787 3242 4836 lieri
3266 4790 3420 4852 bysso

1900 4859 2192 4921 p.a:ctpitur
2219 4897 2231 4918 ,
2282 4865 2528 4922 quantum
2578 4859 2820 4909 sacerdos
2864 4860 3148 4907 clarescere
3179 4859 3420 4905 virtutum

1902 4926 2194 4976 :thel‘ailate
2225 4927 2408 4974 debeat
2430 4927 2829 4977 detnonstiaiur.
2862 4925 2910 4976 lit
2933 4922 3217 4976 sacerdotis
3238 4925 3426 4988 quippe

1903 4996 2075 5044 habitu
2103 5007 2283 5043 aurum
2333 4992 2520 5059 fulget,
2549 4998 2669 5046 dum
2717 4995 2974 5045 intellectu
3006 4993 3272 5057 sapientia:
3301 4995 3427 5043 emi-

1901 5073 2002 5121 cat,
2036 5065 2115 5112 cui
2149 5061 2477 5128 hyacinthus,
2510 5066 2594 5129 qui
2623 5067 2764 5114 aerio
2791 5066 2964 5113 colore
2995 5065 3307 5128 resplendet,
3339 5063 3427 5110 ad-

1897 5133 2162 5197 jungitur,
2215 5131 2451 5192 scilicet,
2500 5144 2554 5182 ut
2598 5146 2751 5182 onme
2790 5132 3065 5196 quodquod
3110 5141 3330 5192 tractat,
3363 5129 3428 5179 ad

1903 5215 2130 5250 amorem
2161 5201 2448 5252 C(Blestium
2487 5213 2678 5265 surgat.
2733 5200 2860 5249 Huic
2902 5202 3216 5251 admiSCetur
3245 5198 3428 5263 regalis

1907 5285 2124 5333 purpura
2151 5308 2166 5332 ,
2213 5278 2270 5320 ut
2313 5269 2663 5334 suggesuones
2709 5271 2949 5318 vitiorum
2997 5271 3158 5319 veluti
3185 5285 3245 5318 ex
3281 5280 3428 5331 pote-

1903 5348 2035 5389 state
2075 5352 2212 5404 regia
2257 5333 2582 5402 comprimat.
2627 5333 2827 5394 CocCus
2859 5351 3068 5402 quoque
3118 5337 3199 5386 bis
3244 5345 3432 5387 tinctus

1907 5411 2064 5472 ipsius
2090 5409 2498 5473 snperliutiteitali
2527 5405 2822 5471 adjuttgitur
2843 5444 2856 5465 ,
2906 5415 2960 5454 ut
2986 5414 3104 5455 ante
3133 5404 3320 5461 interni
3348 5405 3431 5472 ju-

1905 5479 2035 5528 diuis
2066 5483 2241 5527 oculos
2269 5489 2497 5524 omnium
2529 5476 2773 5524 virtutum
2807 5477 2938 5523 bona
2965 5487 3027 5523 cit
3056 5473 3309 5524 charitate
3338 5485 3432 5524 ue-

1906 5554 2182 5605 tot‘entttr,
2228 5558 2343 5608 quia
2385 5543 2648 5606 Charitas,
2695 5558 2809 5608 quze
2840 5542 2888 5590 itt
2920 5543 3196 5592 dilectione
3245 5541 3335 5594 Dei
3385 5554 3435 5592 tit

1910 5617 2123 5681 proximi
2159 5621 2362 5675 pendet,
2393 5627 2539 5677 quaSi
2580 5627 2643 5664 ex
2689 5610 2875 5676 duplici
2900 5609 3139 5681 tinctura
3171 5610 3429 5681 refulget,

1908 5678 1986 5736 cui
2012 5685 2087 5732 bis
2115 5684 2270 5731 tincto
2294 5695 2450 5730 cocco
2477 5689 2608 5732 torta
2633 5685 2819 5748 byssus
2849 5678 3174 5748 adiungitur.
3193 5678 3266 5730 De
3299 5688 3435 5748 terra

1909 5768 2041 5805 enim
2074 5754 2254 5818 byssus
2288 5751 2483 5803 nitente
2513 5746 2686 5818 specie
2716 5749 2900 5813 oritur,
2934 5762 3022 5814 per
3045 5746 3179 5812 quod
3207 5747 3437 5798 candens
