3914 6228
234 375 344 427 3ft":

1283 369 1726 436 QUﬁSTlONES
1765 366 1983 424 SUPER
2025 370 2413 426 LEVlTlCUM.

3326 371 3427 427 ΞΜ

237 492 339 539 dos
374 499 619 554 inagntts_
643 482 776 554 inter
804 479 991 554 fratres
1020 491 1162 540 suos,
1197 478 1279 530 hic
1302 488 1389 554 est
1416 479 1480 554 de
1511 496 1613 554 quo
1642 481 1776 554 scri-
1808 483 1852 538 Λ
1881 481 2101 554 otiosum
2155 488 2207 534 et
2252 478 2683 554 reprehensione
2708 477 2915 554 dignum
2961 491 3072 554 est,
3110 482 3176 537 de
3224 486 3420 554 sanctis

239 568 386 622 ptum
417 551 498 608 est
529 571 540 605 :
583 552 721 603 Vnde
746 552 810 602 ad
842 551 1020 622 fratres
1050 563 1180 602 meos
1204 558 1247 598 et
1279 552 1357 599 die
1381 553 1450 601 eis
1484 565 1501 602 :
1554 551 1779 622 [ligando

231 618 302 678 ad
331 625 533 676 Patrem
563 639 742 681 meum,
771 631 816 672 et
861 620 925 671 ad
979 619 1176 670 Patrem
1225 628 1462 679 vestrum,
1514 620 1581 669 ad
1621 618 1783 670 Deum

232 711 425 756 meum,
469 703 508 744 et
555 694 622 743 ad
673 692 828 741 Deum
857 699 1068 740 vestrum
1097 685 1273 755 (Joau.
1308 687 1415 756 xx).
1448 688 1615 752 Super
1633 687 1785 752 cujus

233 776 394 827 Caput
428 763 600 813 lusum
637 769 719 812 est
753 760 1011 812 unctionis
1049 758 1250 816 oleum,
1293 757 1439 822 ju\ta
1481 757 1616 823 quod
1661 771 1777 827 pro-

233 826 392 898 pheta
423 831 579 883 David
610 830 732 882 dicit
762 845 777 882 :
809 828 1059 898 Dilexisti_
1078 827 1356 898 justitiam,
1393 835 1440 878 et
1487 827 1636 898 odisti
1683 826 1784 898 ini-

229 895 493 970 iynitnteni,
512 911 772 967 prapterea
795 897 951 970 unxit
961 908 1006 946 te
1026 895 1159 970 Deus
1177 896 1313 970 licus
1336 904 1451 970 tuus
1469 897 1575 946 oleo
1597 895 1783 947 (teritis:

228 963 342 1037 ivra?
391 963 714 1040 puriidpibtts
760 968 855 1018 tuis
887 965 1051 1033 (Psul.
1083 965 1245 1040 κων).
1271 963 1434 1040 Cujus
1462 972 1798 1040 con.~ccr_at:e'

235 1051 364 1091 sunt
387 1034 619 1091 manus:
670 1039 767 1090 iste
819 1045 1150 1087 Cl‘IIFCCl‘ﬂtdS
1201 1035 1354 1086 habet
1405 1049 1608 1094 manus,
1656 1034 1778 1085 dntn

232 1125 331 1159 cas
374 1110 422 1161 in
458 1108 694 1174 pa=sione
714 1110 946 1158 extendit
976 1103 1380 1174 praeripiatiune
1405 1103 1559 1154 totius
1575 1105 1776 1154 surculi.

232 1172 621 1232 \csiinicntum
650 1178 763 1239 eius
792 1191 891 1226 nun
923 1173 1196 1234 scinditur,
1233 1172 1281 1223 id
1313 1183 1414 1234 est,
1446 1187 1546 1223 nun
1587 1173 1780 1238 patitur

228 1250 396 1298 dividi
433 1251 480 1297 in
512 1249 735 1298 lii-reses
757 1257 805 1295 et
837 1242 1435 1315 scliiSmataEcclesium
1467 1256 1633 1315 Suam,
1664 1256 1778 1315 qua;

228 1319 304 1368 iiIi
343 1318 644 1368 inli.r-:e:nlo
689 1315 848 1366 ve~tis
893 1323 975 1365 est
1016 1310 1242 1378 propria,
1298 1313 1445 1376 cujus
1489 1310 1776 1361 indumenti

227 1388 398 1450 tignra
435 1388 519 1435 init
553 1386 722 1436 tunica
755 1385 838 1434 illa
863 1382 983 1434 .lesu
1010 1381 1349 1440 inconsutitis,
1383 1381 1472 1431 sed
1503 1393 1595 1446 per
1615 1388 1775 1450 totum

231 1446 436 1508 téxtilts
465 1472 578 1522 qum
615 1457 661 1505 in
704 1453 951 1517 passione
976 1453 1087 1513 ejus
1128 1464 1237 1522 non
1261 1450 1533 1508 scinditur,
1566 1449 1658 1500 sed
1699 1449 1778 1499 iu-

227 1528 447 1574 dividua
486 1519 510 1571 Ξι
548 1525 842 1588 pass-dente
872 1527 1129 1572 servatur.
1166 1519 1491 1588 A‘ti‘mttt‘iettl
1530 1532 1641 1588 pou
1689 1532 1777 1568 ac-

219 1596 406 1652 cedat,
438 1585 557 1657 quia
588 1604 850 1655 peccatum
881 1607 980 1639 tioti
1013 1590 1129 1639 fecit
1162 1585 1209 1654 (1
1246 1585 1382 1638 Pcti'.
1417 1593 1496 1648 tl).
1529 1585 1624 1637 Per
1651 1598 1775 1651 pec-

222 1673 408 1713 catum
461 1677 596 1714 enim
630 1675 767 1711 mors
797 1659 1117 1726 in'elligitur,
1145 1663 1148 1666 ‘
1175 1658 1311 1708 sicut
1363 1657 1614 1719 scriptum
1647 1663 1728 1706 est
1755 1671 1770 1705 :

224 1734 417 1782 Anima
440 1746 548 1797 qua:
568 1729 855 1798 peccaverit,
877 1731 987 1794 ipsa
1009 1728 1273 1798 morietur.
1298 1727 1346 1775 lu
1370 1735 1519 1798 patre,
1536 1732 1589 1776 et
1610 1730 1777 1778 matre

231 1816 345 1851 llt‘tl
379 1817 422 1853 υς
447 1795 845 1860 ίιιιιιίιὶοδὺίιιιτς
883 1801 931 1848 iu
961 1808 1126 1847 matre
1157 1797 1364 1861 quidem
1395 1795 1642 1846 Christus
1671 1807 1773 1846 non

215 1879 313 1922 est
344 1871 590 1935 pollutus,
623 1883 741 1918 cum
775 1877 895 1918 ante
923 1867 1109 1919 s-t'cula
1149 1875 1451 1935 numeretur
1479 1863 1546 1916 de
1579 1864 1767 1928 Patre;

213 1933 473 1991 simiiiiter
505 1940 555 1990 in
606 1948 750 2003 patre
805 1953 902 1987 non
960 1949 1036 1986 est
1089 1933 1524 2003 t‘tiiiiiiiaciilattis,
1570 1946 1687 2003 eum
1718 1937 1770 1984 iit

217 2011 428 2061 saeculo
460 2001 757 2060 nasceretur
787 2021 847 2057 ex
881 2017 1063 2056 matre.
1099 2003 1250 2054 Solus
1279 2005 1417 2054 enim
1451 2002 1561 2068 ipse
1592 2001 1640 2053 in
1667 2016 1768 2054 εξε-

213 2078 349 2130 cnlo
379 2078 602 2128 mundus
630 2077 895 2144 ingressus
925 2084 1025 2135 est,
1053 2077 1343 2128 ιτυρριιθιις
1375 2086 1440 2126 ex
1475 2082 1622 2124 utero
1661 2073 1770 2144 vir-

212 2147 390 2211 guiali
446 2146 560 2198 sine
608 2141 917 2207 contagione
959 2144 1116 2194 virili.
1155 2144 1282 2194 Nam
1314 2155 1499 2194 omnes
1523 2156 1615 2193 nos
1644 2141 1769 2192 dum

215 2229 526 2281 t-ccmmas.
571 2215 985 2266 contaminamur
1041 2229 1087 2263 Ill
1141 2224 1304 2278 patre,
1364 2216 1557 2278 dequo
1612 2212 1771 2263 creati

213 2300 434 2346 sumus,
465 2284 589 2336 siin
639 2285 876 2334 hit'rCsittl
921 2284 1277 2335 devolvuntur.
1323 2281 1449 2334 Item
1497 2283 1546 2330 ill
1605 2293 1772 2332 tit-utre

214 2357 670 2413 rmttatniaamur,
703 2355 743 2403 si
775 2353 1048 2405 credentes
1097 2349 1223 2412 Deo,
1261 2352 1544 2403 Ecclesium
1578 2349 1628 2400 in
1671 2350 1770 2402 ali-

213 2424 353 2487 quid
390 2425 646 2482 laedimus,
669 2424 745 2474 vel
779 2423 1070 2474 libertatem
1096 2420 1276 2473 matris
1293 2422 1520 2473 caelestis
1553 2417 1760 2486 indigna

213 2493 428 2559 peccati
457 2494 708 2545 servitute
738 2489 1013 2543 imdamus.
1058 2490 1129 2542 De
1157 2494 1351 2541 sanctis
1382 2503 1483 2540 non
1513 2488 1768 2559 discedat,

214 2555 347 2621 quia
383 2563 623 2615 Christus
657 2576 744 2626 per
771 2563 1156 2628 susceptionem
1187 2560 1359 2611 carnis
1387 2559 1464 2610 sic
1498 2555 1772 2610 descendit

214 2631 269 2680 in
307 2633 580 2692 mundum,
609 2641 937 2696 utnzuupiam
954 2632 1216 2683 desereret
1243 2631 1457 2682 ccelum.
1489 2628 1771 2696 Btviduam

212 2705 550 2764 iepiidialain
586 2716 645 2751 ac
691 2695 1021 2752 meretricem
1049 2715 1150 2750 non
1192 2700 1346 2750 ducat
1391 2711 1629 2755 uxorem,
1679 2695 1772 2747 sed

211 2784 518 2843 virgineum
537 2770 700 2843 Vidua
727 2783 777 2821 et
829 2771 1096 2843 repudiata
1141 2777 1220 2843 est
1259 2772 1551 2843 Synaggcsa.
1584 2765 1772 2843 deflua

213 2837 480 2889 Dominus
507 2839 733 2902 loquitur
764 2854 854 2905 rer
886 2841 1090 2900 Isaiam,
1125 2835 1310 2889 dicens
1339 2855 1349 2887 :
1385 2840 1508 2900 Quis
1533 2844 1609 2905 gest
1650 2835 1773 2905 liber

210 2910 422 2974 repudii
454 2911 626 2959 matris
649 2903 836 2970 vestite,
861 2923 959 2976 quo
988 2924 1078 2977 ego
1120 2908 1287 2957 dintisi
1329 2921 1440 2977 eam
1495 2903 1646 2971 (lsai.
1693 2904 1769 2970 ι).

215 2977 476 3030 Bleretuix
510 2992 679 3030 autem
710 2975 924 3031 lilDsz‘iS
970 2975 1068 3039 est,
1102 2990 1217 3043 quze
1263 2975 1542 3043 multorum
1588 2986 1771 3043 errore

219 3050 308 3099 \el
345 3049 547 3100 libidini
576 3057 735 3115 patet.
767 3048 920 3101 'l‘ales
945 3063 1046 3100 non
1073 3041 1384 3113 copulantur
1408 3041 1639 3104 Christo,
1673 3042 1772 3094 nisi

217 3118 334 3168 Sola
373 3118 608 3169 Ecclesia
644 3121 808 3184 virgo,
847 3133 961 3185 quia
1016 3131 1117 3168 non
1173 3115 1327 3167 habet
1377 3115 1628 3167 maculam
1684 3121 1774 3185 aut

215 3200 407 3252 rugam
443 3203 454 3236 :
485 3191 548 3238 de
569 3202 668 3252 qua
702 3172 976 3251 nuptistolus
1010 3205 1022 3238 :
1047 3185 1304 3252 Despondi
1329 3201 1412 3236 vos
1442 3185 1528 3235 uni
1549 3185 1651 3234 viro
1677 3182 1774 3232 vir-
1803 3172 1847 3234 C

215 3259 391 3322 ginem
415 3265 604 3306 castam
626 3257 856 3310 exhibere
887 3258 1086 3308 Christo
1118 3254 1200 3322 (ll
1226 3254 1342 3308 Cor.
1381 3270 1450 3316 iii,
1478 3254 1564 3322 ‘2).
1583 3253 1780 3303 Dicitur

216 3321 440 3389 quidem
473 3335 526 3377 et
555 3326 723 3377 anima
754 3340 943 3393 Sponsa
967 3339 1104 3387 esse,
1125 3321 1215 3378 Sed
1248 3325 1334 3376 illa
1364 3340 1478 3391 qu.e
1504 3321 1621 3375 lidei
1649 3324 1774 3373 siin-

222 3395 468 3460 plicitate
517 3405 570 3447 et
618 3407 827 3448 actuum
880 3397 1101 3461 puritate
1153 3398 1450 3456 incorrupta
1495 3394 1774 3459 probatur.

224 3465 466 3530 t-jtvirgo
487 3475 567 3516 est
606 3475 658 3515 et
698 3468 845 3516 vidua
895 3464 1066 3515 anima
1097 3479 1210 3532 qua:
1264 3463 1543 3515 discedens
1587 3476 1612 3511 a
1655 3463 1782 3526 jugo

222 3533 407 3599 Legis,
441 3534 708 3599 Evangelii
741 3544 1000 3599 prnzcepta
1034 3548 1134 3585 non
1180 3542 1374 3586 servat.
1420 3532 1511 3583 Est
1544 3539 1598 3582 et
1622 3544 1776 3595 repu-

218 3606 393 3664 diata,
433 3604 555 3668 quia
603 3604 868 3668 peccando
897 3619 926 3654 a
966 3604 1159 3655 Chrisu
1210 3614 1432 3666 corpOie
1479 3611 1776 3665 separatur,

221 3673 438 3724 etiarnsi
482 3687 585 3723 non
628 3672 935 3740 projiciatur
976 3674 1041 3724 ab
1076 3671 1342 3738 episcopo.
1395 3673 1485 3722 list
1530 3679 1584 3722 et.
1613 3683 1780 3721 iuera-

223 3742 350 3802 trix,
384 3757 502 3809 qua:
544 3744 608 3792 ad
636 3755 692 3794 se
723 3743 907 3807 recipit
934 3751 1218 3804 amatores,
1263 3740 1312 3792 id
1345 3749 1446 3800 est,
1491 3741 1780 3790 contrarias

223 3817 519 3876 potestates
548 3821 601 3864 et
626 3811 916 3874 daemones,
941 3813 1030 3877 qui
1083 3812 1401 3862 de-iderium
1429 3812 1634 3874 capiunt
1666 3810 1781 3872 pul-

221 3877 563 3932 chritudinis.
597 3879 818 3932 Pulchra
844 3894 1069 3946 namque
1091 3895 1116 3930 a
1150 3880 1252 3930 Deo
1274 3889 1446 3930 cteata
1473 3889 1552 3929 est
1582 3880 1719 3927 anim
1741 3898 1775 3936 δ,

220 3960 276 4002 et
305 3951 436 4000 Satis
484 3953 693 4010 decora,
723 3961 839 4016 qua:
870 3950 1144 4016 imaginem
1176 3956 1229 4000 et
1263 3949 1655 3999 sitiiilittidiiieui
1690 3946 1779 3998 Dei

224 4018 408 4070 habet.
441 4017 685 4082 Sequitur
706 4017 893 4069 dehinc
922 4035 935 4069 :
962 4020 1036 4069 De
1058 4033 1231 4085 genere
1257 4033 1345 4068 suo
1369 4018 1510 4068 ducet
1542 4031 1771 4078 uxorem,

223 4089 459 4138 animam
493 4087 712 4151 scilicet,
731 4101 847 4154 qua:
873 4088 919 4139 ei
950 4086 1443 4153 tideeoujuagitur;
1475 4097 1570 4136 nec
1595 4094 1777 4154 Conta-

225 4157 450 4208 ininahit
498 4171 679 4208 semen
715 4170 888 4219 smmi,
938 4158 987 4208 id
1018 4167 1119 4220 est,
1153 4161 1365 4208 verbum
1400 4155 1512 4216 Det,
1546 4154 1681 4219 quod
1728 4153 1779 4204 in

227 4227 472 4280 Ecclesia
508 4227 839 4293 praedicatur.
874 4228 1021 4279 bicut
1071 4228 1121 4278 iii
1179 4226 1467 4292 Evangelia
1513 4225 1769 4288 scriptum

223 4307 305 4348 est
341 4313 354 4346 :
404 4296 484 4347 Ne
529 4297 1034 4348 dederitis'sanctum
1082 4297 1320 4362 canibus,
1367 4309 1523 4363 neque
1567 4293 1775 4342 mittatis

226 4368 537 4436 margaritas
569 4381 753 4436 vestras
784 4377 896 4416 ante
916 4381 1112 4436 porcos,
1139 4382 1198 4416 ne
1225 4365 1512 4415 conca/cunt
1536 4378 1617 4412 cas
1643 4363 1779 4425 pedi-

226 4434 316 4486 bus
346 4434 454 4486 suis
507 4435 717 4502 (.tlattli.
761 4449 854 4498 vii,
895 4438 975 4499 6).
1018 4435 1296 4500 Hucusque
1335 4448 1453 4499 qua:
1479 4441 1543 4483 de
1573 4447 1778 4481 summo

1883 550 2168 616 egreditur.
2198 563 2250 604 et
2283 549 2461 620 polluit
2486 549 2951 620 sanctificationem
2989 552 3075 606 Dei
3111 571 3122 604 :
3154 553 3272 620 quia
3315 570 3418 608 non

1885 621 2074 672 inrerlit
2106 630 2378 684 auset-vus
2407 618 2620 671 Christi.
2669 619 2883 671 Viduam
2932 631 2975 673 et
3015 618 3329 684 repudiatam
3379 636 3422 678 et

1867 690 2187 745 ,meretrirem
2214 706 2312 741 non
2341 687 2488 758 ducat
2538 703 2759 751 uxorem,
2787 691 2876 740 sed
2906 691 3165 758 virginem,
3220 693 3271 744 id
3325 705 3423 756 est,

1883 759 2009 809 nihil
2056 758 2120 810 de
2151 769 2322 812 vetere
2363 756 2591 819 homine,
2627 766 2679 811 et
2731 760 2948 824 pristina
2980 756 3269 814 'voluntate
3313 778 3434 814 am-

1883 831 2166 898 plectatur,
2190 827 2281 882 sed
2315 827 2467 878 vitam
2496 829 2634 898 omni
2667 829 2888 891 puritate
2934 828 3206 885 ﬂorentem
3265 833 3434 898 possi-

1879 897 2020 948 deat.
2056 895 2125 947 De
2146 912 2321 964 genere
2352 912 2441 946 suo
2470 897 2613 948 ducet
2666 913 2871 950 uxorem
2911 913 2928 950 :
2959 899 3138 964 utique
3167 901 3210 954 si
3266 895 3423 954 vitam

1881 967 2227 1038 amplectatur
2253 978 2574 1038 sanetur-uin,
2609 982 2829 1038 quorum
2851 983 2943 1036 per
2972 969 3124 1023 tidem
3153 974 3420 1038 proximus

1880 1046 1978 1087 est.
2011 1036 2148 1087 Inter
2176 1036 2284 1086 lirrc
2317 1035 2614 1100 praecipitur
2654 1037 2859 1100 iisdem,
2904 1049 2959 1091 ut
2985 1035 3343 1092 ministrantes
3372 1040 3422 1092 in

1882 1106 2073 1171 templo
2104 1107 2278 1155 vinum
2303 1115 2353 1156 et
2384 1105 2601 1155 siceram
2635 1120 2736 1158 non
2767 1107 2967 1170 bibant,
2996 1123 3060 1160 ne
3085 1110 3338 1163 ebrietate
3366 1119 3422 1164 et

1879 1174 2090 1241 crapula
2142 1182 2196 1225 et
2263 1177 2402 1224 curis
2456 1173 2611 1237 hujus
2655 1175 2776 1227 vita:
2823 1187 3214 1243 prie-graventur
3263 1181 3419 1233 corda

1878 1258 2094 1305 eorum;
2137 1257 2231 1296 nec
2281 1252 2478 1308 partem
2537 1243 2760 1296 habeant
2813 1246 2864 1299 in
2919 1255 3055 1298 terra
3103 1249 3201 1301 nisi
3251 1249 3421 1301 solum

1880 1311 2067 1375 Deum,
2100 1327 2165 1364 ne
2208 1313 2328 1382 dum
2383 1313 2447 1365 de
2478 1315 2698 1366 terrenis
2735 1316 2982 1381 cogitant.
3015 1331 3238 1382 superna
3293 1317 3430 1370 obli-

1877 1382 2162 1433 viscantur.
2199 1381 2274 1432 Ab
2305 1381 2403 1432 hoc
2442 1397 2648 1448 qtiti'pie
2675 1385 2922 1434 convivio
2950 1381 3197 1450 jubentur
3221 1388 3420 1438 vicinos

1877 1463 1925 1502 et
1962 1454 2317 1504 merecuarios
2347 1451 2603 1516 separari.
2645 1461 2698 1504 et
2739 1454 2906 1504 servis
2941 1464 3138 1505 tantum
3184 1456 3421 1509 ciborum

1877 1520 1987 1570 dari
2005 1519 2291 1590 reliquias;
2316 1531 2371 1590 et
2385 1523 2583 1572 vicinus
2609 1521 2879 1574 lizcreticus
2902 1533 3001 1586 est,
3029 1526 3113 1590 qui
3133 1527 3419 1590 proximum

1875 1601 1933 1641 se
1981 1589 2134 1641 titulo
2181 1589 2463 1641 Christiani
2538 1592 2761 1642 numinis
2807 1595 3013 1644 asserit.
3050 1589 3423 1648 ’Met'ccnarius

1875 1657 2116 1709 Judaeum
2165 1659 2393 1711 ostendit
2423 1660 2569 1729 .uni
2613 1661 2835 1712 t'iuctmn
2888 1664 3236 1716 observantize
3275 1664 3426 1729 Legis

1875 1728 2156 1780 carnaliter
2184 1728 2404 1794 qu;crit._
2433 1728 2560 1778 Cum
2611 1729 2723 1780 istis
2766 1745 2890 1797 ergo
2920 1733 3168 1784 Sacerdos
3201 1733 3288 1785 Dei
3319 1728 3421 1788 nun

1880 1797 2156 1864 participat
2185 1797 2446 1866 Evangelii
2501 1798 2768 1862 pabulum,
2803 1800 2938 1862 quod
2968 1811 3048 1852 est
3075 1802 3137 1852 ad
3169 1802 3420 1855 refectio-

1880 1879 1998 1918 nem
2027 1866 2338 1929 animarum,
2376 1866 2467 1919 sed
2499 1869 2856 1919 tantummodo
2879 1884 2994 1921 cum
3025 1871 3223 1922 Christi
3249 1873 3414 1926 servis

1874 1935 2047 2007 datur,
2065 1936 2131 1988 de
2154 1937 2336 2000 hisque
2358 1936 2936 2007 superterunturaltari,
2962 1939 3216 1991 sacerdoti
3238 1937 3417 2007 pectus

1872 2015 1924 2056 et
1951 2005 2221 2078 brachium
2247 2009 2492 2078 dextrum
2516 2023 2528 2068 ;
2559 2005 2608 2056 in
2628 2017 2846 2078 _p_ecto:e
2883 2009 3009 2076 legis
3032 2005 3247 2060 mundus
3271 2012 3417 2078 cogi-

1874 2075 2116 2138 tationes,
2149 2075 2232 2128 dot
2252 2077 2505 2142 trinteque
2533 2075 2768 2127 notitiam
2799 2091 2811 2137 ;
2873 2078 2921 2130 in
2946 2075 3166 2130 brachio
3195 2075 3412 2133 desiero

1871 2158 2031 2210 opera
2063 2145 2194 2198 bona
2226 2146 2289 2197 ad
2322 2159 2540 2210 pugnam
2571 2155 2752 2196 contra
2802 2145 3089 2209 diabolum,
3134 2157 3189 2200 ut
3215 2159 3411 2201 armata

1872 2228 2051 2274 manu,
2100 2214 2239 2282 quod
2295 2215 2454 2267 eorde
2504 2216 2836 2278 conceperit,
2897 2229 3110 2280 onerum
3167 2219 3412 2280 exemplo

1873 2283 2131 2355 perficiat.
2177 2285 2337 2336 Datur
2365 2285 2410 2335 ei
2446 2293 2496 2336 et
2518 2284 2582 2336 de
2603 2283 2805 2350 privato
2831 2287 3057 2348 maxilla,
3087 2297 3138 2337 ut
3166 2288 3416 2355 elo:pieu-

1876 2355 1996 2423 tiam
2049 2354 2254 2407 habeat.
2303 2358 2460 2404 Datur
2515 2367 2566 2405 et
2621 2356 2686 2405 de
2734 2355 2959 2407 victimis
3006 2367 3217 2418 venter,
3268 2354 3419 2423 Cujus

1875 2421 2069 2473 ind;cio
2096 2425 2264 2476 discat
2302 2423 2556 2477 luxuriam
2613 2425 2935 2492 extinguere,
2968 2433 3022 2476 et
3075 2421 3414 2481 contemnere

1875 2492 2070 2560 gulam.
2463 2494 2482 2508 '

2459 2580 2677 2633 CAPUT
2721 2579 2854 2634 Xlll.

1981 2667 2053 2721 De
2090 2669 2457 2734 sacerdotibus,
2489 2671 2572 2735 qui
2601 2687 2700 2722 non
2731 2670 2941 2737 o/ferant
2984 2674 3305 2739 sacri/ﬂium.

1944 2760 2084 2830 inter
2110 2760 2222 2814 haec
2246 2762 2401 2814 etiam
2424 2760 2634 2829 jubetur
2659 2763 2785 2830 ipsis
2813 2763 3169 2819 sacerdotibus
3195 2777 3248 2818 ut
3274 2767 3414 2820 nulla

1876 2829 2127 2882 debilitate
2168 2831 2384 2898 insignes
2425 2834 2553 2893 sint,
2600 2850 2658 2886 ne
2685 2829 2894 2896 caicus,
2944 2851 3004 2886 ne
3048 2835 3291 2900 claudus,
3336 2840 3412 2891 vel

1875 2914 2026 2968 parvo
2066 2909 2152 2951 aut
2196 2901 2403 2968 grandi,
2434 2903 2508 2952 vel
2547 2913 2676 2956 torto
2715 2920 2858 2965 naso,
2888 2919 2949 2955 ne
2987 2907 3144 2971 fracto
3173 2907 3295 2970 pede
3324 2919 3408 2958 aut

1875 2984 2052 3042 manu,
2083 2986 2173 3022 nec
2221 2971 2471 3039 gibbastts,
2507 2975 2777 3042 neiippus,
2806 2990 2865 3026 ne
2904 2975 3187 3042 albugineut
3228 2975 3409 3029 habens

1877 3039 1928 3090 in
1959 3043 2138 3103 oculo,
2182 3055 2244 3090 ne
2269 3043 2449 3109 jugent
2484 3039 2699 3094 scabiem
2720 3082 2734 3103 ,
2767 3059 2826 3094 ne
2867 3039 3197 3110 impetiginem
3226 3047 3273 3095 in
3304 3062 3413 3098 cor-

1876 3123 2028 3177 pore,
2062 3125 2122 3161 ne
2149 3113 2458 3175 ponderosas
2486 3125 2504 3162 :
2534 3125 2648 3174 qua:
2678 3114 2851 3164 omnia
2883 3113 3179 3165 referuntur
3208 3116 3270 3164 ad
3304 3118 3414 3167 ani-

1881 3193 1979 3230 mas
2028 3179 2232 3231 vitium.
2283 3180 2452 3231 Mores
2491 3180 2630 3231 enim
2659 3182 2877 3242 animai,
2923 3196 3023 3233 non
3057 3191 3235 3234 natura
3266 3185 3412 3238 dam-

1881 3256 2051 3301 natur.
2103 3248 2251 3300 Nam‘
2283 3261 2456 3317 caicus
2503 3249 2746 3301 sacerdos
2799 3259 2906 3312 est,
2953 3253 3039 3317 qui
3087 3250 3405 3310 Scripturam

1879 3317 2116 3370 scientia:
2145 3332 2247 3388 non
2279 3316 2551 3383 intelligit,
2580 3331 2631 3370 et
2655 3333 2758 3385 quo
2786 3316 3022 3388 gressum
3055 3319 3302 3373 doctrinm
3334 3324 3410 3375 vei

1879 3389 2052 3454 operis
2096 3386 2360 3454 porrigat,
2393 3401 2486 3452 per
2517 3386 2862 3453 ignorantiam
2906 3391 3090 3442 nescit.
3125 3389 3193 3441 De
3226 3390 3416 3443 talibus

1879 3457 2130 3523 scriptum
2160 3464 2276 3509 est:
2310 3455 2663 3522 Speculatores
2691 3459 2796 3524 ejus
2826 3459 2944 3509 (περὶ
2973 3474 3157 3510 omnes.
3190 3459 3418 3512 Claudiis

1877 3535 1987 3586 est,
2021 3525 2109 3591 qui
2149 3525 2358 3590 quidem
2399 3525 2642 3592 intelligit
2679 3529 2813 3594 quod
2859 3527 3050 3579 docere
3090 3529 3275 3590 debet,
3322 3535 3410 3583 sed

1880 3600 2050 3644 tamen
2085 3604 2339 3661 prieccpta
2369 3609 2482 3662 quin
2526 3597 2697 3661 decet,
2742 3611 2843 3647 non
2893 3597 3091 3660 implet.
3131 3597 3294 3650 l’arvo
3324 3615 3418 3650 au-

1881 3673 1985 3715 tem
2017 3678 2144 3715 naso
2174 3674 2282 3723 est,
2325 3668 2410 3726 qui
2452 3663 2516 3714 ad
2563 3665 2837 3716 tenendam
2886 3681 3181 3719 mensuram
3215 3667 3411 3721 discre-

1882 3732 2036 3786 tionis
2068 3734 2283 3785 idoueus
2329 3748 2429 3784 non
2474 3742 2573 3784 est.
2620 3733 2813 3785 Grandi
2863 3746 2914 3786 et
2963 3744 3098 3787 tmto
3140 3753 3264 3788 naso
3303 3748 3414 3798 est,

1881 3801 2189 3854 furibundus
2217 3812 2269 3854 ct
2299 3804 2502 3864 minax,
2531 3815 2647 3852 cum
2683 3804 2942 3869 superbia:
2972 3810 3264 3870 arrogantia
3285 3847 3296 3865 ,
3330 3812 3411 3858 vel

1880 3871 2223 3924 immoderata
2271 3871 2603 3941 dracretione.
2666 3872 2853 3924 Fracto
2912 3883 3083 3925 autem
3143 3877 3272 3941 pede
3329 3879 3407 3926 vel

1880 3955 2037 3992 manu
2067 3951 2182 4009 est,
2214 3941 2302 4004 qui
2335 3940 2466 3989 viain
2503 3940 2588 3992 Dei
2621 3956 2773 4006 quam
2820 3945 3003 4004 docvt,
3053 3940 3267 4009 pergere
3313 3960 3414 3995 non

1879 4009 2070 4060 studet.
2122 4007 2380 4060 Gibbosus
2424 4025 2632 4077 quoque
2659 4015 2899 4061 sacerdos
2928 4022 3006 4062 est
3032 4007 3167 4076 ,qui
3197 4021 3419 4066 terrente

1879 4078 2178 4140 cupiditatis
2209 4082 2409 4142 pondus
2439 4080 2713 4145 deprimit,
2747 4088 2801 4131 et
2833 4081 3030 4132 tardius
3077 4083 3140 4132 ad
3191 4094 3413 4147 snperna

1882 4147 2126 4202 intendit.
2160 4147 2351 4215 Lippus
2380 4163 2502 4199 vero
2532 4158 2606 4198 est
2627 4189 2639 4211 ,
2672 4147 2820 4214 cujus
2851 4151 3116 4216 ingenium
3148 4153 3210 4202 ad
3241 4167 3416 4217 cogni-

1882 4220 2074 4268 tioucin
2107 4220 2336 4268 veritatis
2367 4225 2553 4268 emicat
2580 4232 2592 4278 ;
2626 4218 2716 4268 sed
2753 4219 2850 4269 hoc
2879 4222 3160 4272 carnaliter
3192 4223 3411 4272 vivendo

1880 4289 2143 4339 obscurat.
2176 4286 2478 4350 Albugincin
2511 4300 2717 4351 quoque
2744 4286 2898 4339 habet
2930 4292 2978 4338 in
3009 4291 3180 4351 oculo,
3211 4291 3295 4354 qui
3327 4306 3405 4342 ar-

1880 4361 2114 4424 rogantia
2143 4353 2412 4419 sapientia:
2441 4369 2530 4405 seu
2557 4354 2775 4422 jIISllliiB
2803 4366 3046 4408 caecatur.
3081 4353 3261 4424 Jugein
3294 4377 3419 4411 vero

1881 4422 2036 4492 habet
2061 4426 2320 4488 scabiem,
2348 4424 2429 4475 cui
2462 4427 2634 4476 carnis
2664 4425 2944 4492 petulantia
2979 4427 3093 4478 sine
3130 4422 3418 4481 cessatione

227 4487 808 4571 sacerdote‘prmdicata
835 4487 979 4564 sunt,
1010 4487 1228 4570 mystice
1267 4503 1328 4552 ad
1351 4487 1622 4552 'Cbristum
1657 4512 1774 4562 μετ.
1801 4504 1849 4563 ο
1879 4487 2199 4571 dominatur.
2250 4487 2607 4571 [inpetiginem
2654 4487 2859 4560 quoque
2891 4496 3124 4571 liabetin
3158 4513 3379 4571 corpore
3401 4539 3414 4556 ,

229 4576 520 4625 tinuerunt.
589 4573 785 4624 Dehinc
831 4585 893 4624 ea
955 4574 1064 4636 ipsa
1126 4574 1200 4623 sic
1253 4573 1662 4634 interpretantur
1715 4571 1766 4620 in

228 4645 481 4693 membris
508 4641 636 4703 suis,
680 4649 733 4692 et
774 4643 997 4692 maxime
1035 4638 1086 4691 iii
1133 4641 1488 4692 sacerdotibus
1531 4643 1596 4689 ad
1638 4652 1768 4703 quos

231 4711 499 4776 pertinent
534 4711 783 4776 Spiritalia
833 4724 1186 4771 saerameuta,
1232 4725 1315 4776 qui
1348 4714 1504 4760 etiam
1558 4711 1769 4774 quantis

231 4784 461 4844 polleant
494 4781 798 4848 privilegiis,
825 4781 1053 4831 breviter
1076 4781 1482 4846 percurteuduin
1509 4789 1608 4831 est.
1639 4780 1770 4830 Dicit

226 4850 367 4900 enim
399 4854 464 4902 de
491 4847 556 4903 eo
591 4868 601 4900 :
634 4847 815 4919 Caput,
849 4851 1031 4916 inquit,
1062 4865 1204 4901 suum
1227 4865 1326 4900 non
1348 4852 1696 4912 discwperiut,
1719 4849 1766 4897 itl

228 4929 329 4978 est,
361 4929 419 4970 ut
457 4931 783 4971 sacramenta
812 4920 1024 4979 CliriSti,
1053 4923 1139 4983 qui
1169 4931 1325 4983 caput
1351 4927 1450 4978 est,
1477 4923 1768 4967 velamento

232 4991 603 5055 mysteriorum
631 4990 883 5050 honoret;
929 5001 979 5041 et
1010 5000 1318 5039 vestimenta
1354 5001 1445 5039 sua
1491 5003 1592 5036 non
1625 4987 1767 5038 scin-

229 5061 336 5117 det,
371 5071 437 5110 ne
467 5061 518 5108 iti
545 5059 780 5109 lueresim
813 5069 864 5109 et
893 5065 1170 5109 schismata
1201 5067 1448 5108 transeat.
1485 5055 1650 5123 Super
1667 5071 1770 5105 om-
1840 5059 1845 5064 ’

234 5144 342 5178 nem
379 5131 602 5177 animam
653 5141 764 5191 qum
815 5138 1011 5177 mortua
1052 5139 1142 5188 est,
1185 5143 1282 5176 non
1327 5126 1670 5192 ingredietur;
1719 5127 1767 5176 id

232 5203 402 5248 estad
433 5211 586 5247 oiitnc
637 5207 936 5258 peceatum,
968 5201 1104 5262 quod
1153 5201 1213 5246 ad
1270 5207 1488 5248 Invitent
1524 5206 1769 5260 pertinet,

237 5285 337 5318 non
357 5271 590 5320 accedet.
605 5268 774 5332 ~Super
791 5275 929 5329 patre
946 5283 1034 5314 suo
1051 5276 1093 5314 ct
1116 5277 1266 5316 matre
1279 5281 1378 5316 non
1396 5264 1768 5332 inquinabitur:

235 5339 434 5390 scilicet
457 5351 523 5389 ne
551 5343 685 5386 tanta
719 5335 975 5392 indulgeat
1002 5335 1190 5398 pietate
1216 5343 1484 5397 parentum
1515 5348 1772 5394 amorem,

238 5415 291 5455 ut
324 5408 598 5458 Dominum
630 5419 778 5457 suum
810 5404 1037 5454 otl'endat
1061 5413 1113 5452 et
1147 5417 1474 5468 t-rezitorem;
1508 5418 1674 5468 neque
1705 5406 1769 5452 itu

242 5478 551 5527 misereatur
580 5475 902 5542 propinquus,
950 5482 1003 5522 ut
1048 5487 1170 5538 erga
1201 5473 1361 5524 Deum
1393 5477 1628 5525 videatur
1658 5474 1770 5522 cul~

244 5547 447 5610 pabiiis.
474 5545 664 5608 Quanti
693 5545 828 5596 enim
857 5543 1104 5610 episcopi,
1129 5543 1306 5614 quanti
1335 5546 1602 5600 monachi,
1647 5545 1771 5614 dum

241 5628 418 5666 curam
449 5625 630 5680 gerunt
671 5623 960 5678 parentum,
1004 5627 1124 5663 snas
1165 5613 1364 5663 animas
1417 5615 1770 5677 perdi..ertiiit.

246 5685 315 5735 Ue
335 5695 525 5735 Μυραῖοι
554 5700 648 5734 non
671 5683 965 5748 egredietur,
1001 5691 1054 5732 ut
1080 5695 1288 5747 semper
1316 5698 1364 5732 ιιι
1412 5696 1570 5747 opere
1607 5695 1658 5733 et
1687 5698 1776 5735 co-

244 5769 493 5820 gnatume
516 5765 692 5805 saneta
746 5765 994 5806 moretur.
1028 5755 1124 5817 Qui
1154 5768 1292 5805 enim
1328 5756 1577 5820 loquitur,
1632 5755 1773 5821 quod

597 5876 863 5933 l‘rrtiOL.
919 5873 1131 5932 XCIII.

1874 4565 1961 4625 qui
1992 4565 2210 4614 avaritia
2245 4575 2476 4615 vastatur
2510 4565 2558 4613 itt
2592 4573 2766 4612 tiietite
2797 4579 2809 4614 :
2856 4579 2971 4628 qua:
3016 4567 3112 4617 nisi
3161 4569 3209 4615 in
3255 4583 3414 4629 patvo

1872 4643 2256 4698 compescatur,
2290 4632 2530 4683 nimirum
2563 4634 2676 4684 sine
2707 4647 2948 4684 mensura
2977 4634 3241 4685 dilatatur.
3281 4635 3412 4684 l’oti-

1872 4701 2090 4753 derasus
2120 4715 2244 4752 vero
2283 4702 2496 4766 est,qui
2544 4704 2585 4751 si
2633 4702 2999 4765 turpitudinem
3050 4717 3150 4752 non
3199 4715 3411 4756 exercet

1871 4784 2058 4834 opere,
2111 4770 2205 4821 sed
2259 4770 2326 4820 ab
2383 4773 2475 4820 hac
2524 4771 2839 4836 cogitatione
2891 4773 3005 4822 sine
3052 4775 3410 4826 moderamine

1871 4849 2115 4902 gravatur
2147 4841 2195 4889 iii
2226 4847 2421 4890 mente.
2471 4840 2612 4891 'l'alis
2659 4856 2754 4891 nec
2807 4854 2984 4891 sancta
3032 4841 3267 4906 ingredi,
3318 4855 3413 4895 nec

1874 4924 2060 4959 nomen
2101 4907 2348 4960 antistitis
2395 4911 2585 4973 poterit
2630 4910 2938 4976 possidere:
2969 4909 3086 4970 quia
3115 4921 3167 4962 et
3196 4921 3416 4964 terrenis

1873 4988 2118 5042 gravatur
2148 4979 2446 5040 desideriis,
2473 4989 2523 5029 et
2547 4994 2761 5043 exspers
2789 4986 2869 5028 est
2897 4978 3128 5030 scientia.-
3161 4983 3412 5032 veritatis.

2444 5091 2662 5143 CAPUT
2701 5089 2835 5142 XIV.

2128 5180 2201 5233 De
2230 5183 2482 5232 ablatione
2511 5184 2679 5233 Aaron
2711 5193 2754 5234 et
2783 5183 3003 5250 ﬁliorum
3033 5185 3160 5247 ejus.

1948 5271 2198 5320 Ιδΐωιιδηξιι
2246 5270 2366 5335 quid
2415 5272 2484 5323 sit
2526 5273 2684 5333 illud,
2731 5274 2866 5339 quod
2904 5272 3050 5338 juxta
3099 5282 3411 5340 praeceptum

1875 5339 1964 5390 Dei
1997 5340 2201 5403 Moyses
2234 5339 2416 5390 tat-isse
2445 5343 2648 5404 Aaron,
2682 5355 2734 5394 et
2763 5346 2891 5393 lilios
2919 5357 3030 5405 eius
3061 5343 3245 5408 legitur
3269 5339 3280 5394 ἐ
3305 5343 3413 5410 jam

1877 5419 1998 5458 tunc
2047 5418 2403 5473 purgationem
2436 5412 2612 5460 mundi
2646 5421 2698 5462 et
2727 5425 2904 5462 rerum
2947 5413 3175 5463 omnium
3223 5415 3416 5465 sancti-

1875 5484 2034 5527 tatem
2065 5478 2670 5550 baptismisacramento
2696 5481 3080 5548 signiticabant.
3124 5481 3239 5550 Non
3277 5485 3417 5533 acci—

1875 5555 2022 5611 piunt
2053 5559 2252 5611 vestes,
2284 5546 2380 5597 nisi
2413 5546 2552 5610 prius
2586 5548 2704 5599 lotis
2732 5546 2973 5601 sordibus
3000 5568 3013 5614 ;
3044 5546 3415 5604 tiecordiuan-

1877 5623 1958 5664 tur
1979 5615 2042 5665 ad
2068 5628 2237 5679 sacra,
2263 5615 2360 5665 nisi
2393 5616 2441 5666 iii
2471 5617 2680 5669 Christo
2709 5621 2825 5670 novi
2859 5622 3094 5672 homines
3126 5634 3409 5671 renascan-

1879 5694 1982 5734 tur.
2031 5685 2180 5748 Quod
2221 5694 2391 5756 autem
2427 5685 2626 5755 Moyses
2659 5689 2828 5750 lavat,
2862 5689 2988 5756 legis
3018 5689 3262 5740 indicium
3293 5699 3414 5742 est:

1881 5756 2154 5822 ptil'Ct‘pllS
2185 5758 2320 5808 cnim
2357 5755 2445 5808 Dei
2495 5759 2696 5807 lavandi
2741 5755 2954 5816 sumus,
2987 5769 3037 5808 ct
3080 5774 3198 5811 cuin
3249 5760 3417 5827 parati

2884 5876 2948 5930 i3
