3914 6228
625 392 725 445 595

1042 385 1236 440 ΒΕῡιΕ
1279 385 1719 444 ΧΕΝΕΠΑΒΙΜΞ
1770 387 2046 442 ΟΡΕΒΙΞΜ
2090 386 2157 439 PA

2301 386 2358 441 Il.
2399 387 2591 442 SECT.
2634 384 2696 439 ll.
2725 412 2795 424 —-
2835 383 3035 439 DUBIA
3078 383 3159 436 ET
3200 384 3464 439 SPCRlA.

3752 380 3830 408 Ρη(

3754 409 3778 429 ..ι
3800 410 3829 426 ιε.

629 505 690 556 ad
725 501 1078 556 indumentum
1111 499 1299 550 Christi
1341 502 1544 556 tunicas
1587 502 1832 569 pelliceas
1863 486 2168 566 deposueri-
2200 503 2241 554 A
2273 499 2514 552 tenebras
2544 497 2867 554 exteriores?
2914 499 2981 550 ibi
3027 507 3106 552 est
3154 497 3305 569 ﬂetus
3356 506 3411 553 et
3451 499 3674 550 stritltir
3727 495 3836 549 dcti-

629 588 742 625 iniis
766 612 777 631 ,
811 581 932 623 tunc
966 570 1241 623 indueinur
1271 582 1415 624 veste
1445 568 1615 634 linea,
1644 571 1771 622 nihil
1805 573 1855 622 in
1887 586 1943 622 se
1985 571 2166 621 mortis

631 643 850 691 habente
876 655 891 706 °,
924 644 1015 695 Sed
1049 655 1153 695 tota
1185 643 1406 696 candida
1430 683 1443 702 ,
1478 649 1532 693 ut
1561 641 1625 694 de
1656 642 1912 706 baptismo
1943 655 2164 706 surgen-

627 719 704 764 tes
733 710 1000 780 cingainus
1032 712 1238 764 lumbos
1269 714 1316 763 in
1350 713 1665 780 veritatetet
1695 720 1801 763 tota
1834 709 2166 780 pristinorum

631 778 960 846 pccwtorum
1005 780 1268 845 turpitudo
1313 780 1532 832 celetur.
1582 779 1732 833 Unde
1764 789 1815 830 et
1862 779 2019 829 David
2048 778 2160 827 ait:

631 852 802 913 Beati,
849 850 1053 916 inquit,
1093 864 1303 915 quorum
1344 850 1564 900 remissa:
1603 859 1716 901 sunt
1759 849 2076 912 iniquitates,
2124 855 2165 895 et

625 936 834 988 quarunt
868 930 992 970 tecta
1020 928 1131 969 sunt
1160 929 1362 986 peccata
1393 916 1574 985 (Psal.
1611 933 1744 969 usi
1767 955 1781 978 ,
1814 916 1886 984 1).

1205 1025 1423 1080 CAPUT
1477 1025 1586 1079 XV.

905 1098 976 1150 lle
1006 1098 1255 1150 oblatione
1284 1112 1373 1162 pro
1402 1095 1673 1148 sacerdotis
1700 1094 1901 1146 delicto.

696 1189 829 1253 Quid
857 1198 1028 1241 autem
1060 1188 1155 1240 sibi
1187 1186 1310 1239 velit
1357 1187 1437 1240 lex
1485 1185 1817 1253 imaginaria,
1866 1199 1980 1251 qua:
2020 1182 2170 1251 jubet

631 1262 843 1311 vitulum
890 1275 982 1323 pro
1030 1267 1246 1325 peccato
1287 1255 1576 1325 sacerdotis
1619 1256 1912 1325 immolari,
1957 1262 2010 1325 et
2042 1268 2168 1325 sari-

633 1331 786 1393 guine
816 1322 930 1393 ejus
960 1322 1152 1392 septies
1183 1326 1347 1392 digito
1394 1324 1642 1390 populum
1683 1322 1916 1393 aspergi.
1966 1322 2162 1393 Deinde

627 1392 758 1450 duos
785 1392 960 1448 hircos
1005 1394 1180 1447 olTerri
1229 1393 1408 1447 deberi
1444 1411 1455 1444 :
1492 1408 1648 1445 unum
1680 1392 1731 1444 in
1762 1405 1864 1458 quo
1910 1405 2023 1444 sors
2072 1392 2171 1443 Do-

631 1468 751 1518 inini
782 1467 1007 1518 VEltiSscl
1036 1463 1377 1515 occidendum
1425 1476 1573 1521 esse,
1623 1471 1675 1513 et
1720 1462 1972 1527 sanguine
2021 1459 2169 1526 ejus,

630 1537 870 1587 similiter
902 1544 952 1582 ut
983 1533 1046 1586 de
1077 1533 1330 1599 sanguine
1362 1529 1507 1582 vituli
1556 1530 1717 1597 digito
1757 1529 2046 1599 sacerdotis
2078 1544 2170 1592 po-

631 1608 804 1667 pu'uni
853 1597 1251 1670 aspergendum.
1309 1603 1542 1653 Alterum
1578 1615 1733 1660 veru,
1761 1597 1951 1670 inquo
1994 1599 2168 1670 omnia

631 1666 838 1740 peccata
882 1666 933 1722 et
973 1666 1364 1723 m'aledictioncs
1414 1669 1570 1720 totius
1618 1668 1811 1740 populi
1841 1666 2169 1740 imponendae

627 1734 838 1802 essent,
887 1740 936 1791 in
985 1741 1150 1793 locum
1199 1740 1465 1791 desertum
1516 1736 1943 1801 perducendum,
1994 1734 2168 1799 ibique

629 1810 1033 1885 dimittendum;
1079 1808 1168 1862 sed
1218 1810 1375 1885 prius
1404 1821 1618 1885 necesse
1668 1815 1754 1857 est
1795 1804 1938 1855 vituli
1966 1806 2163 1856 sacrili-
2201 1827 2243 1885 Β

628 1880 763 1930 cium
797 1877 1023 1942 pandere
1044 1919 1057 1940 ,
1090 1889 1140 1931 et
1172 1875 1278 1929 tum
1311 1877 1464 1928 etiam
1500 1875 1762 1927 hircorum
1811 1887 1995 1942 causas
2043 1889 2158 1941 my-

627 1941 887 2012 steriaqne
931 1961 1108 1998 eorum
1156 1960 1390 1997 narrare.
1441 1945 1644 1996 Vitulus
1692 1945 1863 2009 itaque
1909 1941 2029 2004 hic,
2078 1943 2162 2007 qni

632 2030 724 2081 pro
755 2011 964 2079 pet-cato
995 2014 1278 2066 sacerdotis
1308 2023 1358 2065 et
1387 2017 1542 2065 totius
1578 2011 1749 2078 populi
1793 2012 2163 2081 emundatione

630 2079 797 2135 occidi
827 2086 1053 2147 juhetur,
1109 2084 1321 2144 lignraui
1355 2082 1556 2134 Domini
1589 2091 1643 2134 et
1667 2079 1954 2133 Salvatoris
1997 2081 2162 2131 nostri

632 2154 681 2204 in
715 2155 992 2215 semetipso
1024 2151 1290 2217 portabat,
1320 2151 1403 2218 qui
1456 2165 1559 2203 non
1585 2154 1753 2203 solum
1799 2165 1891 2211 pro
1937 2149 2163 2216 peccatis

632 2223 967 2274 sacerdotalis
1018 2220 1221 2287 populi,
1273 2236 1450 2272 verum
1498 2229 1551 2271 et
1601 2236 1692 2286 pro
1742 2220 1881 2271 omni
1936 2222 2195 2272 bum-nO‘

631 2307 849 2356 genere,
897 2290 1097 2341 cunctis
1141 2290 1432 2341 natiOnibus
1477 2289 1584 2341 Deo
1633 2288 1784 2340 Patre
1830 2288 2163 2356 permittente

629 2355 705 2411 est
754 2361 1067 2411 immolatus.
1123 2359 1266 2410 Sient
1309 2359 1586 2422 Apostolus
1627 2358 1694 2407 ait
1729 2375 1738 2407 :
1775 2357 1871 2420 Qui
1911 2355 2046 2407 Filio
2071 2373 2161 2408 suo

628 2446 724 2480 non
775 2429 1018 2493 pepercit.
1069 2428 1153 2476 sed
1201 2444 1287 2490 pro
1334 2428 1475 2477 nobis
1523 2427 1748 2478 omnibus
1794 2425 1998 2476 tradidit
2048 2441 2160 2476 eum

631 2497 803 2564 (Itoni.
833 2511 957 2555 vui,
994 2495 1104 2563 5'2).
1141 2496 1320 2547 Merito
1350 2505 1399 2547 ct
1431 2496 1527 2546 hoc
1555 2499 1668 2548 loco
1709 2496 1774 2548 de
1817 2496 1967 2560 hujus
2013 2493 2158 2546 vituli

638 2567 888 2632 sanguine
917 2567 1105 2630 septies
1137 2565 1375 2630 populum
1408 2565 1571 2632 digito
1619 2565 1904 2617 sacerdotis
1955 2565 2158 2629 aspergi

627 2635 856 2698 jubrtur,
882 2639 938 2686 iit
968 2635 1255 2700 redemptio
1287 2642 1462 2685 nostra
1492 2645 1541 2685 et
1573 2634 1861 2700 puriliratiu
1895 2634 1941 2681 in
1968 2633 2157 2684 Christi

632 2703 882 2769 sanguine
915 2704 1009 2752 lata
1045 2719 1130 2766 per
1160 2703 1374 2769 gratiam
1406 2704 1758 2768 septemplicis
1802 2702 2026 2766 Spiritus
2070 2706 2162 2752 tle-

630 2783 964 2824 iiaonswelur.
1014 2771 1123 2823 Duo
1169 2783 1338 2823 autem
1388 2772 1548 2834 hirci,
1585 2775 1801 2837 duorum
1853 2773 2158 2836 pupulorum

632 2842 842 2907 iiguram
873 2843 1140 2906 perspicua
1170 2839 1881 2901 ratiOnedemonstraverunt
1905 2879 1916 2899 ,
1947 2849 2160 2907 propter

626 2906 924 2974 originalem
960 2911 1153 2975 pecoati
1202 2911 1713 2973 przevaricationem,
1749 2910 2009 2959 hircorum
2054 2906 2160 2959 for-

625 2993 757 3029 mam
788 2991 1058 3044 gerentes,
1090 2993 1309 3044 quorum
1341 2988 1419 3029 est
1448 2979 1734 3035 similitudo
1771 2977 1820 3029 iii
1850 2976 2152 3044 Evangelia.

623 3046 800 3108 llasdi,
852 3049 898 3096 id
941 3059 1053 3106 est,
1101 3057 1403 3113 peccatores
1435 3047 1497 3098 ad
1541 3047 1803 3100 sinistram
1845 3047 2030 3106 l'muri,
2065 3045 2157 3098 sed

622 3131 682 3166 ex
710 3116 785 3167 eis
806 3116 889 3181 qui
919 3116 967 3166 in
994 3117 1197 3167 Christo
1217 3117 1580 3180 credidissent,
1603 3126 1656 3168 et
1687 3117 2042 3182 ptenitcntiatn
2067 3117 2155 3167 de-

620 3185 859 3235 lictorum
883 3198 1090 3234 snornm
1111 3195 1215 3236 toto
1233 3187 1390 3237 corde
1407 3187 1651 3251 egissent,
1677 3185 1916 3252 baptismi
1933 3183 2152 3251 gratiam

621 3255 902 3304 consecuti.
939 3253 996 3303 lli
1055 3254 1102 3302 in
1135 3254 1522 3304 similitudinem
1575 3255 1725 3318 hujus
1776 3253 1902 3305 illl'Cl
1931 3292 1943 3312 ,
1975 3253 2060 3318 qui
2101 3253 2151 3304 in

619 3333 757 3372 sorte
792 3320 990 3373 Domini
1023 3323 1177 3384 venit,
1211 3323 1422 3388 ﬁguram
1453 3325 1740 3385 accipiunt,
1762 3322 1914 3389 enjns
1944 3324 2154 3388 sanguis

621 3405 734 3440 cum
760 3393 1009 3455 sanguine
1037 3390 1175 3441 vituli
1206 3391 1503 3456 permisceri
1527 3391 1736 3454 jubctur
1765 3409 1775 3440 :
1804 3404 1855 3442 nt
1879 3399 2153 3442 consortes

621 3461 876 3523 passionis
929 3459 1116 3510 Christi
1169 3459 1374 3518 ellecti,
1434 3461 1708 3525 participes
1761 3461 1938 3524 gloriae
1989 3457 2153 3523 ipsius

619 3529 929 3580 el'liciantur.
980 3527 1083 3580 Sed
1131 3531 1248 3592 quid
1292 3538 1370 3580 est
1411 3529 1610 3581 hircum
1643 3545 1690 3580 in
1720 3541 1912 3582 sortem
1948 3528 2149 3580 Domini

617 3596 794 3647 venire
815 3637 826 3653 .
859 3597 952 3647 nisi
985 3606 1037 3648 ut
1071 3600 1290 3662 pOpulus
1321 3599 1640 3651 credentium
1662 3594 1687 3662 ,’
1711 3615 1858 3664 cupis
1890 3599 1976 3651 ille
2022 3597 2151 3664 ﬁgu-

621 3676 729 3712 ram
761 3664 1011 3727 ilubclint,
1043 3680 1259 3718 Consors
1287 3675 1336 3718 et
1368 3668 1602 3718 cohzcres
1633 3669 1838 3720 Domini
1870 3668 2150 3718 haberetur

619 3729 668 3779 in
701 3746 879 3798 regno.
903 3733 1055 3804 Sicut
1089 3736 1364 3804 Apostolus
1395 3737 1465 3786 ait
1497 3753 1508 3787 :
1544 3735 1781 3786 llwrcdes
1823 3737 2026 3804 quidem
2050 3735 2150 3804 [)ei

617 3814 807 3863 sumus,
831 3801 1106 3854 coltwrcdes
1129 3815 1290 3855 autem
1314 3803 1497 3856 Christi
1521 3806 1692 3869 (ltom.
1725 3801 1846 3868 vni,
1873 3805 1977 3871 l7).
2003 3801 2148 3854 Alius

617 3882 737 3938 vero
773 3871 939 3921 hircus
961 3911 972 3927 .
1007 3877 1090 3938 qui
1124 3875 1170 3923 iu
1203 3886 1396 3925 sortem
1435 3875 1632 3924 Domini
1669 3890 1770 3925 non
1803 3878 1969 3933 venit,
2001 3872 2147 3923 simi-

615 3935 886 4010 litudinem
920 3935 1058 4010 tenet
1089 3943 1372 3994 inlideliutn
1394 3982 1408 4003 ,
1439 3943 1525 4010 qui
1557 3958 1822 4008 nunquam
1856 3944 1903 3994 in
1937 3941 2146 3992 Christo

614 4007 831 4058 credere
877 4008 1166 4061 voluerunt.
1217 4012 1275 4062 lli
1327 4007 1504 4078 utique
1533 4007 1791 4079 accipiunt
1825 4010 2144 4061 tiialedictio-

612 4092 727 4147 item
761 4079 915 4128 totius
947 4079 1150 4144 populi,
1182 4087 1233 4130 et
1264 4094 1443 4132 omnes
1473 4081 1768 4147 iniquitates
1802 4079 2010 4130 humani
2055 4092 2141 4147 ge:

613 4146 778 4202 neris.
812 4157 862 4199 et
894 4150 1229 4212 pr‘ojiciuntnr
1259 4149 1307 4197 iu
1337 4146 1596 4199 desertum
1633 4152 1820 4200 locum.
1872 4148 1973 4200 Sed
2019 4146 2140 4213 quid

611 4226 684 4263 (δεῖ
711 4253 722 4274 ,
767 4230 948 4267 omnes
1000 4216 1296 4282 iniquitates
1345 4227 1395 4268 ct
1440 4219 1830 4268 maledictioues
1873 4217 2140 4279 accipere,

611 4282 870 4353 nisrquia
919 4287 1090 4335 omnia
1142 4297 1350 4350 peccata
1402 4300 1515 4353 qua:
1563 4287 1626 4335 ab
1658 4286 1820 4335 Adam
1867 4299 2030 4351 usque
2075 4286 2138 4335 ail

613 4348 870 4401 (inriStum
923 4348 1200 4405 humanum
1251 4348 1431 4419 genus-
1460 4353 1704 4416 admisit,
1751 4354 1826 4406 illi
1875 4348 1972 4404 solvi
2016 4362 2141 4404 sunt

615 4421 900 4488 νρηξενιυτί
932 4421 1015 4485 qni
1048 4438 1140 4474 nec
1168 4428 1382 4476 credere
1427 4425 1475 4475 in
1521 4423 1754 4482 Christo,
1800 4437 1896 4473 nec
1939 4420 2137 4488 expiari

612 4485 801 4537 Christi
835 4490 1078 4552 sanguine
1111 4493 1385 4544 voluerunt
1413 4508 1425 4553 ;
1451 4501 1504 4544 et
1529 4494 1605 4543 sic
1637 4490 1808 4543 onusti
1840 4499 1893 4542 et
1924 4485 2143 4556 praegra-

614 4556 711 4603 vati
746 4556 1102 4621 iniquitatibus
1141 4569 1192 4611 et
1233 4561 1684 4612 uialeilictionibus
1730 4562 1888 4612 totius
1938 4560 2148 4611 humani

613 4627 817 4687 generis
839 4663 853 4688 ,
888 4627 936 4676 in
968 4625 1229 4679 desurtuni
1263 4632 1433 4680 locum
1481 4629 1837 4694 projicientur,
1875 4627 1923 4680 id
1955 4641 2068 4692 eSt,
2101 4629 2151 4681 in

615 4797 782 4812 ἰρι-σι..-

2275 571 2438 630 tium;
2486 580 2536 620 et
2583 570 2633 622 iri
2679 578 2866 635 stagno
2912 569 3077 634 ignis,
3124 568 3262 634 quod
3305 578 3389 621 est
3429 569 3738 635 gehenna,
3784 570 3834 620 ibi

2271 639 2401 705 ignis
2443 653 2612 689 eorum
2654 653 2752 689 non
2795 638 3157 707 exstinguetur,
3205 648 3250 689 et
3295 640 3472 691 vermis
3518 652 3714 696 earum
3757 655 3836 690 nos.-

2273 708 2530 759 morietur.

2844 796 3063 851 CAPUT
3120 795 3256 850 XVI.

2381 887 2506 949 Qua:
2532 887 2592 940 de
2622 888 2884 952 pecoribus
2918 904 3014 939 non
3054 886 3333 952 oﬂerantur
3361 890 3414 942 in
3445 890 3746 952 sacri/cia.

2348 975 2629 1028 Diversitas
2654 975 2979 1027 victimarum
2998 1017 3011 1033 .
3039 988 3088 1028 et
3118 992 3234 1042 quze
3261 979 3338 1029 rel
3369 977 3549 1031 offerri
3583 977 3833 1039 debeant.

2273 1045 2352 1097 vel
2382 1059 2482 1095 non
2509 1043 2718 1106 offerri,
2747 1045 2796 1094 in
2826 1045 2923 1097 hoc
2951 1045 3082 1096 libro
3109 1046 3459 1100 Leviticorum
3487 1051 3838 1101 dinumeran.

2275 1122 2379 1177 tur,
2427 1114 2517 1167 sed
2565 1128 2659 1181 per
2700 1115 3147 1176 comparationem
3197 1130 3447 1180 pecorum
3489 1125 3835 1172 conversatio

2274 1181 2540 1234 hominum
2568 1181 2983 1252 demonstratur.
3013 1182 3174 1237 Homo
3197 1186 3281 1252 qui
3305 1186 3546 1240 obtulerit
3576 1189 3834 1239 uictimae

2275 1252 2597 1317 paciﬁcatum
2631 1251 2843 1323 Domino
2862 1291 2876 1313 ,
2906 1252 2982 1303 vel
3011 1264 3121 1304 vota
3150 1257 3372 1323 solvens,
3403 1258 3480 1308 vel
3518 1267 3715 1323 sponte
3743 1260 3826 1320 of-

2274 1326 2437 1387 ferens
2477 1329 2577 1372 tam
2625 1321 2687 1372 de
2737 1322 2888 1372 bobus
2935 1336 3034 1387 qua
3055 1340 3083 1371 n
3127 1321 3188 1371 de
3219 1324 3406 1386 ovibus,
3441 1321 3832 1378 immaculata

2274 1389 2452 1455 offerat
2483 1405 2500 1440 :
2530 1397 2582 1440 ut
2612 1391 2914 1451 acceptabile
2941 1392 3034 1452 sit,
3078 1392 3236 1443 omnis
3281 1395 3479 1445 macula
3517 1411 3628 1445 non
3660 1401 3756 1446 erit
3788 1400 3830 1448 iu

2271 1475 2348 1531 eo.
2385 1459 2444 1510 Si
2469 1474 2652 1531 caecum
2682 1457 2856 1531 fuerit,
2876 1460 2920 1510 si
2945 1459 3160 1531 fructum
3181 1501 3194 1520 ,
3228 1462 3269 1510 si
3297 1462 3588 1515 cicatricem
3625 1464 3830 1531 habent,

2271 1529 2314 1578 si
2345 1528 2580 1598 populant
2610 1537 2696 1578 aut
2725 1529 2972 1589 scabiem,
3005 1532 3079 1598 vel
3110 1529 3482 1598 impetiginem,
3516 1548 3623 1584 non
3661 1528 3829 1596 olere;

2273 1598 2335 1668 tis
2362 1613 2422 1668 ca
2465 1596 2717 1668 Domino;
2765 1613 2920 1664 neque
2959 1597 3220 1649 adolebitis
3261 1596 3323 1651 ea:
3360 1601 3428 1650 eis
3468 1618 3628 1668 super
3672 1606 3830 1655 altare

2277 1665 2498 1718 Domini.
2533 1663 2714 1734 Bovem
2743 1677 2787 1717 et
2819 1663 2954 1718 orem
2985 1683 3106 1719 aure
3130 1679 3215 1717 aut
3245 1669 3408 1720 cauda
3438 1663 3729 1734 amputatis
3757 1690 3830 1724 ro-

2273 1736 2487 1787 luntarie
2513 1733 2683 1804 offerri
2712 1744 2908 1800 potest:
2939 1747 3103 1787 votum
3134 1747 3298 1787 autem
3343 1754 3404 1789 ea:
3448 1733 3532 1790 his
3570 1742 3695 1804 ﬁeri
3738 1760 3827 1794 non

2273 1814 2450 1868 potest.
2495 1803 2654 1855 Omne
2692 1804 2882 1855 animal
2917 1807 3048 1870 quod
3087 1805 3161 1856 vel
3192 1808 3420 1857 contritis
3449 1809 3526 1859 vel
3555 1803 3727 1860 tonsis
3757 1815 3826 1863 rel

2267 1876 2415 1925 sectis
2435 1915 2448 1937 ,
2481 1872 2756 1939 ablatisque
2785 1874 3023 1925 testiculis
3052 1881 3119 1925 est
3146 1915 3157 1934 ,
3191 1891 3287 1926 non
3320 1875 3542 1941 o/feretis
3578 1877 3822 1940 Domino,

2266 1952 2310 1993 ct
2340 1943 2390 1992 in
2421 1953 2553 1994 terra
2582 1952 2742 1993 vestra
2771 1942 2866 2011 hoc
2893 1944 3094 1995 omnino
3125 1960 3221 1994 non
3265 1947 3484 2011 facietis.
3541 1947 3616 1999 De
3666 1964 3817 1999 manu

2264 2012 2554 2083 alienigena:
2597 2028 2694 2083 non
2734 2010 2969 2083 olferetis
3004 2028 3157 2078 panes
3193 2010 3294 2065 Deo
3323 2026 3529 2076 restro;
3571 2018 3825 2083 quidquid

2262 2080 2403 2131 aliud
2432 2080 2550 2133 dare
2577 2082 2820 2134 voluerint
2839 2120 2855 2145 ,
2886 2082 3005 2146 quia
3034 2093 3268 2150 corrupta
3310 2095 3354 2133 et
3399 2080 3661 2138 maculata
3707 2080 3820 2138 sui

2264 2151 2462 2213 omnia,
2490 2166 2589 2201 non
2615 2151 2896 2218 suscipietis
2921 2166 3001 2204 ea.
3033 2150 3208 2203 Primo
3234 2151 3474 2218 rejicitur
3502 2170 3530 2205 a
3559 2157 3822 2209 sacriﬁcio

2265 2220 2583 2290 maculosum
2616 2221 2839 2283 animal,
2890 2220 2972 2272 vel
3021 2220 3219 2271 varium
3248 2259 3262 2282 ,
3310 2220 3359 2272 id
3393 2231 3506 2282 est,
3543 2223 3596 2275 in
3631 2225 3820 2290 quibus

2263 2297 2345 2339 est
2390 2287 2664 2340 diversitas
2710 2301 3072 2352 peccatorum,
3123 2296 3178 2340 et
3221 2304 3354 2341 nunc
3405 2291 3454 2343 in
3504 2287 3729 2345 libidine
3772 2304 3819 2346 et

2263 2358 2583 2420 cupiditate,
2639 2371 2775 2409 nunc
2829 2355 2879 2409 in
2936 2359 3159 2412 diversis
3208 2360 3519 2412 criminibus
3574 2376 3815 2414 comma-

2266 2435 2456 2478 tantur.
2507 2427 2756 2493 ltejicitur
2801 2426 3011 2494 quidem
3045 2435 3098 2479 et
3123 2441 3320 2481 caicuni
3352 2430 3669 2489 animal,-id
3703 2441 3811 2490 est,

2263 2496 2349 2560 qui
2383 2510 2476 2547 nec
2508 2496 2666 2548 Deum
2698 2495 2869 2560 videt,
2906 2511 3001 2549 nec
3029 2508 3188 2560 Opera
3221 2497 3333 2564 ejus
3365 2499 3509 2551 facit.
3560 2500 3808 2554 Praetum

2262 2578 2470 2630 quoque
2491 2604 2506 2628 ,
2538 2565 2585 2616 id
2615 2575 2725 2626 est,
2760 2567 2894 2618 vitiis
2922 2565 3218 2618 carnalibus
3244 2577 3486 2619 vexatum
3517 2577 3678 2632 atque
3707 2574 3811 2622 cnl-

2264 2634 2435 2706 lisuin.
2472 2633 2723 2706 ltejicitur
2748 2643 2802 2706 et
2828 2635 3123 2706 cicatricem
3155 2636 3372 2697 habens,
3401 2638 3489 2703 qui
3522 2654 3627 2690 n'in
3657 2640 3809 2706 digus

2262 2702 2615 2766 satisfactione
2656 2703 2979 2767 pcenitentize
3008 2706 3225 2755 vulnera
3256 2702 3590 2769 peccaturum
3625 2702 3808 2770 demo.

2261 2782 2341 2822 rat
2373 2786 2386 2832 ;
2428 2771 2518 2822 sed
2556 2772 2727 2823 adhuc
2756 2775 2945 2825 veteris
2976 2772 3145 2824 morbi
3176 2774 3379 2840 signum
3413 2789 3504 2837 per
3539 2777 3807 2830 desideria

2262 2840 2544 2892 voluntatis
2575 2840 2789 2912 interius
2821 2849 3009 2909 gestat.
3046 2840 3374 2912 Reprobatur
3403 2853 3454 2896 et
3486 2845 3662 2912 lingua
3693 2861 3808 2898 am-

2263 2919 2494 2974 putatum
2514 2947 2530 2970 ,
2560 2925 2675 2974 quae
2707 2909 2870 2962 Deum
2904 2925 3003 2974 non
3034 2911 3334 2974 confitetur,
3369 2928 3539 2977 neque
3566 2909 3802 2967 divinam

2263 2979 2430 3051 legem
2463 2977 2762 3051 meditatur.
2796 2979 3056 3051 Rejicitur
3083 2991 3136 3032 et
3167 2981 3408 3051 papulam
3454 2982 3688 3051 habens,
3721 2989 3804 3051 qui

2265 3049 2462 3112 pruritu
2512 3047 2739 3100 libidinis
2769 3059 2820 3101 et
2851 3048 3040 3101 ardore
3085 3049 3624 3115 coiicnpisceniiarum
3675 3047 3810 3106 etle-

2263 3126 2424 3167 stuat.
2457 3116 2711 3171 Similiter
2737 3129 2787 3168 et
2816 3117 3112 3170 scabiosum
3134 3156 3148 3180 ,
3178 3123 3264 3183 qui
3309 3129 3579 3182 peccatum
3627 3125 3804 3175 carnis

2262 3185 2463 3256 perlicit
2502 3185 2817 3256 cogitatione
2861 3189 3058 3252 operis.
3108 3185 3221 3238 lam
3271 3201 3398 3239 vero
3445 3187 3804 3256 impetiginem

2257 3253 2485 3317 habens,
2517 3255 2879 3326 haereticorum
2911 3257 3099 3323 ligurat
3123 3256 3490 3326 collectionem
3511 3253 3533 3320 ,⁷
3557 3253 3676 3326 qua:
3709 3260 3807 3313 fte-

2254 3331 2473 3392 quenter
2501 3337 2558 3374 se
2590 3327 2637 3374 in
2671 3321 2919 3378 Ecclesiae
2954 3321 3143 3391 corpus
3187 3325 3447 3392 immergit
3469 3367 3485 3392 ,
3537 3321 3589 3381 ei
3639 3327 3803 3390 ipe-

2256 3400 2362 3463 Lgo
2408 3391 2623 3463 livorem
2671 3393 2816 3463 facit.
2865 3393 3025 3445 Porro
3066 3407 3194 3446 aure
3224 3391 3489 3457 amputata
3521 3407 3684 3459 sunt,
3719 3399 3802 3463 qui

2252 3460 2415 3513 verbo
2443 3461 2553 3533 “Dei
2597 3475 2700 3513 non
2744 3462 3033 3533 obediunt,
3071 3477 3182 3533 _nun
3231 3464 3471 3517 iaciendo
3514 3480 3632 3533 qua:
3663 3460 3802 3532 jnssa

2251 3538 2393 3582 sunt.
2433 3530 2526 3594 Qui
2571 3544 2696 3582 vero
2737 3531 2954 3584 caudam
3000 3531 3156 3584 habet
3202 3530 3559 3600 amputatam',
3609 3530 3703 3589 ille
3730 3547 3805 3588 est

2252 3600 2337 3665 qui
2389 3600 2578 3652 bonum
2631 3600 2769 3666 quod
2827 3601 3041 3667 incipit,
3095 3604 3503 3666 perseverantiae
3551 3604 3653 3657 line
3706 3620 3802 3656 nou

2251 3668 2472 3733 perlicit.
2506 3667 2667 3720 Porro
2697 3669 2967 3738 desectum
2991 3708 3006 3733 ,
3039 3670 3124 3722 vel
3153 3671 3412 3724 testiculis
3439 3683 3766 3738 amputatum
3788 3715 3800 3734 ,

2252 3739 2594 3808 indicatueos,
2628 3737 2716 3802 qui
2745 3751 3118 3808 cumLcorpore
3145 3739 3242 3790 viri
3271 3750 3428 3802 sunt,
3463 3737 3798 3808 turpitudinis

2253 3820 2346 3855 usu
2399 3804 2786 3874 cﬂeminantur.
2833 3805 2923 3857 llis
2961 3820 3087 3874 ergo
3142 3809 3452 3861 criminibus
3503 3804 3726 3862 involuti
3774 3828 3797 3860 a

2249 3875 2511 3926 sacrificio
2555 3873 2757 3926 Domini
2800 3873 3167 3942 reprobantur.
3213 3892 3311 3930 nec
3346 3877 3648 3932 el'ﬁciuutur
3677 3893 3802 3930 con-

2250 3945 2732 4016 sortes_passio_nis
2789 3944 3018 4008 Christi,
3073 3960 3169 3998 nec
3225 3949 3462 4002 caelestis
3518 3949 3802 4016 participes

2252 4011 2701 4066 S:tlicliliC;ill0tiis.

2811 4103 3032 4158 CAPUT
3085 4104 3245 4157 XVll.

2697 4196 2768 4247 De
2806 4200 2998 4248 caeteris
3038 4198 3368 4250 caremoniis.

2318 4283 2419 4337 Sed
2465 4298 2620 4350 neque
2649 4299 2800 4348 panes
2829 4284 3126 4351 alienigena:
3155 4285 3438 4348 offeruntur
3470 4286 3686 4339 Domino
3706 4327 3721 4348 ,
3754 4288 3799 4339 id

2245 4364 2326 4407 est
2347 4396 2360 4419 ,
2395 4355 2759 4416 superstitiosa
2791 4355 3028 4405 doctrina
3064 4357 3430 4407 liazreticnrum
3454 4399 3467 4420 ,
3521 4361 3599 4408 rel
3631 4357 3799 4407 studia

2251 4421 2614 4488 superstitiosa
2655 4423 2982 4474 stecularium
3029 4424 3356 4487 litterarum,
3400 4441 3518 4490 qua:
3561 4435 3711 4477 extra
3744 4425 3798 4474 ﬂ-

2251 4493 2369 4544 dem
2401 4499 2549 4552 sunt,
2582 4503 2629 4542 et
2659 4491 2821 4542 aliena
2861 4501 3123 4555 putantur.
3159 4493 3314 4545 Tales
3345 4510 3484 4544 eunn
3516 4496 3794 4554 repudian-

2263 4571 2345 4612 tur
2380 4559 2563 4611 hosda:
2590 4574 2617 4612 a
2652 4560 2870 4611 Domino
2892 4601 2905 4621 ,
2938 4570 2992 4611 et
3021 4561 3253 4626 rejieitur
3299 4561 3602 4628 hujusuiodi
3647 4565 3800 4616 sacri-

2264 4629 2437 4682 ﬁcium
2469 4629 2534 4679 ab
2567 4629 2798 4680 Ecclesia
2830 4630 3107 4681 catholica.

840 4923 1977 5076 QU/ESTIONES
2065 4923 2593 5046 SUPER
2681 4919 3550 5050 NUMEROS.

1111 5225 1327 5279 CAPUT
1374 5225 1649 5278 PRIMUM.

1075 5315 1340 5381 Catalogtts
1377 5318 1704 5366 mansionum.

684 5439 1007 5489 DlSClPL‘LUS.
1043 5460 1107 5471 --
1143 5431 1312 5482 Prima
1367 5428 1511 5479 nobis
1554 5427 1771 5492 quaestio
1813 5427 1997 5487 oritur,
2059 5441 2152 5476 cur

616 5509 695 5557 hic
727 5508 854 5556 liber
885 5505 1090 5554 Numeri
1125 5514 1310 5552 nomen
1343 5498 1535 5560 accepit
1566 5497 1586 5544 ‘l

688 5577 952 5627 MAGISTER
1001 5599 1067 5608 —
1099 5573 1216 5621 Iden
1264 5569 1345 5618 hic
1385 5568 1515 5615 liber
1555 5577 1688 5614 unus
1726 5578 1785 5613 ex
1817 5565 2047 5628 quinque
2081 5563 2140 5613 li-

623 5644 725 5691 hris
755 5643 933 5707 Moysi,
972 5638 1178 5690 Numeri
1210 5636 1498 5707 appellatus
1529 5642 1628 5707 est,
1660 5645 1724 5680 eo
1752 5632 1886 5707 quod
1917 5645 2139 5707 egressa:

622 5701 956 5761 multitudinis
977 5701 1342 5761 l~r.ueliiic-.ccx
1366 5701 1591 5770 Aigypw
1618 5702 1664 5752 in
1690 5703 1868 5752 eodem
1895 5704 2141 5764 perlectti~

2261 5237 2375 5273 rum
2403 5223 2632 5272 virorum
2671 5221 2994 5287 computatio
3021 5226 3074 5271 et
3099 5233 3345 5274 numerus
3373 5230 3610 5276 teneatur
3637 5225 3802 5281 inm.

2261 5301 2343 5340 tus
2369 5307 2378 5338 :
2414 5291 2462 5339 in
2488 5304 2551 5340 eo
2578 5290 2732 5340 etiatn
2765 5289 3114 5354 profectiones
3135 5304 3338 5352 eorum,
3363 5301 3414 5343 et
3442 5295 3743 5347 mansiones
3771 5315 3796 5348 a

2263 5359 2449 5432 linibus
2468 5356 2677 5425 (Egypti
2700 5371 2863 5422 usque
2880 5359 2943 5408 ad
2964 5359 3203 5432 locum_et
3221 5367 3442 5432 tempus,
3459 5363 3510 5432 in
3534 5376 3638 5425 quo
3658 5364 3797 5432 M0,.

2261 5441 2344 5478 ses
2359 5428 2633 5478 defunctus
2647 5436 2744 5484 est,
2765 5434 3122 5477 numerantur.
3143 5427 3196 5477 In
3212 5442 3317 5493 quo
3334 5428 3442 5478 dies
3454 5427 3798 5486 dedicatioms

2264 5493 2612 5568 tabernaculi,
2645 5501 2697 5544 et
2726 5494 3045 5568 oblationum
3081 5495 3288 5568 modus,
3319 5510 3417 5546 non
3445 5499 3558 5549 sine
3589 5514 3795 5568 mystici

2248 5566 2448 5615 numeri
2477 5573 2808 5615 sacramento
2837 5562 3143 5627 rationeque
3173 5562 3527 5617 diiiunicratus
3556 5562 3661 5620 est:
3695 5573 3794 5622 tia-

2249 5635 2448 5701 talogus
2497 5641 2668 5684 autem
2722 5630 3054 5701 mansiOnuni
3101 5629 3323 5681 lilioruiu
3372 5629 3559 5696 Israel,
3605 5653 3728 5701 quze
3773 5655 3796 5688 a

2248 5700 2408 5766 prima
2444 5716 2607 5766 usque
2637 5701 2700 5750 ad
2737 5700 2971 5752 ultimam
3000 5713 3360 5768 numerantur,
3387 5705 3540 5754 simul
3572 5700 3792 5770 quadra-
