3914 6228
90 365 202 418 Mil

91 563 175 613 illi
223 575 326 624 per
364 559 573 626 Moysen
607 557 750 610 missi
787 565 924 620 sunt,
958 563 1012 609 nt
1041 556 1134 609 soli
1166 555 1530 626 lecunditatern
1560 556 1666 607 sol-

94 632 258 683 licita
287 625 713 680 consideratione
742 633 1019 678 tractarent
1044 643 1054 676 :
1082 627 1152 676 ita
1175 637 1227 678 et
1249 627 1330 676 isti
1360 639 1452 691 per
1479 625 1670 691 Legam

93 711 148 750 et
188 699 500 756 Prophetas
526 696 659 762 jussi
686 702 837 755 sunt,
888 705 938 746 ut
985 693 1365 758 Scripturarum
1416 695 1670 760 pervesti-

93 769 342 828 gatione
416 765 740 817 Ilominicum
805 765 1196 826 specularentur
1258 763 1558 814 adventum.
1617 764 1687 815 ln'

92 853 217 885 mm
273 846 392 887 erat
435 845 589 894 terra,
620 834 666 886 id
717 841 817 896 est,
850 847 971 885 caro
998 842 1198 892 Sancta,
1245 831 1296 884 in
1328 847 1427 899 qua
1457 846 1671 896 regnum

99 907 207 958 Ilei
266 914 322 957 et
375 905 661 957 ubertatem
706 904 961 956 Iructuuni
1020 901 1360 964 Spiritalium,
1412 912 1465 952 et
1515 901 1670 954 vitam

96 986 384 1028 :rternam
416 973 660 1036 consequi
712 980 941 1034 possent.
990 970 1090 1024 Sed
1148 972 1280 1022 sicut
1312 969 1378 1023 illi
1428 969 1673 1035 despera-

98 1044 269 1096 tione
323 1053 622 1095 terruerunt
655 1041 923 1108 populum,
959 1056 1024 1091 ne
1071 1039 1134 1091 de
1182 1039 1271 1091 Dei
1330 1041 1673 1105 promissione

97 1114 456 1165 conﬁderent
486 1131 496 1162 :
532 1111 597 1163 ita
634 1122 683 1163 et
713 1110 796 1161 isti
818 1109 1013 1162 Scriba:
1039 1117 1093 1160 et
1122 1108 1367 1160 Pharisaei
1396 1118 1672 1160 suaserunt

100 1186 322 1250 populo
355 1181 675 1250 Judaeorum,
704 1194 768 1232 ne
791 1178 1377 1250 crederenthristutn,
1425 1175 1674 1250 atl__./Egy-

101 1245 272 1317 ptum
327 1251 505 1304 sa-culi
557 1249 708 1317 hujus
758 1248 936 1317 redire
975 1248 1263 1313 cupientes.
1326 1245 1674 1317 Repudiantes

100 1315 316 1374 rnanna
349 1320 489 1380 ﬁdei.
534 1315 828 1386 quazrentes
873 1316 1004 1368 ollas
1039 1327 1364 1382 peccatorum
1395 1315 1589 1386 nigras,
1623 1324 1676 1367 et

99 1403 279 1458 cepas
312 1389 520 1454 putidas
552 1384 994 1458 blasphemorum,
1044 1394 1096 1436 et
1138 1399 1397 1458 pcpones‘
1423 1384 1670 1437 vitiorum

102 1453 194 1512 ac'
236 1453 516 1512 libidinum
570 1453 903 1523 corruptione
959 1462 1272 1506 marcentes.
1345 1453 1433 1505 Ille
1500 1465 1671 1505 autem

104 1532 311 1582 botrus
345 1543 458 1578 uvre
485 1567 501 1590 ,
531 1540 684 1593 quem
718 1527 766 1577 in
799 1525 937 1590 ligno
972 1523 1039 1575 de
1070 1531 1203 1575 terra
1253 1523 1676 1593 repromissionis

103 1598 222 1649 duo
277 1592 557 1650 advexere,
589 1604 828 1649 vectores
874 1610 884 1644 :
941 1594 1117 1644 liotrus
1166 1592 1398 1658 pendens
1435 1605 1465 1642 e
1512 1592 1672 1655 ligno,

104 1668 311 1731 utique
335 1666 602 1723 Christus,
636 1678 699 1717 ex
727 1664 866 1729 ligno
893 1662 1378 1731 crncisrpromissus
1407 1662 1671 1727 gentibus,

105 1737 181 1788 de
210 1730 358 1788 terra
389 1734 655 1802 genitricis
683 1732 858 1802 Mariae
892 1730 1176 1802 secundum
1205 1745 1417 1802 carnem
1451 1743 1674 1802 terrena:

106 1807 330 1875 stirpis,
366 1798 898 1875 visceribu_s_eﬂ‘usus.
928 1801 1036 1875 Duo
1079 1799 1234 1866 bajuli
1265 1798 1350 1865 qui
1395 1799 1491 1850 sub
1518 1815 1674 1875 onere
1708 1817 1752 1875 Β

106 1867 263 1926 botri
314 1875 457 1928 illius
485 1872 811 1933 incedebant,
868 1869 1086 1938 populus
1128 1878 1477 1938 estruterque.
1527 1867 1676 1938 cujus

108 1945 270 2009 prior
301 1953 388 1997 est
415 1944 660 1999 .Iudaicus
687 1956 856 1994 caecus
875 1937 932 1992 et
955 1953 1189 1997 aversus.
1213 1937 1679 2009 ignaruspenden-

109 2006 185 2063 iis
207 2016 420 2079 gratiae,
449 2022 502 2066 et
529 2025 740 2078 pressus
766 2024 925 2063 onere
950 2009 1208 2079 suspensi,
1247 2007 1330 2058 cui
1373 2006 1679 2079 subjicietur

110 2076 412 2147 iudicanti.
441 2076 736 2148 De'quibus
773 2079 999 2131 dicitur:
1040 2076 1378 2129 Obscureutur
1421 2077 1550 2127 oculi
1592 2093 1676 2129 eo-

109 2167 260 2213 rum,
291 2167 354 2205 ne
397 2152 625 2211 videant;
664 2158 709 2202 et
753 2149 954 2200 dorsum
998 2161 1164 2198 eorum
1209 2161 1400 2210 semper
1449 2148 1673 2199 incurva.

113 2221 220 2284 Qui
253 2237 385 2274 vero
413 2223 674 2289 posterior
703 2217 962 2289 veniebat,
997 2217 1171 2282 populi
1201 2217 1429 2289 gentium
1461 2217 1676 2289 gerebat

113 2291 374 2355 ligurani,
400 2285 484 2357 qui
508 2289 728 2342 credens
749 2297 801 2357 et
824 2285 1085 2357 Christum
1109 2294 1229 2357 ante
1253 2285 1432 2357 oculos
1455 2286 1670 2357 habens,
1724 2326 1730 2334 .

113 2354 341 2422 semper
364 2354 481 2413 eum
513 2366 725 2426 portans
751 2355 913 2417 videt,
941 2363 991 2406 et
1017 2355 1164 2426 quasi
1195 2367 1380 2426 servus
1403 2354 1670 2426 dominum

111 2435 176 2479 et
203 2422 842 2495 discipulus'magistrum
892 2423 1157 2495 sequitur,
1177 2422 1312 2474 sicut
1360 2425 1470 2488 ipse
1502 2423 1675 2495 Domi-

116 2510 225 2549 nus
257 2500 307 2548 in
352 2493 650 2564 Evangelio'
671 2497 742 2549 ait
772 2513 782 2545 :
819 2495 878 2546 Si
919 2493 1030 2561 quis
1075 2493 1197 2564 vult‘
1223 2502 1332 2559 post
1370 2494 1667 2564 nie__venii_-e,

114 2565 274 2617 tollat
305 2560 686 2625 crucem'suam,
713 2575 760 2617 et
788 2560 1022 2626 sequatur
1047 2578 1123 2614 me
1146 2560 1290 2630 (Luc.
1333 2577 1403 2623 ix,
1436 2561 1548 2630 25).
1583 2562 1673 2615 IItc

115 2647 202 2686 est
243 2637 448 2699 bmrus,
494 2640 579 2702 qui
610 2634 806 2690 eﬂ‘usus
843 2640 922 2685 est
966 2631 1021 2702 in
1072 2631 1290 2702 salutent
1338 2641 1590 2702 nostram,
1622 2643 1674 2686 et

120 2704 313 2756 viuum
365 2700 626 2770 sanguinis
678 2702 780 2764 sui,
837 2701 1006 2770 crucis
1059 2700 1371 2770 contritione
1427 2700 1666 2770 perfudit,

119 2781 287 2836 atque
339 2767 641 2839 expressum
693 2769 947 2837 passionis
1003 2784 1109 2822 sum
1165 2767 1378 2839 calicem
1429 2767 1671 2822 Ecclesia

121 2838 449 2908 propinavit.
487 2843 578 2895 llic
620 2852 700 2894 est
727 2842 924 2898 hotrns,
952 2853 1104 2904 quem
1133 2838 1502 2908 malogranaro
1532 2840 1673 2908 socia

123 2906 371 2963 numeris
399 2915 561 2978 gratia
609 2919 786 2964 secuta
832 2916 930 2970 est,
980 2918 1156 2959 nostra
1195 2906 1394 2958 scilicet
1443 2907 1673 2960 Ecclesia

121 2989 322 3043 mater,
354 2980 546 3034 habens
573 2981 704 3033 intra
732 2994 788 3032 se
817 2993 908 3046 per
927 2991 1204 3047 granorum
1237 2979 1672 3047 numerummnlf

122 3049 407 3118 titudinem
432 3051 760 3118 populorum,
804 3043 893 3118 per
917 3043 1156 3118 ruborem
1187 3043 1452 3118 sanguinis
1477 3045 1668 3118 Christi

120 3117 406 3184 signaculo
435 3115 802 3170 coruscantem
838 3135 849 3168 :
885 3115 1161 3168 habentem
1207 3115 1362 3184 etiarn
1414 3115 1560 3184 intus
1594 3115 1671 3166 di-

121 3181 376 3239 stinetam
424 3188 639 3255 gratiam
675 3190 812 3240 sicut
855 3185 1135 3255 Apostolus
1163 3185 1268 3255 ait:
1304 3183 1472 3255 Dirisn
1513 3181 1677 3255 cheri-

125 3268 298 3306 smata
316 3265 362 3307 et
391 3252 522 3308 dona
551 3256 770 3322 Spiritus
800 3257 958 3306 sancti
987 3253 1147 3322 gratia
1178 3253 1457 3314 distributa,
1491 3252 1678 3319 quibus

125 3325 382 3378 omnibus
433 3321 669 3391 indignos
719 3339 777 3377 se
824 3321 1075 3376 increduli
1123 3321 1432 3388 judtcantes,
1489 3332 1676 3374 terram

127 3394 312 3447 carnis
335 3393 524 3446 Christi
563 3393 805 3447 ﬂuentem
852 3393 929 3445 lac
950 3402 1001 3445 et
1032 3395 1132 3443 mel
1164 3390 1403 3451 accipere
1444 3407 1544 3442 non
1574 3405 1679 3443 mea

128 3472 373 3524 ruerunt,
397 3477 549 3528 quam
579 3477 669 3529 per
705 3464 855 3514 Iidem
881 3462 1014 3514 servi
1045 3461 1179 3526 ejus,
1205 3459 1254 3512 id
1277 3469 1374 3520 est,
1402 3457 1677 3512 Christiani

131 3531 312 3596 p0puli
364 3532 631 3584 coosecuti
685 3543 837 3594 sunt;
881 3531 945 3581 de
987 3529 1131 3596 cujus
1171 3529 1404 3580 doctrina
1450 3531 1677 3593 quotidie

129 3600 263 3651 dicit
317 3599 548 3653 Ecclesia
601 3616 614 3651 :
675 3598 835 3662 Quam
890 3599 1055 3651 dulcia
1122 3597 1346 3663 faucibus
1399 3600 1518 3649 meis
1569 3599 1674 3649 elo.

129 3670 255 3738 quia
284 3677 386 3729 tua,
416 3685 563 3738 super
601 3672 694 3722 mel
739 3679 784 3722 et
831 3671 996 3738 favum
1027 3667 1102 3720 ori
1124 3682 1230 3738 meo
1261 3666 1426 3734 (Psal.
1467 3672 1672 3732 cum).

137 3737 317 3789 Ficum
348 3736 528 3791 autem
555 3778 567 3801 ,
597 3753 750 3806 quem
781 3753 897 3789 cum
949 3737 1097 3806 botro
1127 3736 1189 3788 de
1221 3747 1354 3788 terra
1397 3739 1677 3802 repromis-

135 3808 302 3858 siouis
330 3805 623 3860 attulerunt
643 3807 916 3872 imaginem
949 3805 1074 3872 legis
1100 3806 1335 3858 attulisse
1364 3806 1676 3869 evangelicis

135 3876 424 3928 edocemur
452 3877 731 3940 exemplis.
758 3873 904 3927 Sicut
929 3884 980 3926 et
1003 3873 1205 3926 botrum
1235 3883 1439 3926 constat
1462 3873 1674 3940 ﬁgurant

137 3944 424 3996 Salvatoris
473 3945 780 4007 ostendere,
837 3943 1273 4012 quemadmodum
1331 3945 1390 4012 in
1453 3944 1676 3996 Canticis

135 4013 458 4064 canticorum
505 4014 731 4066 Ecclesia
773 4009 1089 4066 de'Christo
1127 4012 1288 4063 dicit:
1319 4009 1503 4063 Frater
1542 4027 1678 4065 meus

139 4091 197 4132 ut
232 4081 398 4133 bolrus
435 4079 587 4151 Cypri
635 4081 799 4150 (Cant.
858 4085 917 4146 l),
973 4082 1091 4148 quia
1142 4095 1237 4133 nec
1282 4080 1521 4134 Christus
1566 4082 1678 4133 sine

138 4152 276 4218 lege,
309 4166 403 4205 nec
430 4153 512 4205 lex
540 4152 652 4204 sine
678 4152 885 4203 Christo
914 4166 1027 4204 esse
1054 4152 1259 4218 poterit.

675 4269 678 4276 '
726 4280 946 4337 CAPUT
985 4281 1099 4335 xu.

519 4395 594 4450 De
608 4397 822 4448 -homiue
848 4398 983 4466 ligna
1011 4396 1292 4465 colligente.

215 4512 332 4565 Post
362 4509 470 4564 haec
511 4509 724 4578 quidam
758 4511 916 4562 homo
953 4511 1036 4563 die
1084 4510 1312 4564 Salibato
1355 4511 1494 4579 ligna
1525 4514 1671 4568 colli-

141 4597 290 4650 gens,
323 4589 586 4652 necatura
617 4581 830 4652 populo.
861 4579 994 4652 Quid
1036 4591 1206 4652 autem
1255 4581 1500 4652 insinuat,
1533 4585 1669 4652 quod

144 4647 250 4703 iam
277 4651 518 4703 atrociter
541 4651 684 4714 jussu
735 4647 822 4699 Bci
856 4648 1009 4701 luerit
1053 4648 1191 4700 idem
1232 4651 1298 4702 ab
1327 4652 1465 4704 omni
1514 4647 1672 4706 truci-

141 4720 292 4772 datus
322 4720 542 4784 populo?
564 4720 711 4782 Quod
746 4717 893 4770 facile
915 4717 980 4769 ab
1011 4717 1306 4772 infidelibus
1336 4722 1664 4786 proponitur.

147 4787 432 4862 Intelligant
460 4801 586 4857 ergo
625 4788 741 4854 quia
785 4789 898 4862 Irae
924 4787 1098 4862 omnia
1134 4788 1338 4862 in_typo
1366 4789 1672 4842 acciderunt

145 4857 266 4909 illis.
292 4855 490 4920 Scripta
519 4855 641 4908 situt
669 4855 841 4908 autem
872 4855 935 4905 ad
982 4855 1366 4920 correptio’nem
1413 4870 1667 4911 nostram.

145 4927 238 4979 Ille
286 4934 451 4975 autem
501 4927 752 4991 pristinus
793 4923 1122 4987 carnalisque
1171 4925 1348 4985 homo.
1394 4927 1478 4991 qui
1532 4927 1670 4978 diem

145 4994 419 5048 Sabbatum
451 4993 644 5064 violare
690 5008 849 5047 ausus
897 5003 996 5064 est,
1029 4995 1149 5044 dum
1195 4993 1332 5064 ligna
1374 4996 1662 5064 colligeret,

149 5073 352 5130 pmpter
388 5062 522 5128 quod
543 5069 627 5131 {et
667 5065 896 5126 punitus,
928 5061 1142 5114 formam
1191 5061 1519 5128 signiticabai
1559 5065 1672 5131 ejus

147 5133 233 5200 qui
264 5133 410 5184 hodie
437 5131 487 5181 in
510 5130 717 5182 Christo
741 5133 971 5197 signatus
1006 5133 1263 5184 invenitur
1284 5147 1438 5192 agere
1463 5130 1673 5186 carnale

147 5217 298 5266 opus,
327 5201 373 5254 id
403 5209 500 5261 est,
528 5201 837 5253 Contrahere
881 5202 1036 5267 ligna,
1067 5201 1260 5262 fenum,
1301 5202 1564 5267 stipulam,
1600 5203 1664 5254 ad

149 5285 317 5324 escam
346 5271 474 5340 ignis
502 5268 681 5340 salerni
728 5274 1126 5340 convenientem
1176 5268 1228 5340 (1
1255 5270 1372 5323 Cor.
1408 5271 1518 5335 In),
1550 5286 1666 5337 qua:

150 5340 270 5408 dum
298 5337 494 5408 colligit
523 5339 573 5390 in
605 5351 747 5390 suam
770 5339 1094 5408 perniciem,
1125 5343 1166 5392 si
1186 5337 1353 5392 luerit
1384 5340 1674 5407 deprehen-

153 5406 267 5469 sus,
292 5407 495 5474 pellitur
533 5409 598 5458 ab
642 5406 902 5470 omnibus.
934 5419 985 5459 et
1023 5409 1198 5460 statim
1243 5406 1521 5472 occiditur,
1549 5410 1672 5462 dum

151 5476 402 5546 iudicatur
423 5490 454 5527 a
481 5475 816 5546 spiritalibus.
854 5476 950 5546 Sic
986 5489 1110 5542 ergo
1151 5479 1320 5546 omnia
1353 5493 1675 5544 quzccunque

158 5544 470 5669 illisdludaeis
502 5559 593 5612 per
622 5545 781 5614 legem
811 5545 1129 5607 acciderunt,
1162 5544 1453 5602 iormaliter
1485 5548 1675 5600 intelli-

158 5631 247 5669 aen
285 5631 311 5668 a
332 5622 471 5666 sunt.

155 5622 311 5686 genda
332 5622 471 5666 sunt.

1184 371 1624 441 QUIESTIONES
1661 372 1884 428 SUPER
1924 372 2268 429 NUMEROS.

88 503 144 543 et
188 489 599 542 Phariszcorum
647 486 986 555 praetulerunt
1031 485 1297 539 indicium.
1345 486 1487 539 Sicut
1528 486 1666 539 enim
1701 489 1742 542 Α

3219 377 3318 432 60!

2337 481 2557 537 CAPUT
2598 483 2735 538 XIII.

2147 571 2220 624 De
2248 571 2392 636 Core,
2431 573 2628 625 Dathan
2654 582 2699 628 et
2727 573 2934 627 Abiron.

1838 661 2084 723 Sequitur
2127 661 2234 727 jam
2277 665 2537 715 excidium
2565 662 2721 727 Core,
2758 663 2957 715 Dathan
2986 671 3038 717 et
3077 662 3299 728 Abiron,

1770 732 1856 796 qui
1887 730 2010 800 sibi,
2033 741 2212 783 contra
2244 731 2452 800 Moysen
2479 740 2530 785 et
2559 731 2731 786 Aaron
2765 732 3113 798 sacerdotem,
3143 734 3306 785 sacri-

1773 799 1958 850 iicandi
1991 799 2248 851 licentiam
2274 800 2586 866 judicantes,
2623 816 2801 865 pinnas
2828 817 2920 866 pro
2961 804 3068 854 suis
3109 803 3311 854 conati-

1775 869 2293 938 bus‘espenderunt.
2325 869 2420 921 Per
2447 884 2576 938 quos
2609 870 2780 938 itaque
2830 871 3187 936 significantur
3233 871 3305 933 hi,

1773 937 1858 1001 qui
1881 931 2115 989 haereses
2143 946 2195 989 et
2218 931 2500 990 schismata
2530 931 2713 991 facere
2733 931 3011 1004 conantur,
3043 948 3094 991 et
3122 931 3310 991 multos

1772 1020 1950 1056 secum
1989 1007 2242 1058 trahendo
2272 1007 2556 1072 decipiunt,
2587 1019 2985 1061 eontemnentes
3012 1009 3312 1062 sacerdotes

1772 1072 1986 1136 Christi,
2015 1084 2067 1127 et
2089 1088 2146 1127 se
2172 1091 2199 1126 a
2229 1075 2368 1144 clero
2401 1075 2513 1142 ejus
2542 1075 2706 1141 plebis
2735 1077 2988 1129 societate
3033 1092 3309 1144 segregan-

1775 1150 1873 1200 tes,
1896 1144 2215 1196 constituere
2236 1143 2427 1196 audent
2453 1144 2733 1207 Ecclesias,
2759 1153 2811 1197 et
2832 1145 2968 1198 aliud
2993 1143 3174 1208 altare,
3193 1143 3315 1212 pre-

1773 1224 1990 1272 Celnqtte
2033 1214 2250 1264 alteram
2302 1213 2495 1266 illicitis
2539 1214 2750 1266 vocibus
2797 1213 3008 1273 iaciunt,
3035 1214 3313 1267 dominicae

1776 1281 1958 1350 hostiae
1987 1279 2256 1334 veritatem
2288 1298 2379 1344 per
2418 1281 2544 1334 falsa
2587 1283 2839 1334 sacrilicia
2873 1282 3225 1350 profanantes,
3258 1283 3310 1350 hi

1773 1348 1858 1414 qui
1884 1358 2063 1401 contra
2095 1351 2184 1403 Dei
2217 1353 2600 1404 ordinationem
2639 1348 2891 1415 nituntur,
2917 1352 2983 1404 ob
3006 1349 3314 1406 temeritatis

1773 1418 2066 1488 audaciam,
2099 1429 2251 1473 terra:
2282 1421 2679 1488 compaginibus
2709 1422 2891 1488 ruptis,
2926 1424 3158 1476 viventes
3189 1435 3316 1487 βω·-

1775 1485 1932 1538 fundo
1984 1488 2123 1540 hiatu
2174 1485 2494 1554 merguntur:
2545 1490 2649 1542 Nec
2681 1485 2876 1543 tantum
2927 1490 2978 1543 hi
3017 1489 3104 1557 qui
3150 1485 3315 1557 duces

1775 1504 1932 1538 ronuo
1984 1504 2123 1540 mutu
2174 1504 2494 1554 merguntur.
2545 1504 2649 1542 nec
2681 1504 2876 1543 tantum
2927 1504 2978 1543 IIl
3017 1506 3104 1557 qtll
3150 1504 3250 1542 auc
3291 1510 3315 1545 s

1774 1571 2008 1610 errorum
2055 1566 2196 1622 sunt,
2228 1559 2318 1611 sed
2364 1567 2416 1611 et
2466 1559 2537 1610 illi
2587 1559 2674 1624 qui
2727 1561 3104 1613 consentiendo
3153 1504 3317 1624 parii-

1774 1626 1916 1693 cipes
1939 1627 2241 1700 eorumdem
2266 1625 2436 1700 cll‘ecti
2461 1635 2602 1696 sunt,
2635 1632 2684 1684 in
2713 1629 3098 1699 iguemueterni
3125 1627 3312 1700 pulicli

1776 1709 2063 1762 prmparata
2093 1696 2287 1750 ultione
2319 1698 2580 1764 peribunt.

2347 1788 2568 1842 CAPUT
2612 1789 2743 1841 XIV.

2243 1877 2407 1930 Aaron
2429 1891 2540 1929 cum
2570 1878 2844 1931 tlutribulo.

1854 1963 2052 2016 Deinde
2097 1964 2268 2017 Aaron
2313 1976 2524 2018 sanctus
2570 1981 2597 2018 a
2640 1969 2792 2021 ruina
2834 1967 3019 2022 mortis
3070 1966 3314 2033 populum

1781 2033 1988 2095 trahere
2030 2033 2212 2099 εωρίι,
2265 2034 2584 2087 thuribulum
2629 2037 2896 2101 accipiens
2946 2039 3178 2089 cucurrit
3216 2037 3313 2090 ob-

1778 2105 1913 2155 viam
1942 2102 2287 2169 quassationi,
2318 2113 2566 2170 stansque
2596 2105 2645 2156 in
2694 2105 2863 2157 medio
2889 2109 3225 2170 superstitum
3255 2121 3316 2160 ac

1779 2182 2169 2242 peremptorum
2223 2172 2465 2225 lethalem
2525 2172 2727 2236 plagam
2777 2174 2985 2237 objecto
3029 2175 3111 2228 sui
3164 2177 3313 2242 quasi

1775 2240 1984 2311 quidam
2017 2256 2194 2292 murus
2244 2242 2482 2311 exclusit.
2507 2242 2618 2311 Iste
2659 2243 2898 2311 sacerdos
2945 2240 3196 2297 Dominus
3228 2244 3319 2299 Je-

1776 2325 1864 2362 sus
1907 2309 2143 2361 Christus
2169 2319 2266 2370 est,
2298 2309 2630 2377 principium.
2659 2309 2913 2365 Sacerdos
2942 2312 3060 2377 iste,
3108 2315 3310 2364 ruinam

1776 2380 1961 2432 mortis
2017 2380 2066 2430 in
2125 2381 2319 2431 mundo
2371 2379 2988 2445 conspiciens,'occurrit
3037 2396 3063 2431 a
3108 2395 3314 2434 summo

1777 2448 1931 2507 caelo,
1969 2451 2210 2518 venitque
2259 2449 2464 2501 obviam
2511 2452 2655 2514 quasi
2703 2451 2847 2518 gigas
2880 2449 2943 2503 ad
2995 2451 3305 2504 currendam

1776 2520 1911 2569 viam
1943 2515 2111 2582 (Psal.
2147 2519 2326 2585 svnt);
2358 2518 2606 2583 stetitque
2647 2515 2782 2572 inter
2803 2521 2947 2570 vivos
2979 2527 3032 2571 et
3059 2530 3310 2579 mortuos,

1776 2590 1892 2649 quia
1927 2600 2076 2637 natus
2105 2596 2184 2638 est
2225 2597 2276 2640 et
2309 2597 2562 2641 mortuus.
2606 2587 2795 2654 Sicque
2846 2587 3160 2641 tlutrihulum
3194 2602 3311 2655 pas-

1775 2655 1938 2707 sionis
1965 2668 2072 2707 suae
2119 2656 2402 2722 accipiens,
2431 2666 2486 2707 et
2532 2656 2579 2708 in
2626 2657 2842 2710 odorem
2875 2656 3146 2709 suavitatis
3178 2671 3312 2720 pra:-

1779 2725 2017 2786 tendens,
2049 2726 2321 2785 sosuendit
2349 2725 2483 2792 ignis
2513 2727 2704 2779 aeterni
2728 2726 3031 2794 perniciem,
3061 2736 3114 2782 et
3141 2725 3314 2780 inimi-

1774 2807 1888 2845 cam
1924 2794 2138 2862 pertulit
2171 2805 2418 2848 mortem.

2369 2882 2589 2938 CAPUT
2624 2884 2735 2937 XV.

2367 2971 2520 3040 Virga
2547 2974 2747 3039 ﬂorens.

1847 3060 2000 3129 Virga
2040 3067 2214 3113 autem
2254 3059 2445 3124 Aaron,
2477 3074 2594 3128 quae
2634 3070 2746 3126 post
2785 3061 3070 3113 siccitatem
3116 3060 3310 3123 ﬂoruit,

1701 3149 1743 3208 ο
1777 3144 1898 3208 caro
1945 3131 2249 3208 insinuatur
2278 3129 2496 3208 Christi,
2538 3144 2652 3195 quae
2678 3130 3085 3208 postquatu_tle
3119 3131 3309 3208 radice

1781 3198 1926 3252 Iesse
1955 3199 2152 3250 succisa
2178 3206 2278 3262 est,
2305 3198 2530 3250 vivacius
2556 3198 2864 3250 mortilicata
2896 3198 3175 3251 reviviscit.
3208 3199 3305 3252 Ita-

1781 3281 1882 3335 que
1927 3267 2066 3332 virga
2117 3277 2232 3332 post
2273 3267 2566 3318 ariditatem
2610 3266 2889 3330 viresccns,
2929 3266 3172 3322 Christus
3201 3280 3302 3329 est,

1782 3343 1898 3406 post
1926 3347 2144 3406 mortem
2189 3349 2484 3406 resurgens.
2529 3335 2692 3400 Ipsam
2722 3336 2857 3388 enim
2889 3337 3107 3406 virgam,
3138 3341 3304 3403 ipsum

1782 3405 1961 3457 ﬂorem
1995 3404 2346 3472 intelligimus,
2377 3414 2432 3457 ut
2475 3405 2525 3457 in
2558 3406 2700 3473 virga
2741 3404 3005 3472 regnantis
3048 3409 3273 3471 potentia
3295 3449 3308 3468 ,

1779 3484 1832 3526 et
1862 3473 1913 3524 in
1943 3473 2070 3525 ﬂore
2097 3475 2211 3537 ejus
2240 3474 2567 3539 pulchritudo
2595 3484 2931 3526 monstretur.
2981 3474 3124 3527 Unde
3169 3485 3219 3526 et
3251 3478 3299 3525 in

1778 3540 2002 3604 Capticis
2023 3543 2340 3594 canticorum
2370 3542 2503 3595 idem
2531 3543 2649 3595 dicit
2681 3561 2692 3594 :
2721 3541 2830 3611 Ego
2859 3559 2968 3594 sum
2999 3545 3093 3611 [los
3116 3544 3300 3607 campi,

1779 3621 1825 3662 et
1851 3611 2013 3661 lilium
2041 3611 2362 3663 convallium.
2389 3611 2486 3662 Alii
2517 3612 2712 3678 virgam
2745 3614 2897 3675 hanc,
2931 3627 3043 3677 quae
3071 3618 3184 3664 sine
3214 3612 3306 3663 Itu-

1782 3696 1926 3732 more
1955 3680 2158 3750 [loreth
2181 3680 2411 3750 protulit,
2445 3679 2650 3750 Mariam
2679 3679 2928 3748 virginem
2959 3691 3161 3746 putant,
3192 3696 3306 3750 qua:

1777 3751 1891 3817 sine
1918 3747 2056 3799 coitu
2084 3749 2244 3800 edidit
2276 3748 2496 3800 Verbum
2530 3748 2639 3800 Dei.
2670 3750 2741 3802 De
2767 3747 2864 3816 qua
2895 3751 3148 3817 scriptum
3180 3747 3295 3802 est:

1781 3815 1924 3889 Exiet
1955 3819 2105 3889 virga
2121 3819 2180 3867 de
2208 3818 2376 3889 radice
2403 3820 2561 3881 Iesse,
2590 3828 2633 3889 et
2663 3822 2754 3888 [los
2783 3815 2844 3872 de
2872 3815 3036 3871 radice
3071 3835 3181 3889 ejus
3223 3835 3309 3889 as-

1778 3885 1969 3948 cendet,
1996 3885 2194 3956 scilicet
2232 3885 2488 3956 Christus,
2536 3885 2673 3956 qui,'
2697 3889 2879 3940 futura:
2911 3885 3306 3956 typum'praal‘e.

1780 3968 1901 4006 rens
1949 3954 2224 4018 passionis,
2273 3954 2493 4006 candido
2538 3955 2658 4008 lidei
2709 3956 2903 4008 lumine
2933 3954 2997 4008 ‘et
3046 3958 3301 4022 passionis

1782 4023 2034 4095 sanguine
2067 4037 2307 4095 purpura,
2341 4022 2435 4075 ﬂos
2473 4024 2753 4092 virginum,
2774 4039 2971 4077 corona
2999 4033 3304 4095 martyrum,

1780 4093 1943 4157 gratia
1971 4091 2345 4143 continentium
2371 4101 2471 4145 est.
2492 4123 2504 4135 -

2355 4179 2563 4236 CAPU'l
2609 4179 2740 4236 XVI.

2389 4270 2554 4324 Vitula
2582 4273 2718 4341 rufa.

1859 4367 2038 4418 Restat
2074 4363 2266 4417 interea
2304 4362 2463 4413 vitula
2494 4361 2628 4424 rul'a,
2659 4363 2708 4414 in
2758 4361 3058 4416 holocausta
3097 4375 3311 4430 concre-

1787 4443 1943 4496 mata,
1977 4434 2120 4500 cujus
2147 4433 2276 4482 cinis
2302 4432 2528 4500 expiatio
2559 4431 2732 4498 populi
2776 4439 2908 4484 erat.
2933 4431 3026 4500 Sic
3050 4433 3191 4485 enim
3219 4431 3301 4486 di-

1715 4478 1760 4533 D
1783 4478 2274 4572 ξξὲὗῖῗίῐὲἷῇῷᾶει⁷
2308 4478 2522 4572 ἦιξῥέὲῆ
2559 4478 3310 4572 2tista?"aestuas.

1773 4569 1934 4624 Israel
1959 4580 2012 4622 ut
2041 4570 2293 4622 adducant
2317 4569 2394 4637 ad,
2413 4578 2458 4619 te
2485 4583 2681 4621 vaccam
2707 4568 2874 4637 rufam
2901 4573 3062 4624 (etatis
3083 4568 3306 4636 integrw,

1770 4643 1819 4692 in
1847 4658 1946 4708 qua
1976 4639 2202 4709 uulln_sit
2234 4636 2449 4700 macula,
2490 4636 2874 4709 necrportavcrit
2917 4643 3108 4709 iugum,
3139 4639 3306 4688 trade-

1770 4706 1926 4776 tisq'ue
1954 4724 2060 4759 eum
2090 4706 2332 4758 Eleazaro
2355 4707 2600 4758 sacerdoti
2617 4724 2633 4767 ,'
2653 4724 2764 4775 quia
2783 4712 2959 4761 educta
2976 4706 3129 4776 extra
3149 4714 3310 4776 castra

1770 4774 2111 4828 immolabitur
2136 4777 2188 4827 in
2214 4782 2482 4838 conspectu
2517 4774 2751 4837 omnium,
2785 4788 2830 4829 et
2861 4778 3067 4844 intinget
3099 4774 3307 4843 digitum

1772 4847 1986 4898 Eleazar
2014 4848 2064 4898 in
2092 4845 2333 4914 sanguine
2356 4847 2482 4912 ejus,
2516 4853 2559 4894 et
2605 4859 2826 4912 asperget
2866 4856 3036 4897 contra
3061 4845 3190 4909 fores
3232 4855 3307 4896 ta-

1772 4916 2021 4968 bernaculi
2049 4919 2258 4976 septies;
2287 4914 2628 4977 comburetque
2649 4929 2755 4963 eam
2785 4916 2975 4966 cunctis
3003 4914 3308 4972 videntibus;

1773 4995 1873 5036 tam
1903 4986 2079 5052 pellem
2110 4995 2153 5036 et
2183 4998 2354 5052 carnes
2389 4983 2494 5047 ejus
2522 4996 2672 5047 quam
2715 4985 3003 5052 sanguinem
3050 4995 3096 5036 et
3139 4984 3310 5050 fimum

1771 5051 1985 5120 ﬂamina:
2024 5054 2245 5105 tradetis.
2279 5051 2487 5116 Lignum
2524 5065 2715 5116 quoque
2758 5053 3014 5104 cedrinum
3047 5062 3093 5105 et
3133 5053 3308 5118 hysso-

1772 5138 1888 5190 pum
1930 5136 2221 5187 coccumque
2253 5120 2323 5171 bis
2365 5122 2572 5170 tinctum
2616 5122 2854 5184 sacerdos,
2876 5122 3023 5171 mittit
3065 5123 3116 5170 in
3159 5123 3311 5187 ﬂam-

1773 5208 1924 5253 mam,
1952 5205 2064 5256 qua:
2082 5205 2281 5242 vaccam
2318 5200 2487 5250 vorat;
2522 5198 2566 5241 et
2596 5198 2711 5240 tunc
2737 5190 2932 5240 demum
2956 5191 3070 5241 lotis
3098 5190 3309 5240 vestibus

1773 5270 1818 5313 et
1849 5275 2049 5326 corpore
2076 5260 2380 5326 ingredietur
2407 5260 2456 5307 in
2493 5266 2675 5319 castra,
2706 5260 3186 5322 commaculatusque
3215 5269 3310 5326 erit

1775 5325 2018 5392 usquead
2048 5325 2319 5391 vesperam.
2344 5326 2444 5379 Sed
2467 5335 2510 5378 et
2534 5327 2614 5377 ille
2643 5330 2722 5395 qui
2747 5327 3088 5388 combusserit,
3122 5325 3310 5376 lavabit

1775 5399 2057 5450 vestimenta
2082 5412 2190 5455 sua,
2218 5406 2262 5447 et
2293 5410 2492 5460 carpas,
2521 5396 2873 5454 “immundus
2915 5395 3004 5445 erit
3047 5409 3199 5459 usque
3241 5398 3305 5442 ad

1775 5480 2047 5532 vesperum,
2079 5465 2273 5533 colliget
2317 5474 2478 5515 autem
2505 5465 2576 5515 vir
2605 5467 2813 5517 mundus
2841 5466 3022 5514 cineres
3050 5477 3231 5525 vaccae,
3262 5471 3306 5512 ct

1776 5535 1996 5598 effundet
2037 5549 2117 5586 eos
2156 5532 2295 5584 extra
2338 5542 2498 5584 castra
2546 5535 2598 5585 in
2652 5536 2756 5587 loco
2799 5533 3082 5598 purissimo,
3116 5541 3168 5583 ut
3204 5532 3303 5582 siut

1777 5604 2080 5655 multitudini
2107 5602 2323 5668 ﬁliorum
2365 5601 2523 5654 Israel
2550 5605 2599 5654 in
2643 5603 2936 5661 custodiam,
2970 5610 3013 5652 et
3043 5601 3093 5650 in
3122 5616 3301 5668 aquam

1777 5666 2231 5738 nspersionis,iquia
2252 5684 2351 5738 pro
2381 5681 2577 5736 peccato
2608 5687 2752 5722 vacca
2782 5669 3034 5720 combusta
3062 5677 3149 5718 est.
3184 5666 3297 5719 lla-

1779 5736 1954 5793 bcbunt
1994 5741 2082 5795 ltoc
2118 5741 2208 5808 [iiii
2239 5736 2413 5802 Israel,
2444 5747 2488 5790 et
2530 5741 2731 5793 advena
2772 5749 2995 5792 sanctum
3029 5741 3150 5806 jure
3185 5753 3300 5804 per-
