3914 6228
518 397 614 454 807

1090 510 1314 566 (ῘΑΡυΤ
1354 512 1467 565 XX.

589 602 665 657 De
691 602 824 657 Seon
845 618 957 672 rege
985 603 1416 667 Amori'hteorum,
1449 615 1492 655 et
1534 603 1615 671 Ug
1645 618 1759 670 rege
1799 601 1988 654 Busan.

585 694 872 760 Trigesima
923 708 1053 744 nona
1107 693 1309 744 mansio
1356 700 1435 744 est
1475 692 1526 744 in
1556 691 1846 758 Dihongad.
1878 691 1928 743 In
1967 692 2062 743 hoc

515 763 712 832 geritur
762 761 952 814 bellum
1002 771 1184 814 contra
1217 762 1355 832 Sieon
1385 777 1557 832 regem
1600 761 2057 832 Agmorrhteorum,

517 830 569 885 et
598 832 672 897 υς
701 845 875 897 regem
909 832 1093 883 Basan.
1144 832 1197 883 In
1247 831 1330 882 his
1377 830 1588 898 regibus
1620 830 1739 882 licet
1784 843 1871 882 res
1915 841 2058 898 gesta

518 909 882 966 cognoscatur,
912 911 1083 952 tamen
1123 914 1215 962 per
1246 900 1571 952 comlitiones
1599 899 1922 966 virtutesque
1966 914 2060 950 no-

518 972 717 1024 minum
750 969 999 1034 Spiritalis
1024 969 1330 1035 significatio
1351 975 1433 1020 cst
1461 967 1714 1035 subjecta.
1747 968 1885 1021 Seou
1913 983 2060 1022 nam-

519 1053 622 1106 que
648 1039 1023 1102 interpretatur
1051 1040 1259 1090 tentatio
1284 1039 1561 1101 oculorum,
1595 1051 1687 1104 per
1719 1052 1874 1104 quam
1925 1037 2052 1104 ligu-

517 1105 665 1162 ratur
706 1105 967 1168 diabolus,
1003 1107 1090 1173 qui
1134 1122 1192 1160 se
1242 1105 1575 1171 transfigurat
1628 1108 1768 1158 velut
1810 1108 2055 1173 angelum

517 1178 646 1230 lucis
675 1175 762 1242 (ll
791 1173 907 1229 Cor.
940 1175 1041 1243 ιι),
1070 1187 1118 1227 et
1145 1191 1236 1242 per
1267 1175 1504 1229 haeresim
1530 1185 1582 1229 et
1603 1176 1890 1228 schismata
1923 1177 2058 1228 veri-

515 1245 709 1299 similia
738 1245 1235 1308 mentitur,utlallat
1262 1244 1497 1297 incautos
1522 1260 1536 1298 :
1570 1246 1707 1297 hunc
1738 1245 2051 1307 Amorrhtei,

512 1317 562 1369 id
593 1326 696 1378 est,
727 1316 1097 1377 amaricantes,
1134 1317 1325 1367 habent
1361 1330 1556 1381 regem.
1605 1313 1714 1367 Nisi
1743 1315 1883 1368 enim
1915 1325 2057 1380 qna:-

509 1386 628 1438 dam
661 1384 926 1438 simulatio
957 1384 1192 1437 veritatis
1223 1385 1502 1448 praecedat,
1528 1397 1632 1436 non
1675 1395 1794 1436 sunt
1827 1385 2054 1436 haereses

509 1454 881 1518 :imaricantes,
913 1467 1015 1505 non
1047 1452 1330 1505 schismata
1363 1453 1747 1506 exacerbantes
1791 1454 1842 1504 in
1876 1453 2054 1505 Eccle-

508 1523 608 1576 sia.
659 1523 760 1576 Iste
786 1537 910 1588 ergo
948 1537 1040 1576 rex
1086 1523 1347 1576 occiditur
1377 1523 1427 1574 in
1477 1537 1788 1589 unoquoque
1820 1522 2050 1585 homine,

514 1592 723 1658 quando
755 1591 973 1659 quisque
1001 1591 1218 1646 damnat
1248 1590 1656 1654 simulationem,
1690 1604 1744 1642 et
1770 1591 1940 1656 diligit
1969 1606 2054 1644 ve-

517 1662 749 1714 ritatem.
781 1662 856 1728 0g
885 1675 1009 1716 vero
1039 1676 1133 1713 rex
1163 1662 1538 1728 interpretatur
1565 1660 1855 1721 cuni-lusio,
1881 1661 2051 1714 Basan

512 1740 685 1784 mitem
713 1731 963 1796 confusio.
1008 1729 1060 1783 Id
1101 1731 1238 1783 enim
1284 1729 1387 1797 agit
1435 1728 1674 1782 diabolus
1715 1745 1945 1794 semper.
1997 1740 2053 1783 ut

505 1800 785 1852 concludat
813 1803 948 1850 viam
980 1801 1044 1851 ad
1077 1798 1375 1862 Dominum,
1403 1800 1716 1865 opponendo
1754 1799 1888 1851 idola
1933 1813 2048 1862 sua,

507 1886 573 1920 ne
604 1870 845 1922 credatur
869 1870 918 1919 in
949 1868 1236 1921 Christum.
1283 1867 1561 1922 Conclusio
1608 1867 1853 1933 prmcodit
1885 1877 1940 1921 ut
1963 1883 2052 1920 rex

506 1948 778 2006 sequatur,
808 1936 1044 1990 coiifusio
1074 1945 1318 2006 tanquam
1363 1936 1532 2002 plebs,
1571 1937 1688 2002 quia
1720 1951 1853 2005 quos
1899 1936 2053 1990 modo

504 2005 785 2066 concludit,
817 2020 882 2061 ne
907 2006 1124 2060 credant
1152 2009 1204 2058 in
1235 2005 1525 2070 Chrismm,
1553 2006 1763 2073 quando
1792 2020 2051 2074 apparue-

508 2077 576 2128 rit
612 2075 874 2137 Christus,
935 2089 1118 2130 omnes
1170 2075 1576 2129 confundantur.
1629 2076 1830 2128 Mansio
1869 2085 2045 2128 autem

508 2146 604 2198 ista
650 2144 938 2214 Dibongad,
978 2145 1351 2212 interpretatur
1378 2143 1576 2212 fortiter
1603 2145 1868 2214 intellecta
1894 2152 2048 2197 tenta-

507 2214 598 2277 tio,
627 2215 746 2280 quia
782 2213 1026 2283 nimirum
1059 2215 1100 2266 si
1132 2223 1406 2280 superetur
1459 2213 1742 2283 simulatio,
1793 2228 1908 2283 quae
1961 2229 2052 2280 per

509 2283 737 2336 schisma
768 2282 848 2336 vel
897 2283 1139 2336 haeresim
1187 2286 1468 2337 exacerbat
1506 2281 1821 2347 Eeclesiani,
1848 2293 1900 2337 et
1927 2298 2053 2337 con-

506 2353 672 2406 clusio
703 2368 818 2420 quae
841 2367 930 2420 per
955 2355 1284 2420 sacrilegium
1315 2351 1510 2406 claudit
1533 2351 1650 2407 fidei
1679 2356 1833 2414 viam,
1862 2353 2053 2405 nihilo-

508 2421 680 2474 minus
724 2425 938 2476 teiitatio
965 2422 1285 2491 intelligitur,
1311 2437 1372 2475 ac
1417 2422 1606 2476 deinde
1653 2422 1918 2477 intellecta
1947 2422 2055 2476 for-

505 2491 625 2542 titer
654 2502 950 2556 superatur.

576 2561 983 2625 Quadraaesima
1013 2559 1219 2613 mansio
1247 2559 1312 2612 de
1345 2559 1508 2614 Dibon
1550 2560 1601 2614 in
1652 2561 1786 2623 Gud,
1832 2561 1883 2614 in
1935 2560 2054 2615 llel-

513 2630 975 2692 mondeblathaim,
1009 2644 1122 2693 quae
1167 2629 1390 2681 vertitur
1421 2631 1470 2680 iii
1494 2640 1778 2694 contemptu
1810 2631 2051 2695 palatlia-

514 2712 644 2760 rum,
674 2700 788 2751 sive
818 2699 1229 2764 approbriorum;
1252 2709 1304 2752 et
1331 2715 1418 2763 per
1447 2701 1545 2751 hoc
1575 2702 1842 2765 discimus,
1877 2702 2053 2752 omnia

510 2767 682 2818 dulcia
709 2782 766 2818 ac
792 2768 1064 2821 illecebras
1086 2769 1403 2834 voluptatum
1430 2772 1849 2835 pra-tereuntiuin
1877 2768 1929 2821 in
1952 2782 2051 2819 sa:-

511 2836 631 2886 cnlo
681 2838 1094 2890 contemnendas
1138 2848 1188 2889 et
1219 2837 1493 2902 opprobria
1524 2838 1783 2903 diligenda
1820 2856 1830 2888 :
1863 2852 1978 2904 qua:
2006 2839 2049 2890 si

514 2905 642 2956 falso
685 2906 1034 2971 objiciantur,
1087 2906 1460 2959 beatitudinem
1518 2907 1744 2972 pariunt,
1784 2906 2054 2960 Salvatore

513 2973 813 3046 plenissime
866 2977 1201 3042 perdocente,
1228 2976 1314 3046 qui
1346 2976 1454 3046 ait:
1485 2974 1610 3030 Cum
1651 2977 2054 3046 exprobraret-itit

505 3059 588 3095 ros
614 3043 858 3109 homines,
884 3047 1010 3096 beati
1033 3047 1166 3098 eritis
1196 3043 1344 3113 (Luc.
1372 3045 1466 3114 vt).

1084 3154 1303 3210 C.\PUT
1342 3155 1456 3213 XX.

1090 3244 1278 3313 Moysis
1303 3261 1454 3300 mors.

573 3333 982 3402 Quadragesima
1035 3334 1198 3401 prima
1249 3338 1450 3390 mansio
1498 3337 1549 3390 in
1606 3347 1784 3390 monte
1835 3338 2048 3393 Abarim

505 3412 688 3474 ιινιιιτίι
724 3403 906 3456 faciem
940 3406 1130 3456 montis
1151 3404 1320 3468 Nabo,
1354 3405 1440 3458 ubi
1471 3408 1690 3459 moritur
1720 3417 1774 3460 et
1798 3408 2051 3474 sepelitur

507 3471 735 3540 lloyses,
774 3481 911 3525 terra
944 3475 1369 3539 repromissionis
1399 3485 1520 3527 ante
1563 3471 1873 3542 conspecta.
1904 3477 2051 3532 Νειῡο

505 3541 885 3610 interpretatur
936 3543 1218 3606 conclusio,
1270 3543 1319 3595 in
1363 3557 1458 3610 qua
1492 3544 1670 3597 linitur
1696 3541 1806 3610 lex,
1847 3555 1899 3599 et
1947 3563 2050 3601 non

503 3609 760 3682 invenitur
782 3612 894 3678 ejus
929 3613 1179 3665 memoria
1207 3629 1221 3676 ;
1257 3609 1412 3682 porro
1441 3615 1604 3681 gratia
1636 3609 1896 3682 Evangelii
1927 3617 2049 3669 abs-

505 3696 607 3746 que
657 3679 761 3731 ullo
816 3682 916 3733 line
978 3683 1205 3734 tenditur
1248 3699 1259 3733 :
1313 3681 1376 3734 In
1417 3679 1612 3735 omnem
1676 3679 1806 3735 enini
1866 3693 2051 3737 terram

505 3751 657 3800 exivit
711 3765 861 3801 sonits
910 3765 1102 3814 eorum,
1164 3761 1210 3804 ct
1266 3752 1319 3803 iit
1378 3751 1497 3817 ﬁnes
1544 3751 1674 3804 orbis
1717 3761 1861 3805 terra:
1904 3757 2052 3808 verba

507 3820 644 3891 illius
692 3817 860 3887 (Psal.
910 3825 1076 3891 xviii).
1124 3820 1392 3888 Simulque
1423 3821 1878 3891 considerandum
1910 3824 2051 3891 quod

509 3888 761 3940 habitatio
787 3890 1164 3941 transeuntium
1195 3891 1242 3941 in
1269 3889 1533 3942 rnoutibus
1563 3890 1659 3942 sita
1688 3891 1776 3954 sit,
1806 3902 1863 3945 et
1883 3888 2052 3948 adhuc

511 3959 743 4021 proli-ctu
789 3959 1040 4025 indigeat.
1075 3959 1193 4012 Post
1246 3970 1452 4012 montes
1494 3961 1634 4013 enim
1681 3960 1934 4026 plurimus
1984 3963 2050 4016 ad

509 4027 822 4091 conpestria
855 4028 1008 4080 Moab
1036 4037 1090 4080 et
1128 4027 1369 4081 Joidanis
1419 4031 1611 4081 fluenta
1659 4030 2048 4095 descendimus,

512 4107 629 4168 qua:
658 4096 1030 4162 interpretatur
1054 4097 1333 4168 descensio.
1369 4097 1510 4168 Nihil
1543 4098 1681 4152 enim
1704 4111 1805 4168 tam
1841 4104 2049 4168 pericu-

517 4166 684 4214 losum
708 4174 788 4215 εει
819 4181 971 4230 quam
1019 4166 1181 4229 gloria
1225 4167 1548 4234 cupiditatis,
1600 4179 1652 4218 et
1696 4166 1967 4235 jactantia,
2000 4181 2052 4224 et

516 4235 719 4286 animus
749 4234 1068 4286 canscientia
1103 4238 1344 4288 virtutum
1382 4247 1697 4290 tumescens.

1067 4346 1288 4400 CAPUT
1330 4348 1489 4401 XXII.

949 4416 1022 4468 De
1063 4415 1273 4469 Balaam
1314 4429 1360 4470 et
1401 4416 1610 4472 Balaac.

1011 402 1212 468 BEDIE
1258 403 1698 458 VENERABILIS
1733 403 1882 456 Ul’l’.
1926 397 2050 454 ΡΑῐι

2161 397 2197 448 l.
2226 396 2419 454 secr.
2463 399 2502 452 ι.
2536 374 2826 453 -ὐιιιιΙΑ
2869 399 2950 452 er
2989 399 3255 455 SPURIA.

3615 401 3643 452 4
3657 402 3718 456 38

2089 512 2134 565 Α
2164 517 2278 561 erat
2303 507 2538 573 subjecta
2574 507 2825 570 perfidiae,
2854 509 2903 561 iii
2929 525 3110 564 vocem
3135 511 3251 563 fidei
3279 519 3334 563 et
3360 510 3717 566 Cotilessionil

2165 588 2482 646 erumperet.
2517 576 2659 629 Licet
2697 589 2746 630 et
2773 594 2895 630 cato
2930 589 3105 632 nostra
3142 593 3234 646 per
3277 579 3378 632 hoc
3430 583 3592 644 possit
3638 583 3715 634 in-

2165 645 2346 715 telligi.
2403 645 2712 712 Plerumque
2767 648 2906 699 enim
2957 663 3081 700 caro
3126 645 3219 715 per
3269 651 3544 700 molesrias
3571 657 3710 704 taeta

2164 713 2371 780 ﬂagello
2399 730 2508 766 sua:
2549 716 2710 768 menti
2755 715 2917 769 Deum
2953 713 3165 779 indicat,
3205 733 3360 783 quem
3406 734 3556 770 ιιιεειε
3604 722 3712 784 ipsa

2163 785 2305 852 carni
2340 784 2626 847 praesidetis
2679 800 2780 837 non
2832 786 3060 848 videbat,
3103 789 3170 837 ita
3229 798 3283 837 ut
3313 786 3579 841 anxietate
3611 791 3715 852 spi-

2164 850 2295 903 ritus
2332 854 2588 919 proficere
2633 855 2683 904 in
2731 854 2830 905 hoc
2867 855 3060 906 mundo
3089 855 3368 920 cupientis,
3420 857 3566 908 velut
3612 850 3713 908 iter

2164 922 2427 973 tendentis
2471 922 2741 985 impediat,
2792 924 2956 975 donec
3000 925 3045 976 ei
3095 924 3436 985 invisibilem,
3486 927 3572 988 qui
3614 927 3710 976 sibi

2161 991 2340 1058 obviat
2372 991 2686 1044 innotescat.
2719 991 2866 1045 Unde
2888 1004 2938 1044 et
2966 992 3099 1046 bene
3130 1008 3218 1058 per
3251 993 3465 1045 Petrum
3491 994 3709 1046 dicitur:

2161 1057 2545 1132 Coi-raptionem
2593 1061 2767 1112 habuit
2810 1078 2914 1132 sua:
2957 1057 3170 1114 vesanite
3214 1062 3482 1132 subjugale
3524 1077 3711 1114 mutum

2161 1125 2249 1198 (11
2280 1125 2421 1198 Retr.
2458 1132 2538 1194 ii),
2573 1132 2707 1196 quod
2758 1132 2806 1181 in
2857 1131 3083 1184 hominis
3115 1146 3239 1184 voce
3283 1125 3506 1198 loquens
3539 1135 3712 1198 prohi-

2162 1195 2271 1250 biiit
2307 1195 2992 1265 Prophetasins'pientiam.
3029 1201 3243 1252 insanus
3271 1195 3465 1266 quippe
3499 1195 3654 1252 homo
3683 1219 3712 1254 ε

2158 1266 2415 1336 subjugali
2448 1278 2589 1319 muto
2630 1271 2931 1332 corripitur,
2958 1272 3168 1336 quando
3196 1272 3332 1322 elata
3366 1286 3514 1320 mens
3545 1272 3713 1322 humi-

2160 1335 2318 1388 litatis
2359 1338 2577 1397 bonum,
2605 1339 2742 1402 quod
2778 1348 2961 1391 tenere
2977 1335 3196 1399 debeat,
3229 1339 3294 1390 :ib
3322 1341 3518 1390 afﬂicta
3551 1355 3710 1392 carne

2159 1414 2504 1460 memoratur.
2536 1407 2636 1457 Sed
2693 1405 2846 1472 hujus
2879 1410 3227 1473 correptionis
3275 1407 3471 1459 donum
3521 1409 3713 1461 idcirco

2160 1473 2367 1525 Balaam
2424 1490 2528 1526 non
2574 1476 2820 1537 obtittuit,
2857 1477 2999 1541 quia,
3031 1478 3094 1527 ad
3128 1477 3548 1529 maleilieendum
3599 1494 3713 1542 per-

2154 1557 2305 1609 gens,
2326 1559 2525 1608 vocem,
2557 1561 2658 1596 non
2684 1555 2914 1597 mentem
2939 1547 3188 1609 mutavit;
3215 1547 3496 1598 consilium
3524 1549 3710 1611 quippe

2157 1612 2303 1665 dedit
2336 1613 2444 1680 regi
2479 1614 2681 1673 Balaac,
2718 1624 2770 1665 ut
2798 1615 3046 1667 mulieres
3086 1617 3137 1667 iii
3173 1615 3442 1668 meritorio
3469 1629 3708 1678 poneret,

2161 1692 2215 1733 et
2257 1692 2379 1735 ante
2417 1683 2604 1747 januas
2633 1698 2811 1734 earum
2842 1698 2984 1747 aras,
3019 1694 3073 1735 ut
3113 1687 3386 1736 venientes
3433 1685 3528 1737 filii
3563 1685 3710 1738 Israel

2156 1752 2296 1820 prius
2322 1752 2677 1820 sacrificarent
2704 1751 2880 1813 idolis,
2914 1763 2966 1804 et
2987 1754 3061 1804 sic
3085 1753 3490 1820 ingrederentur
3516 1755 3578 1804 ad
3606 1771 3711 1804 tnu-

2083 1839 2128 1898 Β
2160 1819 2336 1898 lieres.
2371 1819 2518 1898 [inde
2545 1831 2596 1874 et
2619 1820 2903 1898 fornicatur
2925 1820 3084 1898 Israel
3114 1819 3229 1874 cum
3253 1822 3459 1898 filiabus
3485 1823 3713 1898 stadia"?

2159 1887 2270 1968 S_ed.
2296 1890 2418 1968 quid
2454 1891 2691 1968 estquod
2722 1891 2820 1943 iste
2869 1890 3516 1968 BalaanipopulummDei
3565 1906 3710 1956 posse

2156 1957 2326 2027 decipi
2373 1968 2516 2012 certa
2561 1959 2764 2012 ratione
2803 1959 3020 2027 colligit,
3057 1957 3190 2012 dans
3239 1961 3518 2012 consilium
3563 1974 3615 2010 ut
3645 1977 3706 2011 ei

2157 2025 2245 2078 illa
2277 2039 2426 2092 parte
2481 2043 2581 2095 qua
2620 2027 2869 2080 inﬁrmari
2902 2025 3122 2082 noverat
3155 2030 3291 2082 filius
3321 2030 3501 2090 Israel,
3541 2035 3706 2092 perni-

2155 2097 2286 2148 ciosi
2315 2098 2392 2150 eis
2422 2098 2589 2163 laquei
2625 2098 2986 2159 tenderentur,
3013 2115 3116 2150 non
3145 2099 3390 2150 dubitans
3420 2113 3513 2150 eos
3541 2097 3707 2150 Olilatzi

2155 2165 2305 2231 copia
2336 2166 2646 2219 feminarum
2689 2165 3051 2220 fornicationis
3085 2168 3231 2220 ruina
3265 2169 3508 2234 protinus
3544 2169 3710 2230 lapsu-

2157 2248 2265 2298 ros,
2298 2237 2418 2299 quia
2458 2235 2896 2302 concupiscibiles
2931 2237 3138 2288 animos
3169 2253 3354 2289 eorum
3400 2239 3709 2302 prtesciehat

2153 2316 2271 2356 esse
2301 2314 2596 2367 corruptos.
2632 2303 2702 2357 Ita
2731 2321 2856 2372 ergo
2889 2321 3321 2372 unumquemque
3350 2317 3590 2356 nostrum
3626 2321 3710 2356 ne-

2153 2373 2330 2438 quitia:
2352 2373 2603 2440 spiritalis
2625 2385 2833 2427 versuta
2866 2376 3189 2442 malignitate
3218 2377 3268 2427 in
3304 2377 3469 2440 figura
3499 2375 3702 2424 Balaam

2157 2450 2480 2512 pertentant,
2509 2443 2611 2512 illis
2637 2445 2898 2510 prmcipue
2925 2444 3200 2496 atiectibiis
3225 2449 3414 2496 anim-.e
3443 2443 3701 2494 insidiosis

2155 2511 2340 2576 laqueo
2372 2511 2758 2578 praetendentes
2785 2513 2972 2578 quibus
3007 2527 3102 2566 nos
3128 2517 3394 2566 senserint
3425 2521 3699 2580 agrotare,

2156 2592 2231 2643 ut,
2265 2583 2408 2632 verbi
2457 2582 2646 2648 gratia,
2705 2595 2822 2632 cuin
2879 2582 3110 2634 viderint
3154 2581 3495 2634 rationabiles
3525 2582 3707 2632 anima:

2159 2657 2349 2700 nostrae
2382 2659 2552 2714 partes
2580 2664 2700 2704 esse
2732 2652 2957 2714 vitiatas,
2986 2652 3076 2703 illo
3104 2667 3199 2703 nos
3227 2651 3417 2704 ordine
3457 2650 3703 2717 decipere

2156 2721 2460 2772 moiiantitr.

2711 2808 2934 2862 CAPUT
2961 2808 3146 2862 X.\'lll.

2683 2895 2891 2948 Phineas
2921 2899 3173 2951 sacerdos.

2225 2984 2330 3038 Sed
2362 2983 2582 3038 Pliinees
2607 2988 2851 3040 sacerdos
2880 2989 3096 3048 zelatus,
3131 2999 3184 3040 ut
3235 2989 3440 3040 Domini
3474 2990 3700 3043 furorem

2159 3055 2407 3122 placaret,
2456 3055 2732 3109 Zanibreti‘t
2763 3057 2850 3124 qui
2895 3058 2958 3108 ad
3007 3068 3234 3109 scortum
3293 3059 3565 3125 ingressus
3599 3071 3699 3120 est,

2157 3126 2412 3192 arripiens
2451 3127 2746 3192 pugionem,
2796 3136 3044 3191 utrosque
3086 3129 3364 3192 tt'attsligil,
3401 3129 3704 3194 signitican.

2156 3209 2250 3261 per
2279 3209 2485 3246 crucem
2527 3195 2745 3256 Christi,
2804 3211 2904 3246 tiiiti
2960 3199 3126 3248 soloin
3179 3197 3553 3257 idololatriain,
3612 3199 3701 3248 Sed

2153 3264 2312 3317 etiam
2344 3279 2554 3315 omnem
2605 3265 2777 3315 carnis
2823 3262 3068 3317 allectum
3107 3265 3182 3318 vel
3225 3267 3703 3330 concupiscentiam

2153 3333 2308 3400 primi
2365 3335 2565 3396 saeculi,
2599 3343 2653 3384 et
2711 3345 2831 3385 tunc
2883 3335 3074 3400 placari
3130 3333 3318 3395 Deum,
3353 3336 3475 3385 dum
3535 3337 3706 3386 carnis

2153 3402 2504 3468 exstinguitur
2533 3402 2870 3470 desiderium.
2907 3405 3027 3454 Post
3071 3405 3180 3453 lizec
3219 3418 3427 3454 rursum
3483 3408 3702 3470 populiis

2153 3481 2478 3534 numeratur,
2507 3479 2559 3522 et
2593 3469 2809 3533 Levitr,
2831 3483 2904 3532 ut,
2939 3472 3227 3524 interfectis
3258 3473 3444 3536 primis
3475 3469 3700 3524 t'arttalt-

2154 3540 2272 3605 bus,
2303 3555 2464 3590 novus
2500 3542 2585 3591 Dei
2620 3543 2841 3607 populus
2868 3551 3165 3600 censeatur,
3195 3542 3280 3606 qui
3332 3557 3421 3606 per
3454 3542 3702 3594 Jordanis

2154 3609 2468 3674 baptisuitiiti
2496 3618 2746 3673 transeat,
2779 3619 2834 3662 et
2884 3611 3111 3663 caelestis
3146 3609 3475 3663 [hereditatis
3523 3628 3704 3679 repro-

2153 3679 2456 3730 missionem
2491 3680 2765 3745 percipiat.

2709 3768 2931 3823 CAPUT
2963 3769 3145 3822 XXIV.

2683 3860 2936 3914 Numerus
2963 3863 3156 3928 populi.

2225 3952 2388 4003 Porro
2414 3951 2550 4019 quod
2574 3963 2818 4005 sexcenta
2849 3950 3005 4004 millia
3033 3963 3357 4006 armatorum
3383 3955 3450 4008 de
3478 3954 3703 4023 τεθνειιο

2154 4032 2497 4074 n..merantur
2524 4035 2755 4089 egressa,
2802 4031 2855 4073 et
2880 4037 2945 4074 ex
2994 4023 3121 4088 ipsis
3155 4039 3258 4076 non
3290 4033 3413 4076 sunt
3453 4025 3700 4090 amplius,

2153 4091 2467 4162 iiuamﬂduo
2501 4102 2701 4142 tantum
2747 4101 2939 4144 terram
2981 4093 3410 4162 repromissionis
3458 4093 3702 4162 ingressi,

2155 4159 2265 4210 lucc
2313 4160 2474 4223 ligura
2523 4162 2848 4213 demonstrat
2891 4161 3078 4212 multos
3134 4176 3225 4224 per
3273 4159 3591 4228 baptismum
3641 4164 3702 4214 ad

2156 4228 2307 4279 fidem
2341 4229 2581 4288 transire,
2608 4230 2698 4279 sed
2726 4229 2789 4297 ad
2825 4231 3040 4293 pitriain
3067 4232 3338 4284 caelestem
3371 4233 3521 4284 valde
3575 4245 3703 4297 pan-

2154 4297 2394 4347 cissinios
2423 4299 2711 4363 pervenire.
2729 4296 3025 4350 Secundum
3051 4301 3192 4349 illam
3219 4303 3434 4365 figuram
3460 4302 3510 4351 in
3534 4296 3702 4351 Evauo

2155 4366 2309 4431 getio,
2344 4367 2392 4416 in
2441 4381 2538 4432 qua
2581 4367 2722 4417 ntulti
2751 4368 2933 4425 vocati,
2975 4371 3122 4430 pauci
3151 4377 3316 4419 autem
3365 4371 3700 4422 inveniuntur

2157 4437 2298 4485 ιιιεειὶ
2322 4433 2533 4503 (Matth.
2571 4439 2684 4500 xx).
2707 4436 2856 4502 Quod
2887 4451 3011 4490 vero
3035 4436 3140 4489 duo
3173 4448 3370 4490 tantum
3397 4439 3704 4506 ingrediun-

581 4505 988 4578 Qiiadragcsima
1020 4507 1244 4578 secunda
1277 4511 1480 4561 mansio
1508 4520 1588 4563 est
1635 4510 1684 4562 iii
1734 4514 2042 4578 eanipestri-
2076 4498 2130 4557 Ι)
2157 4514 2257 4568 tur,
2292 4498 2382 4578 ait!
2427 4498 2654 4578 promer
2690 4498 2783 4557 eos
2816 4507 2902 4578 qui
2927 4521 3004 4578 ex
3054 4514 3274 4574 utroque
3317 4498 3510 4576 populi)
3557 4509 3706 4578 regni

514 4572 610 4628 bus
640 4574 789 4635 )loab
817 4588 988 4646 super
1019 4575 1322 4636 Jordanem,
1358 4578 1503 4646 juxta
1534 4579 1766 4641 Jerielio,
1799 4572 1882 4634 ubi
1916 4584 1946 4634 li
1968 4599 2054 4635 ιε-

517 4653 643 4716 runt
667 4643 936 4716 tentoriaa
962 4643 1115 4716 domo
1139 4643 1434 4700 Solitiidiiiis
1461 4664 1625 4716 usque
1648 4653 1710 4702 ad
1741 4651 2046 4705 Belsacliatn

518 4714 566 4764 iii
599 4713 810 4778 planitie
865 4712 1032 4786 Moab.
1091 4712 1142 4764 In
1191 4712 1579 4786 quadragesima
1631 4721 1883 4781 secunda,
1932 4738 2048 4786 qua:

509 4793 742 4834 extiema
793 4781 996 4855 mansio
1049 4795 1145 4855 est,
1193 4784 1430 4855 quietiam
1479 4787 1701 4852 qualiter
1749 4790 1852 4840 sint
1902 4781 2047 4855 gesta

514 4864 802 4902 narremus.
838 4850 1040 4922 Sedens
1083 4854 1130 4903 in
1163 4869 1220 4904 ea
1253 4854 1474 4919 pupulus
1497 4850 1540 4905 ιι
1591 4855 1767 4909 divino
1817 4850 2046 4922 Balaam,

511 4933 666 4992 quem
706 4921 947 4992 mercede
973 4922 1292 4992 conduxerat
1328 4924 1533 4991 Balaac,
1568 4924 1657 4978 Dei
1692 4927 1840 4992 jussu
1887 4927 2048 4979 bene-

510 4989 721 5046 ilicitur,
745 4997 806 5061 _e_t
841 4990 1137 5061 nia‘lediCiio
1169 5006 1395 5046 mutatur
1441 4995 1490 5046 in
1523 4989 1741 5049 laudes.
1787 4995 1888 5048 Sed
1925 4997 2044 5061 quid

509 5068 590 5112 cst
619 5058 754 5132 quod
786 5057 885 5132 iste
916 5058 1143 5132 Balaam,
1177 5062 1296 5112 dum
1333 5065 1602 5127 pervenire
1621 5066 1686 5116 ad
1726 5057 2044 5132 propositum

514 5127 769 5203 tenderet,
796 5129 1069 5203 _asitia‘_cui
1113 5132 1443 5194 praesidebat,
1474 5136 1596 5187 dum
1629 5127 1844 5186 vidisset
1889 5151 2047 5203 attge-

514 5199 639 5257 lum,
672 5198 916 5264 loquitur.
951 5198 1077 5261 Quae
1104 5208 1185 5251 est
1230 5203 1367 5253 enini
1402 5203 1512 5256 haec
1551 5205 1718 5266 asina,
1755 5205 1850 5257 nisi
1899 5198 2046 5256 biina

510 5268 800 5334 gentilitas,
831 5284 986 5336 quam
1041 5270 1297 5330 quondam
1331 5271 1565 5335 Balaam,
1596 5274 1644 5324 id
1673 5283 1771 5333 est,
1803 5274 2048 5326 seductor

514 5338 833 5401 idololatriae,
886 5338 1032 5404 quasi
1085 5339 1291 5388 brutum
1336 5342 1526 5392 animal
1570 5350 1621 5391 et
1665 5345 1800 5394 nulla
1849 5347 2046 5394 ratione

510 5407 743 5460 renitens
797 5407 1138 5472 pwnitentim,
1169 5421 1274 5474 quo
1315 5410 1472 5461 voluit
1520 5422 1701 5462 errore
1742 5412 2045 5464 substravit.

513 5476 612 5526 bed
647 5478 738 5528 ista
773 5476 1014 5541 angelum
1060 5476 1150 5529 Dei
1185 5478 1313 5528 Vidit
1351 5495 1504 5544 quem
1549 5479 1707 5530 homo
1736 5480 1910 5532 videre
1943 5497 2044 5532 non

513 5547 692 5606 potuit.
727 5544 792 5596 Et
831 5546 958 5596 vidit
990 5558 1037 5596 et
1072 5545 1276 5605 detulit,
1302 5548 1548 5600 et.locuta
1580 5557 1681 5606 est.
1715 5559 1768 5600 ut
1793 5563 2046 5615 agnosce-

511 5629 686 5667 retitus
710 5615 1093 5683 posterioribus
1123 5617 1441 5685 temporibus
1485 5618 1582 5672 sub
1608 5617 1837 5670 adventu
1873 5621 2042 5685 inagtii

511 5686 678 5750 angeli
711 5688 798 5736 Dei
844 5685 1089 5753 gentileni
1146 5684 1282 5736 illam
1336 5688 1559 5753 plebem,
1610 5696 1804 5738 mutata
1851 5684 2043 5739 duritia

513 5754 836 5820 stoliditatis,
863 5755 1046 5808 solutis
1075 5752 1176 5810 Dco
1206 5752 1390 5824 linguis
1410 5759 1720 5822 locuturum,
1748 5755 1815 5808 ita
1846 5767 1899 5810 ut
1929 5773 2042 5826 qua:

2151 4595 2166 4625 ι
2183 4575 2379 4626 mlestis
2399 4574 2774 4642 proniissiones
2798 4576 3284 4639 adipiscuiitnr;aut
3312 4574 3526 4643 propter
3555 4575 3703 4632 illos.

2150 4649 2234 4711 qui
2285 4657 2376 4707 per
2422 4648 2550 4714 duas
2593 4646 2700 4695 vias
2748 4645 2967 4695 actionis
3023 4655 3073 4696 et
3129 4646 3596 4714 contemplationis
3636 4652 3702 4696 ad

2150 4723 2396 4763 aeternam
2437 4713 2812 4764 beatitudinem
2848 4716 3306 4778 prtedesmiatitur.

2705 4821 2928 4876 CAPUT
2983 4824 3143 4876 XXV.

2602 4912 2831 4979 Quinque
2861 4914 2955 4978 ﬁlii
2988 4914 3240 4982 Salphad.

2232 5000 2560 5074 Interpellant
2589 5005 2777 5057 deliine
2801 5005 3030 5071 quinque
3058 5006 3177 5057 lilia:
3199 5007 3451 5074 Salpliad,
3478 5019 3531 5060 et
3555 5006 3708 5072 judi-

2149 5071 2231 5122 cio
2273 5071 2360 5140 Dei
2403 5076 2756 5125 ha’reditatein
2809 5074 3072 5138 accipiunt
3128 5086 3263 5128 inter
3295 5071 3492 5128 'tratres
3539 5071 3706 5140 suos,

2151 5139 2398 5210 neclegis
2447 5142 2592 5205 plebs
2621 5146 2686 5194 ab
2719 5142 2985 5208 Evangelii
3021 5158 3352 5210 possessmne
3377 5139 3701 5197 excluditur.

2152 5207 2356 5261 Deinde
2386 5210 2539 5264 Jesus
2563 5211 2722 5277 Moysi
2749 5213 2797 5262 in
2828 5207 3006 5264 monte
3021 5207 3284 5277 succedit,
3314 5225 3369 5266 et
3399 5215 3554 5264 discit
3582 5231 3704 5278 qua:

2149 5279 2453 5349 spiritaliter
2477 5285 2662 5331 debeat
2685 5279 2859 5331 titlerri
2885 5283 2933 5331 iii
2958 5281 3210 5345 Ecclesia;
3231 5286 3328 5349 legi
3351 5283 3492 5334 enim
3516 5297 3704 5334 succe-

2148 5348 2230 5397 dit
2261 5348 2614 5416 livangelium,
2649 5349 2822 5414 ibique
2851 5349 2932 5403 lex
2966 5353 3205 5406 facienda
3236 5348 3495 5419 prmcepta
3519 5352 3710 5405 admo-

2151 5426 2236 5466 net
2266 5430 2318 5469 et
2345 5418 2510 5486 gratia
2535 5422 2783 5485 complet.

2700 5508 2918 5562 CAPUT
2961 5509 3144 5562 XXVI.

2642 5596 2837 5672 Genera
2881 5597 3208 5652 oblationem.

2222 5686 2450 5759 l’i'itnmu
2480 5691 2687 5759 quidem
2722 5689 2844 5759 quid
2883 5687 3070 5759 ollerri
3112 5688 3296 5740 debeat
3339 5705 3429 5754 per
3458 5691 3707 5753 singulos

2225 5704 2360 5738 l't'illl
2423 5705 2450 5739 ιι
2480 5704 2687 5759 quidem
2722 5704 2844 5755 quin
2892 5704 3070 5739 onerri
3112 5704 3296 5740 ueneat
3339 5705 3429 5754 per
3458 5704 3707 5753 singulos

2148 5755 2262 5831 de.
2291 5704 2519 5882 z/déiiinc
2553 5759 2673 5830 quid
2706 5759 2757 5810 iu
2804 5757 3035 5810 Salibato
3069 5768 3280 5826 propter
3327 5774 3473 5827 spem
3504 5770 3709 5826 quietis
