3914 6228
461 381 566 437 διδ

855 379 1053 435 usus:
1092 378 1532 436 VENERABIIJS
1570 383 1845 453 OPIZRUM
1887 363 1983 436 ml

2098 383 2162 438 ll.
2202 384 2390 441 SECT.
2431 387 2471 442 1.
2513 418 2580 430 -
2618 390 2822 448 υυΒιΑ
2864 390 2948 446 ΕΤ
2992 388 3257 446 SPURIA.

2126 209 2139 254 ἰ

462 491 694 568 dumi-um
726 487 1004 568 multitudo
1031 487 1262 568 subjecta
1303 498 1401 550 est,
1436 490 1603 568 donec
1651 492 1984 568 intellectuali
2015 497 2060 551 Α
2092 494 2268 568 derata
2301 499 2584 565 increpatio
2615 503 2727 568 plus
2779 517 2933 566 quam
2981 503 3158 555 debuit
3202 499 3418 555 addicit.
3456 501 3557 553 Sed
3590 505 3636 555 is

457 558 684 627 Egypto
712 564 1112 629 commoratur._
1134 559 1186 609 Si
1234 569 1401 609 autem
1452 559 1822 629 abrenuntiatis
1870 564 1986 629 quis

460 631 703 695 egressus
730 628 918 678 exinde
964 642 1054 696 per
1087 626 1174 677 Dei
1205 629 1421 692 gatiam
1454 628 1516 679 ad
1549 643 1782 681 eremum
1813 626 1998 696 ρθιίνθ-

463 696 588 747 Iit-rit
611 696 920 762 spiritalem,
945 695 1008 746 de
1032 695 1420 757 immgnatione
1441 699 1592 747 trium
1617 701 1849 753 gentium
1878 699 2001 750 libe-

457 777 616 822 rnus,
642 776 818 816 contra
848 771 1046 831 septem
1069 776 1301 835 tantum,
1325 780 1441 832 «μω
1472 783 1562 832 per
1595 767 1808 835 Moysen
1840 768 1997 820 diuu-

454 844 743 898 tnerantur,
778 835 908 888 bella
939 834 1209 898 suscipiat.

1008 962 1227 1018 CAPUT
1266 961 1446 1016 XVIII.

846 1075 922 1128 De
957 1076 1158 1128 muliere
1194 1087 1340 1144 capta
1377 1077 1428 1129 in
1465 1075 1613 1129 bello.

531 1183 611 1250 Si,
635 1184 822 1250 inquit,
844 1185 1023 1237 exieris
1043 1185 1108 1235 ad
1129 1184 1312 1238 bellum
1338 1195 1512 1238 contra
1541 1186 1769 1238 inimicos
1795 1195 1927 1253 tuos,
1951 1197 2000 1242 et

452 1254 634 1308 videris
664 1254 918 1306 mulierem
961 1255 1192 1306 decorant
1213 1254 1396 1318 specie,
1437 1265 1485 1306 et
1524 1256 1834 1319 concupieris
1859 1274 1992 1323 eam,

451 1323 578 1376 rade
607 1337 774 1374 omnes
799 1323 932 1392 pilos
951 1325 1127 1388 capitis
1149 1326 1278 1390 ejus,
1306 1334 1352 1376 et
1373 1324 1588 1388 ungulas
1610 1325 1718 1392 ejus
1745 1337 1792 1378 et
1820 1328 1994 1380 indues

451 1408 558 1446 eam
585 1391 876 1460 lugubribus
905 1392 1206 1444 indumentis
1237 1406 1256 1444 :
1287 1399 1335 1444 et
1357 1393 1543 1445 sedebit
1569 1391 1790 1446 indonto
1818 1397 1996 1462 lugens

456 1468 646 1528 patrem
689 1476 837 1511 suum
868 1469 914 1511 rt
961 1469 1169 1513 matrem
1211 1477 1352 1513 suam
1400 1471 1447 1512 et
1486 1463 1693 1514 domum
1738 1472 1995 1527 paternam

452 1544 620 1592 suam,
650 1537 695 1579 et
720 1537 830 1597 post
859 1529 1063 1595 triginta
1087 1529 1194 1581 dies
1212 1531 1304 1581 erit
1330 1530 1418 1581 tibi
1442 1546 1588 1582 uxor.
1619 1531 1802 1584 Dicant
1828 1533 1993 1586 Judati

452 1598 713 1669 quomodo
741 1598 875 1669 apud
906 1612 995 1669 eos
1024 1603 1118 1650 ista
1148 1606 1443 1669 serventur.
1486 1598 1618 1664 Quid
1648 1613 1841 1665 causa,
1871 1605 1993 1669 quid

453 1668 803 1740 ratio_nis__es_t_,
847 1667 1123 1740 decalvare
1170 1667 1464 1730 mulierem,
1513 1669 1833 1740 etiungulas
1879 1667 1994 1740 ejus

455 1732 709 1788 abscindi.
749 1734 902 1788 Verbi
927 1750 1083 1788 causa
1114 1750 1366 1801 ponamus
1395 1737 1532 1804 quod
1559 1739 1600 1789 si
1632 1732 1711 1790 ita
1738 1732 1994 1793 invenerit

2105 565 2190 638 qui
2223 566 2428 621 incaute
2461 570 2594 635 ligna
2617 565 2863 638 percutit,
2906 581 2958 625 et
2989 574 3275 637 proximum
3324 571 3638 638 exstinguit,

2104 635 2319 705 ad‘tres
2351 651 2563 690 necesse
2609 635 2690 693 est
2729 643 2883 693 urbes
2922 635 3102 705 fugiat,
3139 651 3192 693 ut
3241 641 3290 694 in
3324 656 3422 692 una
3453 635 3632 692 ea'rum'

2103 702 2349 757 defensus
2376 707 2546 759 vivat:
2587 711 2670 774 qui
2698 709 2741 762 si
2772 710 2834 762 ad
2885 702 3201 775 pmnitentiat
3233 711 3459 761 lamenta
3506 724 3636 763 con-

2105 785 2288 825 versus
2319 775 2367 843 in
2417 777 2613 830 unitate
2637 780 2948 831 sacramenti
2975 780 3074 831 sub
3101 794 3211 843 spe,
3245 779 3344 832 ﬁde
3381 787 3433 830 et
3469 781 3637 831 ριιπὶο

2106 847 2235 906 tate,
2289 842 2646 914 absconditur,
2709 862 2829 900 reus
2887 846 3166 914 perpetrati
3217 847 3479 899 homicidii
3535 863 3635 900 non

2104 918 2328 962 tenetur.
2362 913 2525 976 Quem
2581 917 2820 968 exstincti
2874 913 3141 981 proximus
3183 933 3299 969 cum
3361 919 3634 976 invenerit,

2104 993 2207 1030 non
2235 982 2420 1052 occidit
2453 999 2467 1034 :
2506 983 2623 1049 quia
2666 999 2784 1037 cum
2815 987 3080 1039 districtus
3119 986 3274 1052 judex
3301 986 3506 1036 venerit
3547 988 3630 1048 qui

2102 1051 2336 1121 senatus
2386 1066 2475 1114 per
2503 1062 2698 1105 natura:
2742 1057 3062 1107 consnrtium
3089 1051 3283 1121 juuxit',
3326 1056 3393 1108 ab
3421 1069 3483 1106 eo
3514 1069 3628 1116 pro-

2102 1116 2184 1167 cul
2210 1119 2374 1191 dubio
2405 1121 2569 1191 culpae
2601 1131 2796 1174 reatum
2834 1139 2934 1174 non
2960 1116 3176 1190 expetit,
3206 1137 3362 1191 quem
3404 1123 3502 1176 Sub
3527 1123 3637 1191 ejus

2103 1187 2253 1239 venia
2285 1202 2426 1255 spes,
2462 1189 2590 1242 ﬁdes
2619 1201 2672 1242 t-t
2698 1193 2927 1244 charitas
2967 1187 3258 1254 abscondit.

2677 1280 2898 1335 CAPUT
2938 1281 3052 1336 XX.

2410 1366 2488 1420 De
2525 1369 2799 1432 pollutione
2847 1373 3028 1423 suntnii
3078 1373 3328 1422 nocturni.

2172 1456 2232 1511 Si
2258 1459 2405 1525 fuerit
2430 1460 2556 1510 inter
2583 1476 2663 1512 vos
2695 1463 2840 1511 homo
2861 1462 2946 1525 qui
2972 1470 3211 1512 nocturno
3240 1464 3464 1523 pollutus
3495 1476 3638 1511 sout-

2100 1527 2183 1579 nio
2211 1530 2291 1590 sit,
2336 1530 2616 1596 egredietur
2662 1546 2805 1583 cura
2854 1541 3055 1591 castra,
3085 1539 3130 1581 et
3183 1546 3283 1581 non
3328 1540 3638 1593 revertetur,

2103 1599 2389 1663 priusquam
2415 1597 2481 1648 ad
2506 1613 2756 1664 vesperam
2785 1600 2976 1652 lavetur
3017 1616 3166 1667 aqua,
3195 1610 3241 1652 et
3267 1608 3376 1667 post
3406 1599 3535 1650 solis
3562 1615 3646 1651 oc-

2100 1680 2269 1716 casum
2296 1668 2601 1735 regredietur
2645 1671 2698 1722 in
2744 1679 2926 1722 castra.
2967 1668 3300 1721 Nocturnum
3342 1671 3535 1734 quippe
3564 1681 3643 1721 est

2099 1735 2362 1805 somnium
2388 1737 2604 1788 tentatio
2633 1740 2860 1799 occulta,
2897 1753 2987 1802 per
3007 1753 3159 1805 quam
3192 1738 3469 1789 tenebrosa
3495 1737 3639 1805 ctuti:

456 1818 570 1856 eam
595 1804 636 1878 is
664 1805 750 1870 qui
773 1805 973 1878 dicitur
1000 1797 1281 1878 inve-uisse,
1308 1813 1364 1857 ut
1391 1797 1559 1878 neque
1581 1807 1794 1878 capillos
1824 1824 1992 1876 neque
2025 1820 2068 1878 Β
2102 1803 2300 1878 talione
2325 1813 2473 1869 turpe
2499 1806 2687 1870 aliquid
2714 1797 2872 1878 corde
2899 1797 3220 1878 concipitur,
3257 1809 3398 1872 quod
3454 1797 3651 1856 tamen.

456 1872 672 1940 ungulas
705 1874 911 1944 habeat,
943 1873 1278 1944 quidhabuit
1320 1874 1457 1944 quod
1496 1876 1780 1927 secundum
1825 1872 1992 1944 legem

450 1943 659 1994 demere
683 1942 979 1994 videretur?
1001 1942 1158 1994 Nobis
1182 1958 1304 1996 vero
1327 1943 1512 2008 quibus
1540 1945 1722 1997 militia
1744 1942 1994 2010 spiritalis

451 2019 550 2072 est,
578 2018 630 2061 et
655 2024 799 2061 arma
830 2026 930 2062 non
959 2011 1206 2077 carnalia,
1231 2013 1320 2066 sed
1349 2014 1542 2078 potenti
1569 2029 1596 2063 a
1620 2012 1745 2070 Deo.
1771 2014 1815 2066 si
1837 2016 1994 2068 deco-

455 2094 561 2129 rum
594 2078 894 2149 mulierem,
917 2079 964 2132 id
989 2091 1068 2133 est
1089 2083 1336 2143 animam,
1362 2097 1478 2147 qua:
1500 2099 1526 2132 a
1554 2082 1658 2145 Deo
1680 2083 1890 2149 pulchra
1913 2093 1994 2138 est

451 2155 645 2209 creata,
666 2148 716 2199 in
741 2148 917 2214 gentili
940 2152 1335 2202 conversatione
1357 2148 1710 2203 invenerimus
1727 2161 1780 2204 et
1801 2153 1990 2206 sociari

449 2216 768 2297 voluerimus
788 2232 903 2297 eam
932 2219 1137 2297 corpori
1168 2217 1383 2296 Christi,
1411 2219 1652 2297 deposito
1681 2220 1989 2297 idololatriae

444 2284 602 2344 cultu,
621 2286 846 2336 induitur
863 2286 1164 2353 lugubribus
1189 2284 1510 2352 pmoitentiiz
1535 2288 1877 2352 indumentis,
1893 2291 1988 2344 de-

447 2355 719 2420 ploratque
745 2365 940 2418 patrem
962 2367 1013 2407 et
1036 2366 1275 2418 matrem,
1297 2356 1393 2409 hoc
1417 2369 1519 2419 est,
1544 2373 1750 2410 omnem
1783 2374 1986 2411 memo-

445 2421 575 2491 riam
601 2423 777 2474 tnundi
807 2424 1022 2491 ejusque
1048 2425 1286 2477 carnales
1309 2425 1601 2478 illecebras.
1630 2426 1825 2479 Deinde
1843 2429 1988 2481 verbi

444 2489 537 2562 Dei
562 2493 815 2562 novacula
846 2503 896 2544 et
926 2489 1162 2545 doctrina
1193 2509 1348 2547 mune
1372 2504 1640 2562 peccatum
1668 2494 1989 2551 inlidelitatis

439 2557 574 2626 ejus,
610 2561 748 2627 quod
781 2570 1043 2613 mortuum
1085 2571 1140 2614 et
1168 2561 1326 2615 inane
1371 2557 1471 2624 eet,
1522 2564 1822 2617 abradatur.
1877 2566 1987 2620 Hoc

441 2628 580 2701 enim
615 2636 739 2680 sunt
779 2629 954 2696 capilli
985 2632 1173 2701 capitis
1201 2642 1253 2684 et
1281 2633 1487 2701 ungulae
1518 2633 1754 2686 mulieris
1787 2652 1799 2685 :
1830 2643 1987 2701 atque

443 2697 512 2746 ita
541 2697 756 2768 demum
789 2699 1032 2768 salutaris
1061 2699 1250 2753 lavacri
1280 2697 1417 2752 unda
1451 2702 1723 2763 puriﬁcata
1750 2697 1982 2768 jungitur

445 2767 639 2817 sanctis
670 2765 781 2836 Dei,
806 2767 1008 2836 scilicet
1033 2782 1151 2820 cum
1191 2768 1298 2836 jam
1345 2769 1470 2820 nihil
1521 2770 1572 2821 in
1619 2765 1792 2835 capite
1845 2765 1986 2825 inor-

442 2841 606 2896 tuum,
639 2835 762 2886 nihil
801 2835 851 2886 in
880 2836 1119 2888 manibus
1147 2835 1206 2887 ett
1235 2836 1337 2888 illis
1361 2851 1473 2903 quat
1503 2852 1593 2902 per
1620 2838 1980 2893 inﬁdelitatem

448 2905 673 2973 mortiva
713 2907 993 2970 ducuntur,
1037 2905 1298 2968 habuerit,
1332 2918 1384 2957 ιιι
1429 2921 1595 2973 neque
1625 2909 1868 2961 sensibus
1902 2911 1982 2963 vel

439 2973 642 3025 actibus
664 2971 986 3025 immundum
1010 2973 1205 3039 aliquid
1228 2983 1318 3028 aut
1341 2971 1601 3028 mortuum
1629 2986 1796 3042 gerat.
1823 2977 1975 3042 Quod

443 3054 569 3092 vero
600 3048 718 3106 post
748 3042 956 3108 triginta
987 3043 1101 3096 dies
1121 3043 1267 3109 jubet
1311 3059 1425 3096 eam
1474 3043 1590 3095 duci
1642 3049 1691 3097 in
1739 3061 1976 3110 uxorem,

444 3109 673 3184 ternario
714 3125 935 3184 namque
957 3125 1035 3184 ac
1072 3113 1287 3165 denario
1319 3126 1537 3184 n_umero
1565 3114 1699 3184 lldes
1741 3129 1978 3184 opusque

442 3178 785 3250 signiﬁcatur.
821 3180 919 3250 Per
949 3180 1104 3234 ﬁdem
1159 3196 1287 3250 ergo
1336 3181 1607 3235 Trinitatis
1655 3178 1810 3249 atque
1853 3178 1985 3248 opus

444 3247 572 3314 legis
596 3260 735 3302 recte
749 3249 1001 3320 sociatur.
1019 3247 1351 3320 Quatcunque
1374 3265 1504 3320 vero
1518 3252 1690 3305 anima
1714 3247 1984 3319 lsraelitte,

446 3322 654 3382 corpori
686 3318 890 3388 scilicet
926 3319 1118 3371 Clll’tall
1147 3318 1445 3382 adhaerens,
1497 3319 1570 3373 illi
1601 3322 1714 3373 sine
1760 3318 1982 3388 macula,

444 3388 745 3456 sinceritate
776 3386 917 3449 lidei,
943 3396 995 3439 et
1021 3401 1230 3441 actuum
1257 3391 1498 3455 puritate.
1538 3391 1637 3440 Alii
1670 3386 1986 3456 putaverunt

447 3454 581 3526 hanc
612 3455 883 3526 mulierem
913 3456 1102 3526 decora
1132 3454 1308 3522 specie
1347 3454 1708 3512 rationabilem
1757 3461 1984 3526 aliquam

441 3523 771 3595 disciplinam
802 3523 1116 3590 signiﬁcare,
1149 3543 1267 3594 qua:
1315 3530 1578 3595 sapienter
1604 3529 1739 3580 dicta
1784 3523 1984 3582 iuveni-

446 3599 529 3643 tur
569 3593 705 3656 apud
745 3595 995 3665 gentiles.
1048 3593 1190 3650 lianc
1235 3593 1389 3664 igitur
1439 3613 1467 3649 a
1517 3598 1667 3648 nobis
1723 3609 1983 3665 repertam

443 3670 651 3727 oportet
681 3663 900 3724 primum
933 3664 999 3718 de
1027 3677 1088 3717 ea
1135 3663 1340 3719 sulci-re
1384 3675 1436 3718 et
1484 3680 1722 3719 resecare
1772 3663 1981 3722 omnem

445 3732 838 3797 sitperstittonis
861 3736 973 3795 ejus
1018 3735 1419 3796 immunditiam,
1446 3744 1497 3787 et
1523 3735 1596 3786 sic
1629 3749 1743 3788 eam
1776 3736 1825 3787 in
1867 3746 1982 3789 stu-

441 3799 528 3850 dio
561 3799 790 3852 veritatis
819 3813 1106 3854 assumere.
1141 3803 1278 3856 Nihil
1310 3803 1446 3856 enim
1490 3805 1740 3856 mundum
1788 3806 1979 3858 habent

443 3867 735 3933 disciplina:
764 3870 1057 3935 gentilium,
1090 3874 1210 3938 quia
1257 3873 1399 3925 nulla
1440 3874 1575 3938 apud
1627 3873 1864 3928 inﬁdeles
1893 3891 1982 3927 sa-

445 3938 632 4010 pientia
656 3949 736 4010 est
763 3941 845 3991 cui
875 3939 1204 3995 immunditia
1236 3943 1407 4010 aliqua
1438 3943 1518 3995 vel
1549 3946 1852 4008 supetstttio
1878 3960 1980 3998 non

445 4011 510 4059 ait
547 4009 794 4061 admixta.

1002 4100 1222 4168 CAPUT
1262 4102 1402 4158 XIX.

522 4207 598 4261 De
634 4225 689 4262 eo
727 4211 847 4279 quid
883 4210 1128 4279 signiﬁcet
1162 4218 1346 4270 securis
1382 4234 1408 4270 e
1443 4218 1704 4269 manubrio
1739 4215 1905 4281 lapsa.
1992 4238 2002 4252 -

506 4319 633 4372 illud
653 4333 824 4376 autem
854 4324 973 4394 quid
997 4324 1252 4394 signiﬁcat
1277 4327 1412 4392 quod
1438 4327 1688 4378 Dominus
1718 4340 1808 4391 per
1829 4326 1977 4394 Moy-

436 4404 529 4461 sen
565 4395 804 4461 p_ra~cepit
835 4389 1013 4446 dicens
1039 4389 1068 4448 τ’
1095 4395 1152 4448 Si
1181 4389 1305 4461 quisi
1336 4396 1512 4447 abierit
1553 4411 1664 4446 cum
1694 4389 1853 4446 amico
1881 4389 1973 4445 suo

2096 1872 2332 1938 corporis
2357 1887 2514 1939 opere
2544 1890 2647 1928 non
2692 1877 2949 1937 expletur.
2984 1876 3086 1930 Sed
3132 1878 3336 1927 somnio
3384 1885 3640 1925 nnclltt'ltt)

2096 1941 2324 2012 pollutus
2353 1953 2498 1994 etttra
2541 1954 2711 1999 castra
2741 1947 3041 2012 praecipitur
3077 1943 3278 2012 egredi,
3311 1944 3430 2010 φὶς)
3467 1945 3641 1994 γὶιίοιιή-

2093 2010 2420 2081 cet_dignum
2444 2020 2523 2065 est
2547 2021 2602 2066 ut
2623 2015 2708 2080 qui
2738 2010 3000 2066 immunda
3030 2010 3347 2081 cogitatione
3373 2014 3641 2076 polluitur,

2094 2077 2364 2150 indignum
2395 2094 2454 2150 se
2503 2077 2814 2136 cunctorum
2850 2083 3074 2137 ﬁdelium
3103 2077 3457 2136 societatibus
3505 2083 3642 2132 arbi-

2095 2149 2299 2200 tretur:
2331 2149 2502 2216 culpa:
2531 2166 2639 2203 sua:
2690 2152 2931 2204 meritum
2988 2164 3110 2205 ante
3154 2153 3332 2204 t-Cttlos
3367 2159 3545 2213 ponat,
3596 2163 3644 2201 et

2090 2229 2156 2269 ex
2185 2217 2440 2271 bonorum
2479 2233 2538 2271 se
2583 2222 2974 2273 existimatione
3028 2221 3302 2285 despiciat.
3385 2219 3642 2272 Poltntum

2093 2300 2220 2352 ergo
2245 2295 2391 2339 extra
2416 2297 2583 2340 castra
2615 2290 2760 2342 exire
2790 2299 2869 2342 est
2897 2290 3034 2356 turpi
3067 2290 3460 2355 impugnatione
3485 2289 3640 2338 labo-

2091 2356 2227 2408 ranti
2254 2370 2372 2408 sese
2409 2371 2472 2409 ex
2512 2359 2889 2412 continentium
2922 2362 3314 2421 comparatione
3345 2359 3639 2421 despitrre.

2089 2423 2188 2488 Qui
2218 2425 2284 2477 ad
2314 2437 2585 2492 vesperum
2612 2441 2741 2493 aqua
2771 2429 2989 2488 lavatur,
3031 2443 3148 2478 cum
3194 2428 3459 2478 delectum
3491 2441 3637 2476 suum

2088 2494 2419 2562 conspiciens
2455 2495 2518 2546 ad
2567 2497 2887 2562 paenitentiae
2929 2498 3155 2548 lamenta
3206 2495 3558 2552 convertitur,
3586 2505 3637 2544 ut

2088 2559 2300 2615 ﬂetibus
2325 2561 2489 2615 diluat
2512 2559 2668 2617 omne
2696 2566 2833 2631 quod
2862 2566 3084 2618 amicum
3116 2565 3319 2616 occulta
3351 2563 3636 2626 inquinatio

2086 2639 2298 2699 accusat
2327 2646 2342 2684 :
2369 2631 2461 2684 sed
2493 2641 2604 2698 post
2633 2634 2753 2685 salis
2782 2648 3011 2686 occasum
3035 2635 3100 2685 ad
3128 2642 3293 2685 castra
3322 2634 3517 2696 redeat,
3546 2632 3637 2699 qui

2087 2698 2483 2755 deiervescente
2513 2703 2813 2755 tentationis
2845 2705 3049 2762 ardore,
3103 2717 3314 2755 necesse
3337 2711 3417 2754 est
3450 2713 3507 2753 ut
3538 2698 3634 2754 ite-

2086 2783 2202 2821 rum
2264 2770 2504 2822 ﬁduciam
2549 2785 2667 2838 erga
2709 2773 2976 2824 societatis
3023 2772 3212 2824 bonum
3266 2781 3459 2822 Slltllnl.
3518 2771 3634 2822 [‘ost

2085 2850 2273 2905 aquam
2299 2838 2492 2905 quippe
2518 2842 2864 2895 occumbente
2889 2843 3001 2895 sole
3030 2843 3092 2893 ad
3127 2851 3295 2894 castra
3328 2842 3628 2900 revertitur,

2083 2904 2203 2978 qnia
2257 2904 2625 2978 postilamenta
2672 2911 2987 2978 ptenitentiaa
3041 2912 3351 2976 frigescente
3401 2910 3630 2965 [lat-ima,

2081 2975 2416 3042 cogitationis
2448 2978 2642 3032 illicita:
2671 2975 2736 3032 ad
2771 2980 2999 3033 ﬁdelium
3046 2975 3227 3031 merita
3260 2979 3629 3046 praesul-nenda

2082 3055 2374 3115 Γθβῖέηηυτν
2425 3055 2482 3099 ιιι
2536 3047 2644 3115 jam
2693 3063 2751 3101 sc
2805 3066 2832 3101 a
2878 3054 3082 3101 czcteris
3140 3050 3290 3113 longe
3344 3062 3464 3098 cs~e
3531 3061 3634 3096 non

2087 3112 2315 3234 testiénit
2340 3117 2460 3184 quia
2487 3112 2735 3170 mundum
2767 3133 2824 3170 se
2853 3133 2948 3187 per
2973 3117 3216 3170 allectum
3237 3112 3409 3168 intimi
3439 3115 3637 3167 ardon's

2089 3195 2188 3234 ttau
2229 3195 2259 3234 e

2089 3189 2301 3250 gaudet.

2666 3274 2886 3330 CAPUT
2931 3274 3064 3329 XXI.

2577 3386 2654 3441 De
2688 3388 2880 3455 paxillo
2919 3389 3140 3457 ferendo.

2073 3513 2076 3516 '
2158 3495 2378 3551 Jubetur
2426 3508 2676 3565 prmterea
2727 3500 3012 3554 Israelitico
3051 3501 3240 3566 popqu
3272 3514 3366 3564 per
3396 3500 3629 3568 Moysen,

2087 3576 2139 3638 ut
2166 3582 2277 3638 cunt
2308 3569 2558 3638 egreditur
2585 3571 2652 3620 ad
2682 3573 2917 3638 requisita
2950 3583 3157 3634 nutum,
3189 3573 3356 3622 mittat
3385 3573 3633 3636 pusillum

2085 3637 2137 3707 in
2166 3637 2346 3707 balteo,
2379 3648 2424 3689 et
2471 3637 2654 3704 effossa
2700 3637 2849 3690 ltunto
2892 3640 3160 3690 abscondat
3190 3655 3301 3702 qua:
3349 3651 3487 3707 gesta
3518 3640 3628 3704 fle-

2086 3706 2204 3756 rint.
2269 3704 2477 3759 Natura
2527 3711 2666 3760 euim
2716 3709 3071 3770 cctruplibilts
3121 3704 3366 3773 pondere
3400 3720 3634 3772 gravato,

2087 3775 2152 3842 ab
2181 3781 2331 3826 utero
2363 3777 2550 3828 mentis
2575 3786 2768 3828 nostra:
2797 3779 3031 3842 quaedam
3052 3781 3426 3839 cogitationum
3459 3792 3636 3842 snper-

2086 3841 2186 3894 ﬁua
2216 3844 2361 3908 quasi
2389 3847 2584 3897 ventris
2612 3841 2910 3911 gravaniina
2943 3858 3242 3911 erumpunt.
3277 3846 3381 3899 Sed
3421 3841 3628 3909 portare

2083 3913 2179 3963 sub
2220 3913 2388 3965 balteo
2417 3915 2661 3978 paxillum
2695 3917 2967 3979 debemus,
3003 3927 3056 3968 ut
3081 3915 3315 3968 videlicet
3347 3915 3412 3966 ad
3454 3931 3633 3980 repre-

2087 3980 2390 4033 hendendos
2421 3986 2767 4045 nosmetipsos
2790 3999 2997 4048 semper
3026 3986 3266 4044 accincti,
3295 3997 3508 4040 acutum
3537 3985 3635 4035 cir-

2083 4063 2144 4101 ca
2176 4064 2269 4100 nos
2313 4050 2579 4104 stimulum
2610 4053 3023 4118 compttttctionis
3069 4055 3376 4113 habeamus,
3429 4054 3516 4121 qui
3550 4055 3630 4104 in-

2083 4128 2352 4171 ceSsanter
2395 4129 2585 4173 terram
2617 4123 2806 4172 mentis
2837 4129 3029 4173 nostra:
3076 4126 3395 4185 pmntlcnlim
3443 4125 3630 4174 dolore

2086 4187 2371 4308 Congodiat,
2396 4199 2450 4241 et
2480 4191 2579 4242 hoc
2600 4189 2734 4257 quod
2758 4203 2787 4240 a
2818 4191 2973 4242 nobis
3005 4191 3241 4244 icetidum
3267 4195 3495 4258 erumpit
3515 4194 3634 4242 abs-

2086 4269 2180 4308 cou
2222 4267 2296 4308 at.

2082 4267 2296 4308 condat.

2643 4347 2864 4403 CAPUT
2902 4349 3065 4403 XXII.

434 4458 720 4539 εἱηιριίςὶιει·
744 4461 796 4535 in
823 4462 1001 4513 silvam
1032 4458 1259 4539 adligna
1301 4467 1561 4539 caedenda,
1605 4473 1656 4539 et_
1680 4465 1974 4539 lignum_se-
2011 4482 2054 4539 υ
2086 4471 2157 4522 De
2192 4464 2524 4536 quadraginta
2577 4460 2794 4531 ﬂagellis
2847 4461 3242 4532 delinquentibus
3297 4462 3623 4514 aalttbendis.

435 4528 772 4602 rurisfugerit
817 4545 1040 4597 manum,
1083 4528 1370 4602 ferrumque
1401 4535 1597 4600 lapsum
1623 4534 1684 4585 ds
1715 4534 1972 4585 manubrio

435 4597 651 4645 amicum
698 4599 805 4664 ejus
855 4597 1146 4660 percusserit
1193 4614 1238 4651 et
1288 4597 1546 4661 occiderit,
1603 4603 1683 4653 hic
1729 4603 1794 4652 ad
1824 4618 1974 4654 unant

430 4679 583 4720 supra
607 4665 859 4738 dictarunt
886 4669 1084 4738 urbium
1111 4667 1265 4736 fugiet
1294 4679 1338 4721 et
1366 4672 1508 4731 vivet,
1547 4688 1606 4722 ne
1647 4673 1775 4734 forte
1802 4672 1972 4738 proxi-

435 4748 540 4782 mus
569 4736 675 4802 ejus
705 4739 848 4807 cujus
896 4735 1086 4800 c/fusus
1135 4735 1206 4788 est
1253 4739 1476 4807 sanguis,
1529 4741 1713 4791 doloris
1768 4735 1973 4792 stimulo

433 4814 771 4875 veraequutur,
800 4817 843 4858 et
866 4807 1205 4874 apprehendat
1235 4822 1366 4872 eum,
1399 4817 1445 4861 et
1479 4809 1720 4875 percutiat
1750 4813 1970 4860 animam

415 4870 561 4944 .ejns.
589 4872 663 4944 Ad
693 4875 873 4944 silvam
898 4870 1087 4943 quippe
1125 4891 1242 4928 cum
1274 4870 1442 4930 amico
1480 4870 1639 4939 imus,
1669 4878 1873 4944 qttOties
1904 4881 1967 4929 ad

441 4940 685 5011 intuenda
714 4940 1037 4995 subditorum
1061 4946 1248 4998 delicta
1276 4950 1664 5000 convertimur:
1687 4940 1742 4998 et
1765 4947 1969 5011 simpli—

438 5009 567 5084 citer
600 5011 732 5084 ligna
764 5013 1096 5079 succidimus,
1129 5030 1242 5084 cum
1275 5016 1681 5084 delinquentium
1722 5015 1840 5067 vitia
1870 5009 1966 5078 pia

442 5078 749 5150 intentione
780 5078 1093 5150 reseramus.
1145 5083 1246 5137 Sed
1297 5078 1493 5139 securis
1557 5101 1764 5138 manum
1813 5085 1960 5150 iugit,

441 5160 557 5220 eum
591 5159 709 5199 sese
739 5146 1026 5220 increpatio
1053 5153 1166 5215 plus
1193 5169 1344 5217 quam
1377 5170 1588 5208 necesse
1617 5165 1697 5207 est
1736 5156 1784 5207 in
1816 5146 1971 5220 aspe-

443 5215 645 5267 ritatetn
677 5218 933 5282 protrahit
961 5235 973 5268 :
1007 5215 1301 5287 ferrumque
1339 5224 1405 5275 de
1434 5225 1704 5275 manubrio
1749 5215 1969 5288 prosilit,

437 5298 553 5334 cum
577 5287 642 5337 de
664 5293 998 5354 correptione
1019 5304 1190 5342 sermo
1213 5292 1390 5343 durior
1413 5294 1612 5344 excedit
1639 5311 1650 5344 :
1676 5302 1729 5344 et
1750 5287 1971 5343 amicum

438 5359 662 5417 percutit
689 5367 744 5412 et
771 5361 980 5419 occidit,
1014 5360 1098 5423 qui
1128 5361 1413 5412 auditorem
1437 5375 1583 5411 suum
1617 5364 1812 5428 prolata
1843 5375 1971 5412 con-

441 5428 860 5493 tumeliaspiritu
890 5430 1184 5484 dilectionis
1230 5429 1502 5492 interlicit;
1546 5433 1768 5497 correpti
1820 5444 1966 5480 nam-

437 5508 534 5558 llltc
576 5512 721 5553 tuens
747 5514 961 5571 repente
991 5503 1055 5553 ad
1082 5500 1253 5553 od.um
1287 5501 1501 5564 proruit,
1535 5504 1574 5551 si
1620 5501 1748 5552 hanc
1777 5499 1966 5551 immo-

2146 4579 2292 4642 Quod
2321 4585 2490 4631 autem
2524 4590 2616 4640 pro
2646 4588 2885 4626 mensura
2921 4573 3118 4641 peccati
3149 4575 3492 4642 quadraginta
3526 4572 3623 4622 lla-

2076 4651 2222 4717 gellis
2251 4648 2610 4708 delinquentes
2640 4645 2782 4717 argui
2827 4643 3001 4709 jussit,
3031 4645 3136 4707 jam
3179 4644 3614 4717 PreetltCPIIIPAC‘l

2076 4709 2213 4784 quod
2260 4732 2348 4779 per
2371 4714 2839 4784 quadragenarium
2869 4711 3332 4784 numerumﬁgura
3361 4709 3626 4774 signiﬁce-

2079 4779 2161 4839 tur
2207 4785 2359 4851 lmjus
2389 4779 2656 4857 temporis
2712 4783 2793 4857 in_
2814 4795 2917 4857 quo
2972 4779 3222 4857 Ecclesia.
3252 4793 3343 4857 per
3375 4789 3624 4857 .qua‘t‘nor

2078 4848 2472 4920 mundi’partes
2500 4848 2683 4903 diﬂ‘usa
2707 4850 2813 4923 sub
2844 4850 3104 4916 Dec-dogo
3131 4849 3257 4923 legis
3287 4848 3434 4898 vivit.
3488 4848 3631 4923 Qua-

2074 4919 2383 4986 dragenario
2426 4935 2641 4972 numero
2689 4919 3052 4986 delinquentes
3100 4919 3373 4980 caedimur,
3424 4930 3540 4969 cum
3573 4919 3625 4967 in

2076 4993 2172 5046 hoc
2201 5005 2433 5058 tempore
2457 4991 2774 5057 paenitentia:
2806 4987 3482 5058 verberibusllugellamur.
3516 4987 3620 5037 Ue-

2075 5063 2162 5115 bet
2189 5054 2557 5131 ergo'quisque
2595 5067 2840 5131 peccator
2869 5055 3252 5131 temporalibus
3295 5054 3514 5122 ﬂagellis
3535 5063 3620 5131 at-

2080 5131 2196 5191 μηνί,
2253 5123 2508 5197 ("meum
2546 5123 2836 5197 in‘jmlicio
2878 5135 3129 5197 purgatus
3170 5127 3336 5197 valeat
3376 5123 3623 5197 Inveniri.

2079 5189 2428 5252 Beatus'enim
2461 5189 2744 5263 homo,'qui
2786 5189 3058 5256 corripitur
3108 5212 3138 5247 a
3185 5193 3421 5246 Domino.
3476 5189 3628 5252 Nulla

2078 5269 2218 5320 enim
2268 5269 2317 5319 iu
2375 5276 2636 5340 internum
2682 5263 3066 5340 animadversio
3122 5263 3354 5340 afﬂigere
3403 5269 3623 5340 potem.

2085 5351 2218 5407 quos
2260 5332 2984 5407 hicpwnitentiredisciplina
3032 5329 3365 5407 percusserit.
3397 5329 3455 5407 Si
3484 5331 3626 5407 enim

2084 5405 2163 5455 ltic
2194 5420 2285 5470 pro
2315 5401 2526 5474 peccatis
2574 5403 2830 5468 credimur,
2885 5401 2992 5454 illic
3032 5405 3138 5456 sine
3185 5411 3385 5468 peccato
3428 5401 3627 5452 incerti-

2071 5489 2201 5524 mur.
