3914 6228
542 354 640 409 H9

954 351 1152 406 BEDE
1197 348 1636 404 VENERABILIS
1674 343 1950 402 OPERUM
1994 342 2163 396 PARS
2202 340 2259 395 ll.
2304 340 2495 397 SECT.
2529 340 2567 393 I.
2608 368 2673 381 --
2712 338 2912 393 DUBIA
2955 337 3040 391 ET
3076 336 3341 393 SPURIA.

3633 337 3725 392 £20

545 462 623 516 liis
647 461 888 530 gradibus
910 461 1263 525 advenientes,
1297 461 1623 514 celebramus
1646 457 1857 524 pascha,
1889 456 1947 530 id
1979 466 2077 519 est,
2112 460 2156 517 Α
2185 458 2302 508 dam
2345 455 2602 530 eviccrat._
2635 452 2855 506 Rursum
2900 461 3171 530 superatus
3230 451 3529 530 evincitur,
3578 462 3728 523 atque

546 524 864 585 immolatum
906 530 1165 583 Christum
1216 524 1307 595 pro
1353 531 1528 581 mundi
1569 530 1735 579 salute
1783 524 2079 587 credentes,

546 602 719 651 statim
751 615 879 665 pane
912 600 1001 651 illo
1025 599 1274 652 dominici
1302 601 1535 663 corporis
1564 597 1844 663 pasciiiiur.
1884 596 2082 647 Occuro

550 671 615 721 rit
636 669 820 721 deinde
843 670 990 721 nobis
1017 671 1258 735 princeps
1290 669 1486 719 militize
1518 669 1761 718 virtutum
1792 665 2081 720 cmlestium

550 738 805 797 Christus,
837 746 1022 790 tenens
1046 739 1271 803 gladium
1304 736 1593 803 Evangelii,
1648 736 1711 785 ad
1744 735 2087 803 reserandain

550 809 718 859 carnis
741 819 933 859 nostrte
960 802 1318 874 pollutionem.
1355 802 1719 859 Peicitnctatio
1737 816 1911 855 autem
1928 802 2087 874 .losne

550 876 771 928 dicentis
816 876 880 928 ad
933 878 1214 940 angelum:
1258 873 1440 926 Noster
1494 890 1544 925 es
1581 891 1644 924 aii
1692 873 2089 925 adversariorum

551 943 731 1010 (Iosue
759 945 845 1011 v)?
871 946 1235 996 discretionem
1278 959 1487 997 suorum
1542 942 1788 1000 insinuat.
1839 943 1923 1008 qui
1955 943 2089 992 inter

557 1012 748 1065 bonum
776 1023 831 1066 et
858 1014 1048 1066 malum
1082 1029 1173 1078 per
1200 1014 1564 1067 discretionem
1592 1013 1861 1076 diiudicat,
1909 1025 1972 1062 ne
1999 1025 2090 1061 eos

555 1081 883 1134 adversarius
903 1098 991 1149 per
1007 1085 1235 1149 speciem
1268 1084 1385 1135 boni
1420 1082 1581 1133 fallat.
1607 1082 1752 1132 Unde
1776 1091 1827 1131 et
1847 1078 2091 1133 Jereniia:

555 1152 771 1203 dicitur:
827 1150 885 1205 Si
935 1153 1241 1217 separaveris
1287 1153 1561 1217 pretiosum
1608 1166 1639 1200 α
1687 1150 1796 1209 uili,
1850 1149 1993 1216 quasi
2040 1163 2093 1199 us

557 1234 717 1273 vitam
735 1220 828 1274 eris
849 1221 1183 1274 circumdatus
1210 1219 1422 1286 (Jerem.
1461 1235 1488 1271 x
1504 1222 1579 1286 v).

1147 1309 1371 1364 CAPUT
1404 1308 1508 1360 VII.

770 1400 841 1452 De
856 1401 1049 1453 excidio
1067 1396 1297 1462 Iericho,
1316 1407 1359 1449 et
1391 1397 1661 1448 salutatione
1689 1394 1883 1447 [iu/tab.

638 1504 659 1538 ι
693 1485 1059 1541 Circutiidatur
1090 1496 1205 1552 post
1245 1486 1355 1537 haec
1395 1483 1623 1546 Jericho,
1654 1492 2099 1549 expugtiattirque,

562 1556 817 1609 adversus
845 1571 997 1624 quam
1038 1557 1239 1621 gladius
1270 1570 1371 1606 non
1400 1553 1659 1624 educitur,
1688 1554 1823 1604 aries
1838 1568 1950 1624 non
1982 1552 2105 1602 diri-

562 1626 732 1695 gitur,
762 1622 985 1678 nec'tela
1021 1626 1320 1687 vibrantur;
1375 1622 1511 1695 inhit:
1556 1622 1885 1695 solummodo
1928 1634 2105 1695 sacer-

568 1691 773 1747 dotales
797 1705 996 1759 septeni
1028 1695 1211 1746 diebus
1252 1692 1511 1745 continuis
1554 1691 1887 1751 adhibentur,
1912 1692 2108 1759 sicque

568 1758 886 1819 circumacta
916 1776 1033 1815 arca
1066 1765 1197 1815 muri
1226 1762 1435 1815 .lei'iclio
1473 1762 1815 1813 subruuntur.
1850 1776 1868 1809 ι
1899 1758 2106 1812 Jericlio

574 1843 747 1885 autem
780 1847 871 1898 per
899 1832 1378 1898 interpretationem
1422 1831 1542 1883 luna
1563 1830 1773 1882 dicitur.
1810 1827 1957 1898 Luna
1985 1842 2107 1879 vero

570 1901 747 1953 mundi
783 1896 952 1965 hujus
1000 1896 1225 1967 speciem
1267 1909 1427 1965 tenet,
1471 1899 1591 1965 quia
1633 1898 1768 1967 sicut
1810 1896 1929 1949 luna
1966 1912 2109 1967 mens

571 1974 736 2022 struis
778 1966 1213 2033 citinpletionihus
1258 1968 1470 2030 deficit,
1516 1968 1585 2019 ita
1634 1966 1718 2019 hic
1766 1967 1989 2017 mundus
2041 1966 2103 2015 ad

575 2039 980 2105 conipletionem
1010 2046 1301 2103 tempOium
1343 2050 1582 2098 currens,
1614 2035 1928 2105 quotidianis
1960 2034 2106 2105 defe-

572 2104 742 2159 ctibus
764 2108 922 2159 cadit.
955 2107 1007 2158 lu
1036 2122 1158 2160 arca
1188 2120 1310 2159 vero
1338 2106 1565 2159 Ecclesia
1598 2104 1867 2172 ﬁguratur,
1892 2104 1944 2155 in
1973 2104 2111 2156 tubis

575 2186 746 2229 autem
804 2176 957 2227 mrcis
1009 2175 1376 2241 pradicatorcs
1406 2177 1567 2227 fortes
1594 2173 1939 2237 accipiuntur.
1972 2174 2111 2224 lianc

576 2259 701 2311 ergo
724 2246 903 2296 urbem
928 2241 1136 2297 Jericlio
1165 2244 1346 2296 diebus
1368 2256 1564 2309 septem
1589 2242 1813 2296 ferentes
1842 2257 2013 2294 arcam
2042 2241 2113 2311 lsf

577 2309 801 2373 meum,
827 2314 988 2364 aeneis
1006 2312 1140 2364 tubis
1168 2314 1523 2379 clangeiit‘ibus
1549 2313 1889 2373 circumeunt.
1914 2322 1961 2362 et
1981 2309 2115 2362 muri

579 2383 693 2447 ejus
721 2395 812 2447 per
852 2395 985 2433 arca:
1016 2382 1343 2448 praesentiain
1394 2391 1548 2447 atque
1577 2392 1828 2432 arearum
1873 2380 2114 2431 tubarum

580 2450 805 2502 sonitum
838 2449 1049 2514 cadunt,
1092 2450 1208 2516 quia
1240 2450 1293 2501 in
1331 2450 1429 2501 hoc
1458 2459 1713 2515 tempore,
1745 2448 1880 2516 quod
1913 2459 2112 2516 septem

582 2519 782 2571 dierum
812 2519 873 2568 vi.
894 2519 1168 2571 issitudine
1197 2518 1438 2582 volvitur,
1456 2520 1578 2572 dum
1605 2518 1765 2571 fertur
1788 2533 1925 2579 arca,
1947 2518 2112 2582 idest,

581 2589 703 2641 dum
731 2588 909 2641 orbein
938 2596 1189 2639 terrarum
1221 2590 1563 2647 circumeunt,
1591 2599 1827 2639 movetur
1861 2587 2113 2652 Ecclesia,

583 2660 647 2709 ad
679 2660 1063 2724 pmtlit-anttum
1097 2670 1271 2718 voces,
1327 2660 1472 2723 quasi
1503 2656 1565 2706 ad
1621 2656 1861 2706 tubarum
1890 2658 2116 2707 sonitum

582 2728 716 2778 muri
744 2726 971 2789 .Iericho,
997 2727 1044 2777 id
1068 2738 1169 2788 eet,
1201 2728 1319 2778 elati
1350 2726 1550 2789 mundi,
1581 2738 1641 2775 ac
1666 2726 1905 2789 Superbia
1937 2725 2119 2776 infide-

584 2796 745 2847 litatis
782 2796 1045 2846 obstacula
1090 2802 1359 2858 corruunt,
1402 2795 1566 2845 donec
1613 2796 1663 2845 in
1695 2796 1796 2845 line
1830 2802 2118 2859 temporum

586 2878 729 2915 mors
778 2864 1057 2915 novissima
1104 2865 1307 2917 inimica
1338 2864 1634 2916 destruatur
1666 2861 1715 2930 (Ι
1759 2862 1877 2915 Cor.
1913 2867 2024 2928 xv),
2070 2872 2122 2915 et

592 2932 868 2996 impiorum
922 2930 1215 2997 perditione
1248 2933 1395 2985 unica
1427 2932 1612 2985 donius
1643 2932 1842 2997 Bahal),
1876 2942 2120 2999 tamquam

589 3002 739 3053 unica
791 3000 1021 3053 Ecclesia
1054 3001 1303 3053 liberetur
1332 3016 1360 3053 a
1400 3002 1717 3068 torpitudine
1749 3003 1925 3053 mundi
1959 3002 2122 3053 forni-

588 3070 827 3139 cationis,
858 3084 947 3137 per
979 3073 1259 3122 fenestram
1292 3070 1632 3123 confessionis
1662 3072 1713 3122 in
1757 3072 2005 3139 S'cIISUiIIe
2038 3085 2122 3123 re-

588 3117 997 3192 llllSSiOﬂi’SrlSla
1028 3145 1165 3192 enim
1192 3141 1439 3193 tiieretrix
1468 3140 1519 3192 in
1549 3140 1754 3192 Jericho
1786 3117 2027 3208 latiquani
2075 3142 2125 3191 in
2154 3117 2198 3179 Ο

591 3210 691 3261 hoc
721 3209 925 3260 mortali
970 3211 1161 3262 saeculo
1188 3217 1439 3273 moratur,
1489 3224 1605 3275 quae
1636 3218 1691 3260 ut
1720 3211 1908 3262 salvari
1942 3212 2122 3277 possit,

588 3294 682 3347 per
708 3280 1002 3347 fenestram,
1034 3280 1219 3331 domus
1247 3294 1374 3340 suae,
1407 3288 1653 3345 tanquam
1676 3294 1777 3345 per
1803 3293 1861 3331 os
1893 3293 2129 3346 corporis

589 3346 670 3400 sui
692 3362 904 3400 coccum
940 3346 1119 3412 mit.it,
1149 3352 1283 3415 quod
1312 3360 1391 3401 est
1416 3350 1682 3416 sanguinis
1704 3348 1894 3400 Christi
1927 3352 2130 3416 signum

590 3432 685 3483 pro
726 3418 1036 3470 remissione
1093 3426 1421 3483 peccatorum
1474 3416 1711 3469 conﬁteri
1762 3419 1826 3469 ad
1884 3420 2129 3471 salutem.

592 3487 691 3548 Qui
737 3487 930 3539 inventi
974 3495 1095 3538 sunt
1148 3487 1199 3537 in
1240 3486 1393 3538 domo
1440 3487 1606 3549 illius,
1660 3488 1845 3539 salvati
1899 3500 2017 3540 sunt
2068 3489 2134 3541 ab

594 3555 807 3606 interitu
864 3554 1038 3617 urbis;
1095 3563 1150 3608 et
1192 3555 1486 3621 quicunque
1525 3556 1657 3608 intra
1704 3558 1987 3610 Ecclesiam
2047 3572 2133 3610 re-

597 3624 903 3689 periuntur,
950 3624 1048 3691 ipsi
1096 3634 1269 3677 tamen
1315 3625 1602 3676 salvantur.
1656 3624 1815 3677 Extra
1862 3630 1993 3679 hanc
2039 3642 2132 3677 au-

600 3701 703 3741 tein
753 3690 997 3759 domum,
1039 3694 1089 3747 id
1141 3690 1443 3761 cst,’extra
1499 3694 1782 3746 Ecclesiain
1831 3710 1985 3747 neuio
2024 3698 2138 3749 sal—

598 3772 765 3812 Vtilur.

1172 3856 1391 3912 CAPUT
1426 3857 1555 3909 Vill.

1153 3945 1224 3997 De
1252 3949 1383 4013 furto
1410 3947 1599 3999 Achati.

672 4054 692 4088 ι
752 4036 973 4091 Furattir
1019 4037 1217 4091 interea
1256 4043 1319 4093 de
1362 4043 1694 4095 anathemate
1731 4042 1873 4095 urbis
1928 4042 2137 4095 .lericlio

602 4108 780 4179 echon
806 4109 1016 4174 pallium
1044 4117 1095 4159 ct
1120 4110 1344 4179 regulam
1365 4126 1571 4162 auream
1595 4128 1607 4173 ;
1634 4126 1726 4177 pro
1746 4126 1850 4179 quo
1880 4113 2138 4165 irascente

608 4176 713 4228 Deo
740 4186 1011 4245 perierunt
1039 4177 1247 4249 quidtyn
1278 4194 1432 4230 manu
1462 4176 1708 4233 hostiliex
1729 4176 1935 4248 populo.
1969 4200 1985 4231 i
2006 4182 2137 4233 Jeri-

602 4252 701 4296 cbo
736 4260 939 4319 itaque,
983 4256 1036 4297 ut
1073 4246 1270 4319 dictum
1298 4257 1395 4319 est,
1430 4251 1602 4319 mundi
1632 4254 1766 4317 gerit
1796 4246 2029 4319 ligurum.
2065 4252 2137 4304 De

609 4317 938 4368 anathemate
962 4325 1132 4369 autem
1162 4317 1275 4381 ejus
1301 4318 1542 4369 fraudans
1586 4320 1636 4369 iii
1666 4317 2001 4373 tabernaculo
2039 4337 2137 4375 siin

608 4383 893 4445 abscondit,
925 4386 1009 4448 qui
1041 4387 1317 4439 saeculares
1351 4402 1521 4439 mores
1552 4387 1601 4439 in
1647 4390 1889 4441 Ecclesia:
1915 4392 2133 4443 secretis

2164 540 2212 583 pa
2271 530 2459 590 popii'o
2517 523 2605 575 Dei
2652 536 2938 591 suspensus
2990 522 3111 589 ligni
3158 524 3333 576 crucis
3397 523 3592 577 virtute
3642 538 3729 579 tie-

2184 606 2351 647 catur.
3038 640 3041 643 λ

2782 678 3003 733 CAPUT
3024 679 3110 735 IX.

2624 769 2697 822 De
2716 770 3084 822 constructione
3102 769 3295 824 altaris.

2262 882 2279 915 ι
2313 859 2580 929 Superatis
2612 860 2767 927 igitur
2791 861 3044 921 hostibus,
3070 862 3345 913 mdilicavit
3384 859 3543 916 Iesus
3568 862 3733 917 altare

2191 934 2295 985 Deo
2348 936 2556 985 excelso
2601 945 2663 983 ex
2706 931 2965 994 lapidibus
3012 931 3243 997 integris.
3300 930 3350 982 in
3405 932 3596 992 quibus
3632 948 3731 983 non

2191 1014 2301 1055 erat
2331 1002 2575 1070 injectum
2624 999 2839 1070 ferrum,
2884 1000 3015 1052 sicut
3044 1008 3384 1070 praeceperat,
3411 1000 3623 1070 Moyses
3641 1018 3657 1064 ;
3686 1015 3733 1053 et

2192 1069 2474 1123 immolavit
2505 1068 2905 1129 sacrificium,et
2933 1070 3139 1134 scripsit
3167 1069 3219 1122 in
3253 1068 3515 1132 lapidibus
3545 1071 3734 1122 Dente.

2194 1142 2485 1192 ronninium
2529 1138 2656 1206 legis
2709 1138 2890 1207 Moysi.
2934 1155 2953 1188 ι
2989 1138 3267 1207 Videamus
3306 1140 3479 1207 itaque
3506 1140 3595 1206 qui
3630 1139 3737 1192 sint

2195 1209 2276 1260 isti
2315 1209 2543 1274 lapides,
2582 1222 2641 1259 ex
2686 1206 2869 1275 quibus
2920 1206 3273 1260 aediﬁcabatur
3308 1206 3494 1261 altare.
3539 1209 3735 1261 Omnes

2197 1279 2351 1343 igitur
2376 1278 2462 1344 qui
2491 1281 2539 1329 in
2568 1276 2831 1328 Christum
2881 1276 3059 1329 Jesum
3089 1278 3307 1327 credunt
3337 1276 3603 1344 ,ﬂlapides
3638 1278 3735 1327 vivi

2198 1343 2460 1398 dicuntur.
2505 1346 2577 1398 De
2613 1346 2798 1411 quibus
2826 1346 3105 1408 Apostolus
3143 1344 3299 1398 dicit:
3350 1343 3614 1398 Vosestis
3668 1347 3739 1396 fo-

2201 1417 2339 1480 p'des
2367 1415 2480 1473 vivi.
2526 1415 2761 1480 tedi/icati
2804 1417 2980 1466 domus
2998 1412 3239 1481 spiritalis
3276 1412 3331 1482 (1
3376 1414 3517 1467 Petr.
3544 1416 3621 1481 ll).
3655 1414 3741 1465 His

2204 1500 2305 1537 non
2330 1486 2571 1552 injectum
2600 1482 2815 1544 ferrum,
2843 1484 3277 1552 quiaincorrupti
3321 1494 3370 1537 et
3420 1484 3739 1535 immaculati

2204 1551 2388 1607 carne
2415 1565 2463 1606 et
2503 1554 2685 1619 Spiritu
2714 1551 2934 1619 sunt,'et
2958 1551 3147 1623 jacula
3172 1553 3385 1623 maligni
3444 1553 3606 1619 ignita
3640 1567 3738 1603 non

2208 1630 2535 1689 receperunt,
2590 1623 2639 1672 lii
2672 1624 3021 1674 unum‘altare
3054 1621 3248 1673 facium
3273 1621 3470 1675 unitate
3502 1623 3622 1674 fidei
3668 1623 3743 1674 vel

2212 1693 2487 1764 concordia
2519 1691 2807 1764 cli:iritati_s.
2836 1690 2887 1742 In
2920 1690 2999 1764 li_i_s_
3026 1704 3231 1764 quoque
3258 1690 3740 1764 Denteronomium,

2212 1762 2261 1813 id
2290 1769 2388 1823 est,
2420 1760 2701 1813 secundum
2736 1760 2998 1828 Evangelii
3044 1762 3231 1825 legem,
3289 1760 3445 1814 Jesus
3496 1760 3745 1811 Dominus

2212 1842 2389 1882 noster
2442 1829 2671 1893 scripsit.
2723 1830 3009 1881 Audiamus
3050 1829 3223 1895 itaque
3270 1844 3389 1883 eum
3450 1830 3742 1881 dicentem:

2206 1899 2407 1951 Dictum
2432 1909 2500 1949 est
2518 1898 2735 1965 antiquis
2764 1911 2783 1950 :
2812 1897 2929 1950 Non
2951 1899 3267 1950 machaberia
3290 1914 3309 1959 ,°
3332 1915 3422 1967 ego
3444 1911 3617 1951 autem
3644 1900 3747 1948 dico

2208 1970 2344 2021 vobis
2375 1982 2394 2020 :
2426 1968 2486 2021 Si
2534 1968 2646 2031 quis
2700 1968 2875 2020 viderit
2924 1970 3177 2019 mulierem
3198 1970 3271 2017 ad
3300 1968 3747 2034 concupiscenda-ii

2207 2054 2335 2105 eain,
2359 2040 2471 2106 jam
2497 2037 2765 2089 machum:
2791 2048 2859 2088 est
2888 2053 2997 2087 eam
3038 2039 3089 2087 in
3131 2038 3278 2088 corde
3303 2054 3395 2089 suo
3427 2036 3644 2099 tMauh.
3678 2041 3746 2101 τ).

2213 2105 2535 2173 Ηειιισίεἰιηι·
2562 2109 2726 2173 legem
2774 2105 2923 2158 Jesus
2953 2120 3138 2157 novatn
3171 2108 3219 2156 in
3248 2110 3496 2159 cordibus
3537 2107 3751 2157 creden-

2212 2178 2337 2227 tium
2378 2177 2589 2240 scripsit
2632 2180 2682 2226 in
2728 2189 2908 2227 eorum
2948 2174 3241 2241 mentibus,
3282 2178 3372 2243 qui
3412 2176 3598 2229 altatis
3626 2190 3745 2227 coa-

2212 2246 2495 2298 structione
2523 2244 2663 2312 digni
2687 2253 2825 2298 sunt.

2822 2333 3043 2389 CAPUT
3075 2334 3139 2387 Χ.

2450 2426 2523 2478 De
2553 2427 2987 2499 maledictionibus
3018 2437 3060 2479 et
3084 2427 3529 2480 benedictionibus.

2289 2533 2307 2565 i
2366 2514 2485 2568 Post
2540 2517 2648 2566 lucc
2697 2516 2868 2568 omnis
2898 2516 3117 2581 populus
3146 2524 3199 2566 et
3228 2514 3457 2582 majores
3491 2525 3636 2576 natu,
3665 2514 3760 2567 du-

2218 2598 2410 2652 cesque
2452 2600 2510 2635 ac
2540 2584 2740 2649 judices
2784 2588 3147 2649 prtecedebant
3174 2585 3293 2636 hinc
3318 2597 3368 2637 et
3403 2585 3525 2636 inde
3562 2598 3757 2648 arcam,

2217 2662 2577 2719 steteruntque
2606 2654 2741 2705 sicut
2773 2666 3091 2721 praeceperat
3118 2657 3323 2721 Moyses
3353 2656 3404 2706 in
3439 2654 3763 2706 Deuterono-

2219 2724 2325 2774 mio
2352 2737 2439 2773 sex
2468 2722 2630 2774 tribus
2656 2722 2705 2773 in
2733 2720 2907 2773 monte
2932 2720 3179 2784 Garizim,
3206 2720 3264 2775 ut
3306 2724 3647 2775 beiiedictret
3677 2738 3763 2789 po-

2223 2791 2423 2854 pulum,
2465 2801 2517 2843 et
2550 2793 2675 2857 ipsa
2711 2792 2873 2842 tribus
2907 2806 3022 2859 quae
3064 2792 3348 2845 nobiliores
3384 2803 3527 2859 sunt,
3566 2793 3617 2845 id
3665 2802 3761 2852 est.

2222 2861 2456 2922 Simeon,
2483 2860 2627 2924 Levi,
2657 2860 2812 2922 Juda,
2858 2862 3114 2925 lssacliar,
3149 2861 3343 2927 Josepb
3385 2874 3439 2914 et
3473 2862 3761 2927 Benjainin.

2225 2929 2324 2980 Alii
2383 2944 2505 2980 vero
2539 2946 2628 2983 sex
2672 2934 3005 2997 ignobiliores
3059 2940 3320 2983 Steterunt
3372 2946 3403 2983 e
3446 2947 3661 2998 regione
3716 2947 3763 2982 in

2225 3008 2401 3050 monte
2425 2998 2607 3062 Hebal,
2629 3011 2683 3052 ut
2718 3001 3107 3060 inaledicerent.
3144 3002 3275 3053 inter
3317 3015 3447 3066 quos
3476 3011 3530 3054 et
3561 3001 3764 3061 Ruben,

2228 3068 2314 3135 qui
2346 3070 2693 3121 maculaverat
2748 3080 2915 3121 torum
2968 3069 3213 3135 parentis,
3271 3081 3324 3121 et
3380 3070 3612 3123 Zabulou
3651 3073 3767 3123 ulti-

2229 3152 2345 3189 mus
2370 3138 2473 3190 Liui:
2505 3137 2660 3202 filius,
2686 3150 2735 3192 et
2763 3140 3062 3191 ancillarum
3110 3141 3218 3191 illli.
3253 3158 3269 3191 ι
3310 3140 3371 3191 Et
3399 3140 3509 3192 haec
3555 3143 3765 3208 quidem

2234 3219 2441 3260 veteres
2485 3210 2714 3260 historic
2767 3209 2994 3261 referunt
3032 3222 3214 3275 gesta;
3262 3210 3355 3263 sed
3387 3210 3770 3275 inspiciendum

2230 3289 2309 3328 est
2338 3277 2459 3347 quid
2514 3279 2563 3347 in
2596 3280 2942 3331 narrationem
2971 3292 3203 3345 mysticae
3248 3280 3609 3347 intelligentia
3641 3284 3771 3332 rete-

2235 3356 2393 3397 ratur.
2428 3345 2528 3410 Qui
2551 3356 2815 3413 suntergo
2851 3348 3045 3412 isti/qni
3070 3348 3317 3401 incedunt
3366 3345 3512 3414 juxta
3540 3361 3770 3400 moment

2235 3414 2481 3479 Gariziin,
2514 3426 2565 3467 et
2594 3416 2681 3482 qui
2712 3426 2830 3469 sunt
2853 3419 2937 3483 qui
2964 3418 3377 3482 inceduntjusta
3411 3428 3640 3470 montem
3670 3419 3769 3470 lle-

2235 3485 2451 3537 bal?llli
2482 3486 2655 3552 itaque
2678 3488 2762 3550 qui
2791 3486 2951 3539 hocin
2978 3486 3092 3538 loco
3118 3488 3259 3553 juxta
3286 3498 3517 3541 montem
3547 3487 3770 3541 Garixim

2234 3554 2479 3606 incedunt
2500 3557 2649 3607 electi
2678 3555 2741 3606 ad
2774 3557 3210 3621 benedictionem,
3243 3573 3336 3611 eos
3370 3559 3661 3624 figuraliter
3693 3560 3771 3608 in-

2233 3624 2407 3677 dicant
2428 3626 2513 3689 qui
2536 3638 2639 3676 non
2686 3635 2823 3677 metu
2871 3639 3058 3691 pinnae,
3089 3628 3180 3677 sed
3207 3631 3441 3681 cwlestis
3471 3628 3774 3693 promissio-

2236 3695 2314 3745 nis
2344 3708 2522 3745 amore
2552 3696 2789 3746 succensi
2821 3694 3034 3746 veniunt
3059 3694 3123 3744 ad
3151 3698 3396 3750 salutem.
3430 3698 3509 3748 liti
3541 3710 3667 3748 vero
3696 3699 3774 3747 di-

2236 3763 2412 3826 midii,
2458 3767 2543 3827 qui
2588 3760 2734 3829 juxta
2789 3774 3014 3817 montem
3058 3764 3219 3817 llebal
3257 3765 3538 3829 incedunt,
3576 3765 3628 3815 in
3676 3779 3774 3831 quo

2235 3834 2626 3884 maledicuones
2673 3834 2885 3899 prolata:
2934 3844 3074 3898 sunt,
3133 3834 3248 3887 illos
3280 3836 3627 3901 indicantqu
3671 3850 3769 3885 nou

2237 3916 2413 3953 amore
2438 3903 2853 3955 benedictioiiuin
2877 3905 2955 3955 vel
2984 3906 3405 3969 promissimium,
3449 3909 3540 3956 sed
3574 3902 3773 3955 futuro-

2236 3985 2350 4022 rum
2402 3970 2774 4037 supplicioruin
2822 3977 3036 4035 timore,
3083 3979 3343 4040 complent
3398 3988 3513 4041 qua:
3561 3971 3614 4023 in
3667 3975 3778 4039 lqe

2236 4042 2425 4107 sciipta
2454 4050 2591 4102 sunt,
2619 4052 2673 4093 ut
2700 4044 2996 4108 perveniant
3024 4045 3086 4095 ad
3118 4046 3359 4096 salutem.
3384 4048 3581 4095 Uinnes
3606 4053 3776 4094 autem

2236 4112 2373 4160 circa
2420 4124 2592 4162 arcani
2622 4113 2886 4177 incedunt,
2918 4114 3002 4180 qni
3033 4115 3099 4166 ab
3138 4114 3388 4167 Ecclesia:
3416 4115 3533 4165 sinu
3566 4125 3669 4163 non
3695 4113 3776 4163 di-

2206 4224 2209 4225 ,
2238 4180 2489 4240 scednnt;
2524 4184 2615 4229 sed
2660 4182 2937 4234 nobiliores
2968 4183 3084 4233 illos
3121 4197 3238 4234 esse
3268 4184 3513 4244 dicimus,
3535 4183 3627 4247 qui
3656 4184 3775 4231 booi

2239 4248 2402 4315 ipsius
2454 4250 2736 4314 desiderio,
2770 4260 2979 4301 attenta;
3014 4253 3391 4304 benedictionis
3430 4265 3611 4302 amore
3641 4254 3778 4316 quod

2237 4320 2425 4370 bonum
2454 4329 2531 4370 est
2560 4329 2739 4385 agunt,
2778 4334 2935 4386 quam
2973 4320 3088 4371 illos
3114 4323 3199 4387 qui
3243 4334 3337 4387 pro
3369 4324 3486 4373 mali
3519 4328 3660 4370 metu
3692 4324 3779 4370 bo-

2239 4404 2360 4439 num
2390 4398 2671 4440 sectantur.
2719 4391 2873 4442 Solus
2900 4404 3021 4455 ergo
3047 4388 3197 4441 .Iesus
3239 4401 3411 4458 potest
3437 4406 3502 4445 ex
3532 4398 3780 4439 omnibus

606 4452 805 4528 inserit,
837 4454 922 4517 qui
954 4458 1049 4506 sub
1087 4460 1243 4528 cultu
1275 4458 1360 4508 Dei
1383 4471 1605 4519 manens
1638 4458 2001 4528 solemtiitales
2031 4476 2129 4511 sae-
2164 4457 2211 4513 D
2240 4457 2441 4525 populis
2470 4458 2763 4523 liojusmodi
2798 4452 2997 4512 mentes
3040 4452 3347 4528 animos-que
3400 4460 3695 4517 concidere,
3733 4469 3782 4508 et

604 4520 702 4571 uili
730 4524 806 4570 vel
837 4527 1127 4594 spectacula
1160 4527 1343 4590 diligit,
1397 4529 1483 4592 qui
1510 4527 1813 4592 sortilegos,
1866 4529 2129 4594 aruspices

607 4601 653 4637 et
678 4598 899 4666 augures
932 4590 1164 4666 inquirit,
1196 4600 1273 4666 vel
1300 4597 1383 4661 qni
1414 4590 1631 4648 cieteros
1677 4590 1806 4649 ritus
1835 4590 2128 4664 persuadet,

604 4660 691 4720 qui
719 4673 856 4720 prius
883 4660 929 4711 in
961 4661 1186 4724 Jericlto,
1213 4663 1261 4713 id
1290 4660 1387 4723 est,
1421 4667 1469 4715 iii
1504 4668 1599 4719 hoc
1630 4660 1845 4727 sweulo,
1864 4660 2127 4720 babeliatié

607 4736 709 4775 tur.
740 4731 838 4781 iste
864 4744 1010 4794 ergo,
1033 4732 1151 4793 quia
1187 4744 1299 4795 post
1327 4733 1442 4784 tidci
1467 4734 1821 4788 indumentum
1853 4753 2129 4791 conversa-

606 4806 776 4871 tiones
804 4800 1077 4851 stecnlares
1128 4801 1331 4855 occulte
1388 4805 1600 4865 inducit,
1648 4809 1794 4871 quasi
1827 4810 2031 4871 pallium
2065 4810 2129 4862 de

602 4870 929 4917 anathemate
960 4871 1127 4921 tollit:
1161 4873 1250 4922 sed
1277 4884 1325 4925 et
1359 4874 1446 4925 ille
1472 4878 1537 4926 de
1566 4870 1897 4927 anathemate
1923 4877 2129 4929 Jericlio

602 4937 827 5013 iratudat,
874 4937 1035 5013 quiin
1064 4940 1294 4993 Ecclesia
1348 4944 1710 4995 haereticorum
1745 4947 1899 4996 inl'ert
1940 4946 2128 5013 dogma

599 5007 679 5082 vel
710 5008 1068 5082 superstitiosa
1099 5014 1421 5063 szcculariuin
1447 5017 1736 5065 litterarum
1766 5017 1955 5067 studia.
1987 5007 2129 5068 Hauc

600 5078 744 5152 enim
790 5077 1026 5152 regulam
1058 5093 1265 5152 auream
1320 5083 1582 5134 luculento
1630 5099 1873 5137 sermone
1902 5093 2126 5149 aptatam

602 5144 823 5194 fraudati
854 5148 1176 5223 sunterius,
1208 5151 1430 5203 Marcion
1481 5162 1532 5203 et
1571 5152 1855 5223 Basilides;
1908 5144 2125 5207 Ιιίδιιόεῑί

600 5224 720 5289 sunt
748 5230 885 5263 enim
918 5218 1000 5265 lSli
1032 5218 1233 5281 regulas
1262 5235 1443 5273 aureas
1466 5224 1530 5275 de
1559 5221 1792 5285 Jericbo,
1820 5235 1871 5275 et
1904 5225 2127 5289 pliiIOSo-

605 5281 822 5343 jborutii
853 5295 1044 5334 sectam
1066 5300 1166 5334 non
1200 5300 1388 5340 rectam
1421 5295 1468 5343 in
1494 5281 1789 5345 Ecclesium
1809 5281 1978 5345 conati
2008 5304 2129 5346 sunt

604 5352 947 5422 introducere,
976 5367 1026 5422 et
1054 5356 1310 5406 maculare
1332 5373 1538 5409 omnem
1573 5361 1860 5411 Eetzlesiam
1896 5364 2123 5422 Domini.

605 5430 668 5466 ita
697 5428 749 5467 ut
773 5419 1030 5497 alti_niulti
1058 5437 1086 5486 p
1112 5425 1396 5497 crdere-titur
1424 5440 1520 5497 per
1540 5442 1657 5489 eos;
1694 5430 1912 5495 ideoque
1939 5419 2127 5497 abjecti

606 5500 699 5559 pro
744 5488 1095 5548 anathemate,
1125 5493 1269 5556 quasi
1298 5488 1485 5544 acervo
1513 5488 1757 5559 lapidum,
1802 5488 1868 5549 iiii
1899 5488 2129 5552 multitu-

603 5555 721 5606 tliiie
763 5566 1088 5620 peccatorum
1142 5555 1351 5612 Suoruin
1398 5555 1627 5628 Oppressi
1678 5555 1831 5632 atque
1886 5569 2127 5622 exstincti

602 5634 740 5703 sunt,
761 5642 980 5703 quorum
1005 5639 1186 5703 auctor
1226 5644 1285 5680 ac
1326 5642 1616 5698 peremptor
1646 5652 1703 5683 εὶ
1740 5638 1873 5701 aliis,
1904 5642 1999 5691 hoc
2026 5648 2124 5703 est,

604 5693 835 5747 diabolus
880 5699 963 5763 qui
999 5712 1087 5764 per
1119 5693 1668 5769 illorumniipiclateiu
1722 5693 1945 5758 lideltiini
1974 5693 2127 5775 quos;

2232 4531 2360 4579 alios
2387 4528 2599 4593 quidem
2641 4538 2869 4579 statuere
2900 4532 2948 4580 iii
2984 4539 3161 4583 monte
3190 4531 3417 4584 Garixim
3465 4535 3528 4583 ad
3556 4531 3780 4582 benedi-

2229 4598 2473 4657 cendum,
2506 4598 2638 4647 alios
2672 4611 2796 4649 vero
2826 4610 3053 4651 statuere
3083 4601 3132 4651 in
3167 4610 3342 4655 monte
3376 4604 3638 4659 llebal.ad
3666 4612 3781 4649 ma-

2231 4668 2606 4729 ledictioiiein;
2642 4680 2743 4717 non
2785 4670 3256 4723 utmaledictioues
3286 4674 3562 4738 accipiant,
3596 4671 3692 4721 sed
3732 4680 3787 4719 ut

2230 4740 2491 4791 intuentes
2518 4738 2850 4805 praescriptas
2874 4740 3289 4803 inaledicttones,
3312 4754 3364 4793 et
3393 4755 3568 4807 pinnas
3594 4754 3785 4805 pecca-

2229 4810 2428 4860 toribus
2456 4810 2766 4861 coiistitutas
2798 4812 3065 4863 incurrere
3094 4820 3334 4872 caveant,
3361 4824 3423 4862 ac
3468 4822 3787 4876 semetipsos

2229 4880 2430 4929 timoris
2457 4878 2710 4944 supplicio
2736 4880 3018 4944 coriigaiit.

2845 4988 3066 5041 CAPLT
3092 4989 3173 5041 XI.

2788 5062 2857 5114 De
2885 5062 3191 5113 bubaolitltx.

2309 5168 2325 5199 i
2373 5150 2571 5225 Interea
2623 5150 2947 5225 Gabaonitaa,
2980 5156 3285 5219 perditionis
3320 5168 3457 5210 metu
3490 5159 3789 5225 perterriti,

2228 5234 2343 5271 cum
2372 5223 2552 5272 fraude
2578 5233 2631 5273 et
2650 5224 2934 5276 calliditate
2968 5236 3223 5277 venerunt
3252 5231 3318 5277 ad
3348 5223 3549 5289 Jesuiu,
3594 5243 3789 5292 panius

2227 5292 2702 5357 calceiinentisque
2728 5294 2989 5346 veteribus
3014 5297 3201 5357 induti,
3227 5301 3574 5362 deprecantes
3606 5312 3664 5349 ut
3686 5304 3789 5350 salo

2229 5368 2493 5425 varentur,
2519 5370 2797 5435 statuitque
2824 5378 2850 5412 a
2875 5363 2997 5416 Jesu
3028 5367 3249 5416 salutem
3277 5366 3601 5433 suscipiunt;
3654 5385 3789 5435 quo-

2229 5444 2341 5481 rum
2401 5440 2569 5481 tamen
2630 5428 2804 5481 dolum
2858 5444 2911 5485 ut
2956 5440 3202 5500 agnovit,
3264 5435 3384 5502 ligni
3424 5428 3785 5492 caesores'vel

2229 5511 2376 5576 aqua:
2422 5506 2710 5576 gestatorias
2741 5502 3150 5576 eos-constituit.
3190 5521 3209 5553 ι
3249 5503 3320 5576 ΙιιΔ
3351 5521 3580 5571 quorum
3615 5513 3784 5576 tigura

2231 5570 2301 5616 illi
2350 5567 2710 5630 ostenduntur,
2758 5572 2845 5632 qui
2894 5572 2957 5623 de
3015 5576 3209 5623 tumido
3260 5573 3322 5624 ad
3364 5567 3790 5629 lucclesiaiii'veo

2232 5644 2469 5699 nentes,
2524 5638 2711 5709 habent
2756 5639 2909 5691 fidem
2957 5642 3004 5692 in
3049 5646 3184 5705 Deo,
3228 5654 3279 5696 et
3328 5645 3581 5698 inclinant
3626 5657 3789 5709 caput

2232 5720 2382 5758 suum
2407 5705 2789 5773 sacerdotibus,
2814 5712 3009 5763 sanctis
3038 5724 3247 5780 qucque
3266 5715 3564 5767 ministrant
3587 5725 3639 5769 et
3673 5705 3787 5767 scr-
