3914 6228
260 338 368 394 ᾹΞΘ

1130 336 1564 403 ΟυτΕΒΤΙΟΝΕΞ
1605 335 1665 389 IN
1709 335 1943 392 LIBROS
1984 338 2231 393 ηεοωι.
2277 370 2340 379 -
2382 339 2506 394 thl.
2553 349 2589 392 I.

3325 343 3423 394 430

256 461 392 511 stus,
415 446 523 515 qui,
554 446 835 516 Ecclesium
873 456 1147 499 vocaturos
1175 463 1236 499 ex
1266 435 1540 514 gentibus,
1577 446 1788 516 vincens
1820 457 1867 512 Α
1898 449 1989 500 bus
2018 448 2211 514 jngiter
2243 450 2584 516 implicantur.
2641 452 2722 504 Vir
2758 454 2894 505 enitn
2927 467 3106 507 sensus
3155 453 3420 507 rationalis

256 518 547 578 diabolum,
563 515 717 567 dicit:
742 515 979 576 Gaudete,
995 517 1112 581 quia
1132 532 1219 583 ego
1243 519 1334 567 vici
1357 521 1592 566 mundum
1614 515 1784 579 (Joan.

258 587 375 652 xvi)
398 587 419 638 ’ἒ
439 585 570 652 Quid
600 585 698 636 sibi
724 585 831 636 vult
849 599 907 637 ex
939 599 1028 635 ore
1053 584 1284 650 ejusdem
1318 585 1478 636 leonis
1517 584 1677 636 occisi
1713 584 1786 634 la-

260 651 363 705 vus
385 651 549 706 meliis
591 661 870 712 extractus,
896 654 994 704 nisi
1023 654 1139 718 quia
1173 662 1228 704 ut
1267 654 1618 717 conspicimus
1646 653 1784 715 leges

256 723 405 788 ipsas
436 720 622 775 terreni
663 722 824 787 regni,
857 737 968 786 quae
996 726 1240 788 adversus
1269 722 1527 774 Christum
1559 722 1782 771 fremue-

257 787 400 850 runt,
428 803 561 841 nunc
602 789 726 854 jam,
761 798 1020 853 perempta
1065 787 1288 851 feritate,
1320 788 1578 841 dulcedini
1626 802 1785 840 evan-

256 859 439 922 gelica:
467 858 801 922 praedicando
830 858 982 908 etiam
1039 857 1321 908 munimina
1351 859 1576 921 praebent
1604 856 1627 907 ?
1657 856 1783 924 Item

253 927 381 992 quid
413 929 460 977 in
484 926 763 991 semetipso
780 927 1038 990 expressit.
1060 926 1195 988 quod
1221 940 1409 992 paucos
1431 926 1635 987 quidem
1661 926 1783 976 dum

259 998 460 1046 viveret
502 995 789 1056 interemit,
834 997 1100 1045 destructo
1134 1002 1304 1045 autem
1354 995 1578 1058 templo,
1614 994 1786 1044 hostes

254 1064 454 1114 multos
479 1078 594 1113 cum
631 1071 916 1114 moreretur
941 1060 1168 1112 occidit?
1195 1064 1322 1124 Quia
1348 1064 1587 1113 nimirum
1619 1060 1789 1112 Domi-

258 1145 362 1183 nus
386 1132 453 1183 ab
476 1131 700 1184 elatione
720 1129 1035 1181 inﬁdelitatis
1058 1144 1246 1193 paucos
1271 1145 1385 1182 cum
1424 1134 1640 1191 viveret,
1675 1129 1787 1194 plu-

257 1213 347 1250 res
375 1214 496 1251 vero
523 1213 638 1250 cum
665 1200 907 1264 templum
936 1199 1014 1249 sui
1043 1199 1275 1264 corporis
1297 1198 1601 1259 solveretur,
1620 1197 1786 1249 extin-

260 1267 366 1328 sit,
391 1277 543 1333 atque
569 1269 732 1319 elatos
752 1283 811 1318 ex
834 1267 1089 1332 gentibus,
1125 1282 1253 1332 quos
1279 1267 1495 1318 vivendo
1521 1266 1783 1328 sustinuit,

255 1334 418 1386 simul
445 1350 627 1387 omnes
663 1335 931 1387 moriendo
963 1335 1259 1398 prostravit.
1284 1335 1395 1387 .lzun
1446 1335 1639 1399 reliqua
1671 1334 1785 1397 ejus

253 1406 396 1469 quod
442 1404 488 1455 ei
512 1405 697 1456 mulier
720 1403 936 1454 sub‘dola
966 1413 1120 1463 caput
1171 1406 1377 1461 raserit,
1409 1412 1461 1453 et
1507 1401 1784 1469 allophylis

252 1468 578 1523 illudendum
636 1471 924 1532 tradiderit,
973 1471 1108 1535 quod
1165 1475 1472 1532 captivatus.
1522 1472 1655 1534 quod
1687 1468 1786 1521 cte-

254 1553 428 1606 catus,
479 1539 611 1606 quod
642 1539 704 1590 ad
759 1540 946 1589 molam
1000 1539 1276 1603 deputatus
1333 1549 1430 1598 est,
1464 1540 1512 1589 in
1565 1539 1645 1589 his
1685 1553 1785 1590 non

249 1603 521 1670 Christus,
570 1607 659 1658 sed
688 1607 761 1659 illi
818 1607 1101 1673 ﬁgurantur
1129 1610 1213 1668 qui
1262 1610 1376 1659 solo
1433 1607 1788 1658 tantummodo

251 1673 309 1726 in
336 1675 566 1728 Ecclesia
592 1674 782 1728 Christi
814 1680 1023 1728 nomine
1050 1675 1356 1743 gloriantur,
1390 1683 1442 1726 et
1474 1677 1620 1725 malis
1660 1677 1790 1725 acti-

1897 517 2219 590 iiitelligititr,
2251 533 2375 590 caro
2403 533 2579 590 autem
2602 522 2748 588 quasi
2771 520 2821 573 in
2871 529 2993 590 typo
3018 522 3246 575 mulieris
3285 538 3420 575 acct~

1895 586 2050 651 pitur.
2103 586 2155 638 Si
2185 589 2322 639 enim
2385 586 2629 650 mulieri,'
2657 592 2704 641 id
2733 599 2832 650 est,
2863 586 3005 643 carni
3039 602 3228 642 nosme
3279 593 3427 642 blau-

1892 654 2069 707 diente
2091 653 2328 719 libidine,
2355 661 2433 707 vel
2470 658 2688 725 reliquis
2708 659 2854 710 malis
2883 659 3124 724 operibus
3145 673 3428 710 consense-

1892 725 2073 784 rimus,
2125 726 2342 793 gratiam
2371 726 2602 789 spiritus,
2644 742 2757 793 quae
2784 726 3010 779 Nazarmi
3057 728 3201 779 crine
3227 728 3428 793 siguili-

1893 801 2064 861 catur,
2088 792 2263 861 nudati
2292 795 2640 858 exspoliamur
2664 792 2820 860 atque
2858 797 3163 861 decipimur.
3193 795 3259 846 Ita
3284 792 3423 849 enim

1893 859 2132 929 superbis
2161 870 2212 910 et
2258 863 2621 929 peccatoribus
2669 859 2855 924 violata
2886 859 3074 916 Christi
3103 865 3264 929 gratia
3291 865 3427 916 sicut

1895 928 2116 1000 Samson
2168 927 2329 980 incisa
2355 931 2778 1000 comadiabolus
2825 932 3008 984 illudit.
3039 927 3140 985 Sed
3182 934 3307 1000 quid
3349 943 3429 986 est

1893 995 2029 1067 quod
2082 996 2301 1067 Samson
2354 998 2440 1050 ille
2483 999 2546 1049 ab
2571 999 3103 1067 allophyliscaptus,
3151 995 3423 1067 postquam

1893 1065 2070 1115 oculos
2094 1065 2334 1134 perdidit,
2366 1068 2427 1117 ad
2453 1068 2638 1118 molam
2675 1065 2946 1134 deputatus
2964 1065 3047 1121 est
3076 1070 3244 1133 ‘iQuia
3269 1065 3427 1122 nimi-

1892 1146 2004 1202 rum
2031 1132 2238 1202 maligni
2259 1135 2490 1199 spiritus,
2525 1132 2795 1202 postquam
2839 1132 3175 1190 tentatiouum
3203 1139 3427 1190 stimulis

1891 1199 2031 1252 intus
2059 1199 2223 1252 aciem
2273 1199 2727 1268 contemplationis
2753 1205 3021 1266 effodiunt,
3073 1204 3205 1260 foris
3259 1206 3430 1257 Immi-

1891 1283 2008 1339 nem
2054 1269 2102 1339 in
2134 1269 2348 1321 circuitu
2383 1272 2615 1323 laborum
2647 1274 2874 1325 mittunt.
2904 1274 3049 1338 Quod
3079 1275 3121 1326 si
3152 1274 3432 1339 aliquando

1892 1336 2028 1387 idem
2087 1337 2242 1388 homo
2289 1339 2499 1404 agendo'
2533 1341 2885 1404 paenitentiam
2927 1336 3134 1406 redeat,
3183 1336 3252 1395 illi
3289 1344 3428 1394 velut

1891 1419 2061 1476 coma
2081 1406 2372 1476 reducitur,
2391 1406 2450 1476 id
2479 1418 2582 1471 est,
2606 1408 2776 1476 gratia
2807 1408 3187 1472 reﬂorescente,
3215 1427 3428 1474 repara-

1894 1481 1978 1524 tur
2000 1473 2064 1526 ad
2092 1474 2335 1526 salutem.
2383 1473 2944 1540 Deinde,'cupiditatis'
2968 1492 3027 1529 ac
3063 1473 3280 1531 luxurias
3303 1480 3426 1530 sub-

1893 1542 2055 1593 versis
2104 1542 2377 1612 columnis,
2411 1544 2633 1597 victores
2676 1547 2849 1596 hostes
2876 1545 3074 1611 dejicit,
3106 1556 3158 1598 et
3187 1557 3426 1612 reparato

1891 1612 2179 1729 cirtgtuine
2215 1612 2268 1663 iit
2299 1611 2452 1664 ﬁnem
2486 1612 2767 1666 fortissime
2795 1616 2859 1666 de
2899 1616 3220 1669 dwmouibus
3250 1611 3430 1668 trium-

1895 1693 1924 1729 ti
1969 1692 1992 1727 τι
2036 1688 2091 1729 it.

1895 1688 2091 1741 pnanu.

332 1946 1410 2104 QU/ESTIONES
1499 1945 2017 2073 SUPER
2090 1949 2765 2073 LIBRUM
2814 1953 3342 2077 RUTH.

1673 2135 2005 2152 ...-

326 2217 607 2289 Videamus
641 2231 776 2270 nunc
795 2217 869 2283 de
898 2214 1068 2289 Ruth;
1106 2219 1262 2270 habet
1290 2219 1430 2271 enim
1471 2217 1564 2269 ista
1608 2225 1795 2289 typum
1830 2218 1871 2274 Β
1903 2217 2173 2289 respondit
2206 2217 2362 2289 :Ego
2398 2185 2508 2270 sum
2544 2236 2639 2270 νοτ
2667 2221 2927 2273 clamantis
2956 2221 3008 2272 iu
3037 2221 3227 2273 deserto
3273 2221 3431 2289 (Ibid.

255 2286 541 2339 Ecclesiae:
562 2289 779 2352 primtnn
805 2288 939 2351 quod
965 2289 1252 2353 alienigena
1278 2299 1438 2342 estex
1465 2287 1656 2350 populo
1679 2301 1796 2353 geu-

252 2355 335 2406 tili
366 2371 380 2412 ;
409 2369 544 2421 qure,
574 2356 750 2407 relicta
783 2356 946 2418 patria
975 2364 1029 2407 et
1057 2357 1428 2422 omnibusqute
1458 2355 1594 2407 illius
1626 2365 1794 2415 erant,

249 2424 402 2475 vadit
431 2426 481 2475 in
514 2434 703 2477 terram
735 2423 886 2474 Israel
921 2442 934 2476 :
990 2433 1042 2474 et
1068 2440 1184 2475 cum
1216 2425 1520 2490 prohiberet
1547 2423 1688 2474 illam
1719 2437 1797 2474 so-

248 2506 379 2545 crus
407 2507 500 2544 sua
534 2507 745 2559 pergere
777 2507 972 2553 secum,
1008 2494 1379 2559 perseverabat
1415 2495 1592 2544 dicens
1620 2508 1630 2542 :
1661 2493 1797 2552 Quo-

250 2576 450 2624 cunque
501 2563 770 2630 porrexeris
824 2577 1046 2630 pergam.
1098 2559 1327 2630 Populus
1382 2571 1523 2623 tuus,
1580 2563 1796 2626 populus

248 2645 394 2682 meus
420 2646 438 2681 :
469 2639 514 2680 et
545 2629 674 2680 Deus
704 2641 838 2691 tuus,
890 2628 1022 2680 Deus
1070 2628 1228 2682 meus.
1281 2629 1404 2692 Quae
1435 2640 1480 2680 te
1506 2631 1797 2680 morientem

251 2707 393 2749 terra
422 2698 707 2760 susceperit,
737 2699 786 2749 in
810 2714 868 2748 ea
897 2699 1100 2749 moriar.
1132 2698 1259 2763 Qua:
1306 2714 1434 2750 uxor
1479 2697 1590 2748 sine
1636 2697 1796 2749 dubio

251 2767 517 2834 typumin
547 2768 630 2818 illa
683 2766 839 2818 luisse
891 2768 1122 2819 Ecclesia
1176 2766 1491 2819 manifestat.
1536 2767 1622 2818 Sic
1652 2766 1793 2819 enim

254 2833 492 2886 Ecclesia
524 2849 585 2885 es
614 2836 856 2899 gentibus
885 2838 947 2886 ad
982 2836 1258 2887 Dominum
1282 2844 1587 2896 convocata,
1616 2834 1795 2886 relicta

251 2902 424 2967 patria
456 2917 570 2963 sua,
604 2905 740 2969 quod
771 2913 853 2953 est
879 2903 1185 2965 idololatria,
1228 2913 1280 2956 et
1320 2906 1513 2955 omissa
1556 2904 1796 2954 universa

245 2971 650 3024 conversatione
695 2980 920 3033 terrena,
975 2971 1249 3037 profitetur
1302 2971 1577 3024 Dominum
1633 2970 1794 3023 Deum

246 3054 406 3092 suum
448 3054 565 3092 esse
594 3041 643 3091 in
685 3055 840 3106 quem
891 3042 1052 3091 sancti
1103 3040 1458 3100 crediderunt,
1485 3047 1538 3090 et
1567 3039 1690 3090 illuc
1740 3056 1797 3092 se

249 3108 444 3158 ituram
475 3107 559 3159 ubi
585 3122 707 3159 caro
732 3106 925 3160 Christi
957 3119 1070 3174 post
1097 3109 1389 3174 pa~sionem
1437 3108 1692 3164 ascendit.
1745 3117 1798 3160 et

247 3176 322 3226 ob
351 3174 464 3241 ejus
490 3190 675 3227 nomen
705 3175 754 3226 in
788 3177 885 3228 hoc
914 3178 1106 3228 sarculo
1136 3180 1236 3241 pati
1270 3192 1428 3244 usque
1457 3177 1519 3228 ad
1548 3186 1792 3235 mortem,

257 3253 314 3296 et
343 3258 462 3296 cum
491 3254 787 3294 sanctorum
832 3246 1042 3310 populo,
1096 3247 1401 3309 patriarchis
1428 3246 1648 3307 scilicet,
1679 3259 1798 3309 pro-

262 3313 458 3375 pheiis,
506 3311 926 3370 consociaudam.
979 3313 1049 3364 De
1092 3328 1307 3376 quorum
1356 3315 1605 3365 societate
1657 3313 1795 3378 quod

256 3381 456 3432 sanctis
483 3395 547 3432 ex
572 3381 734 3446 stirpe
783 3383 1003 3433 Abraha:
1031 3381 1351 3433 venientibus
1381 3383 1795 3442 consticiaretur,

255 3447 465 3515 Moyses
491 3449 541 3499 in
569 3452 769 3499 cantico
789 3449 1208 3502 ostetidittlicens
1246 3466 1259 3500 :
1298 3449 1583 3510 Lartamini,
1608 3459 1789 3512 gentes,

217 3572 220 3573 ν
252 3532 372 3566 cum
399 3516 535 3579 plebe
563 3520 690 3583 ejus.
727 3515 779 3569 Id
809 3527 908 3578 est,
941 3533 1031 3568 vos
1057 3521 1141 3582 qui
1171 3535 1231 3569 ex
1260 3519 1497 3583 gentibus
1525 3519 1650 3569 estis
1679 3531 1794 3567 cre-

249 3585 435 3644 dituri,
469 3599 584 3636 cum
619 3585 718 3638 illis
749 3586 834 3650 qui
866 3585 1016 3650 primi
1047 3588 1194 3636 electi
1223 3597 1343 3637 sunt
1391 3597 1582 3638 aeterna
1614 3586 1792 3636 laetitia

246 3653 529 3705 exsultate.
586 3652 818 3720 Ingressa
865 3665 1036 3705 autem
1090 3653 1223 3704 Ruth
1268 3668 1384 3705 cum
1435 3668 1586 3704 socru
1617 3652 1789 3704 suain

249 3729 450 3774 terram
484 3721 660 3782 Israel,
697 3721 765 3773 ob
798 3723 983 3773 merita
1013 3723 1380 3787 obsequiorum
1428 3732 1638 3772 suorum
1672 3734 1791 3784 pro-

251 3789 488 3850 videtur,
538 3801 591 3841 ut
617 3790 811 3841 homini
855 3790 1256 3857 conjungeretut'
1285 3805 1348 3842 ex
1378 3791 1600 3841 Abrahae
1629 3798 1790 3854 stirpe

252 3857 504 3919 venienti,
535 3870 586 3909 et
617 3859 837 3924 primum
868 3859 1075 3924 quidem
1109 3861 1228 3910 huic
1258 3874 1412 3923 quem
1443 3863 1547 3923 ipsa
1579 3858 1779 3923 propin.

246 3937 414 3990 quum
454 3927 617 3993 magis
667 3941 786 3978 esse
826 3926 1070 3977 credebat
1101 3944 1113 3979 :
1145 3927 1232 3993 qui
1264 3937 1415 3991 negat
1444 3942 1500 3978 se
1533 3939 1684 3990 posse
1714 3924 1786 3976 illi

252 3993 455 4046 nubere
502 3993 746 4056 oli'ertur;
776 4003 828 4046 et
857 3993 1132 4056 recedente
1163 3996 1248 4045 ιΙΙο
1287 4008 1378 4060 per
1428 3993 1783 4046 testimonium

251 4062 439 4113 decem
490 4063 762 4126 majormn,
813 4064 947 4114 Booz
995 4064 1064 4115 illi
1101 4063 1454 4130 conjungitur,
1487 4072 1534 4114 et
1566 4063 1632 4113 ab
1659 4061 1785 4127 ipsis

249 4131 435 4182 decem
461 4131 756 4182 senioribus
787 4131 1130 4193 beuetlicitur,
1161 4133 1279 4197 quia
1308 4132 1446 4196 prior
1478 4134 1583 4196 ipse
1607 4144 1666 4181 ex
1696 4145 1787 4181 eoo

290 4200 429 4251 natis
470 4200 745 4252 conﬁtetur
770 4214 826 4251 se
854 4200 1021 4252 eidem
1071 4201 1264 4253 nubere
1311 4215 1482 4264 posse.
1530 4199 1638 4250 Hoc
1674 4197 1789 4250 Ioco

243 4215 429 4318 friatis
470 4215 745 4252 contuetur
770 4215 826 4251 se
854 4215 1021 4252 eioem
1071 4215 1264 4253 uenere
1311 4215 1482 4264 posse.
1530 4215 1638 4250 tioc
1674 4215 1788 4250 ioco

281 4269 467 4320 oaunis
499 4269 739 4334 Baptista:
772 4269 983 4335 liguram
1015 4271 1213 4320 ostendi
1245 4271 1640 4327 esistimamus,
1666 4265 1788 4332 quia

245 4351 371 4385 cum
408 4339 517 4401 ipse
556 4340 795 4402 apostolo
830 4337 1072 4388 ChriStus
1103 4347 1390 4403 putaretur.
1418 4347 1470 4387 et
1501 4339 1789 4398 interroga-

244 4413 396 4471 rctur
421 4406 534 4469 quis
561 4415 719 4467 esset,
771 4421 867 4455 non
890 4407 1103 4470 negavit,
1128 4406 1213 4456 sed
1230 4405 1485 4471 confessus
1507 4415 1576 4454 est
1599 4403 1788 4464 dicens,

244 4470 503 4523 Christum
531 4488 582 4524 se
611 4488 710 4522 nou
752 4488 855 4524 esse
891 4472 1064 4540 (loun.
1098 4488 1136 4534 ι,
1163 4473 1279 4538 20).
1321 4470 1382 4524 Et
1414 4474 1792 4537 perseveranti-

248 4541 350 4593 bus
385 4541 464 4594 his
491 4541 577 4610 qui
604 4541 746 4592 missi
777 4552 940 4604 erant,
973 4551 1025 4594 et
1052 4542 1428 4610 inquirentibus
1471 4540 1588 4607 quis
1629 4548 1788 4604 esset,

1898 2284 2012 2352 ‘25).
2045 2284 2335 2355 Novissime
2362 2290 2516 2338 etiam
2548 2289 2828 2340 conlitetur
2854 2292 2916 2340 de
2949 2290 3166 2340 Domino
3205 2284 3314 2355 ipse
3357 2293 3435 2342 di-

1898 2367 2023 2424 cens
2055 2373 2065 2405 :
2106 2354 2202 2419 Qui
2233 2356 2376 2406 habet
2405 2373 2663 2422 sponsam,
2691 2369 2900 2423 sponsus
2923 2368 2993 2408 est
3015 2356 3187 2420 (Joan.
3216 2354 3294 2421 tu,
3318 2359 3431 2424 29).

1897 2419 2173 2475 δόθυιεξω
2205 2419 2638 2490 amicum-sponsi
2669 2419 2981 2485 ttiunilestat,
3028 2441 3147 2476 cum
3195 2419 3430 2490 adjecit:

1897 2491 2099 2542 Amicus
2126 2507 2290 2542 autem
2304 2494 2471 2559 sponsi
2499 2503 2566 2543 est
2595 2495 2677 2557 qui
2703 2503 2819 2554 stat,
2838 2495 3038 2545 etaudit
3061 2510 3191 2556 eum,
3220 2505 3266 2546 et
3291 2497 3428 2548 (teta-

1896 2568 1976 2628 tur
1999 2570 2200 2623 propter
2228 2576 2393 2613 vocem
2427 2568 2593 2625 sponsi
2619 2561 2824 2628 (lbid.).
2854 2562 2996 2613 Hune
3023 2577 3145 2628 ergo
3171 2563 3431 2617 Christum

1897 2627 2283 2690 existimabant,
2303 2630 2419 2694 quia
2447 2630 2708 2681 Christum
2727 2630 2776 2681 iu
2793 2630 2877 2682 die
2894 2627 3201 2684 visitatiOnis
3217 2646 3324 2684 suae
3343 2648 3431 2684 ve-

1899 2695 2037 2748 nisse
2060 2711 2158 2748 non
2184 2697 2560 2762 intelligebaut.
2588 2697 2679 2749 Est
2699 2699 2887 2764 quippe
2915 2698 3161 2752 Ecclesiae
3184 2714 3427 2765 sponsus,

1898 2765 1985 2829 qui
2016 2765 2331 2831 propheticis
2360 2766 2572 2817 vocibus
2594 2776 2676 2818 est
2696 2777 2816 2818 ante
2845 2768 3148 2831 promissus,
3174 2770 3264 2822 sed
3296 2771 3431 2822 sicut

1897 2831 1984 2903 ille
2006 2835 2324 2903 proninquus
2347 2834 2569 2900 negavit,
2593 2843 2642 2884 et
2665 2843 2839 2896 postea
2869 2835 3243 2903 liuthjungitur
3263 2837 3428 2889 Booz:

1858 2965 1866 2974 _
1897 2901 1970 2952 ita
1999 2902 2253 2974 Christus,
2285 2903 2374 2967 qui
2405 2917 2528 2974 vere
2558 2917 2779 2974 sponsus
2825 2903 3071 2974 Ecclesiae
3115 2901 3220 2974 est,
3271 2920 3426 2971 quem

1899 2969 2269 3036 prophetarum
2302 2973 2531 3021 omnium
2562 2971 2772 3021 oracula
2819 2972 3134 3035 cecinerant,
3189 2969 3427 3037 dignatus

1898 3047 1978 3089 est
2007 3039 2293 3091 Ecclesiam
2321 3053 2587 3090 assumere
2617 3048 2666 3088 et
2692 3052 2752 3090 ex
2785 3039 3026 3091 omnibus
3053 3043 3292 3106 gentibus
3338 3059 3431 3106 per

1900 3117 2065 3176 totum
2092 3109 2273 3160 orbem
2306 3118 2558 3158 terrarum
2591 3106 2694 3157 Deo
2719 3107 2850 3158 Patri
2882 3110 3183 3161 innumeros
3207 3114 3427 3176 pOpqus

1898 3174 2105 3227 offerre.
2131 3176 2277 3237 Quod
2299 3189 2418 3226 vero
2433 3177 2695 3226 excalceat
2716 3189 2772 3225 se
2792 3186 3040 3240 cognatus
3071 3177 3174 3237 ille,
3195 3174 3426 3230 veterum

1898 3247 2219 3295 consuetudo
2265 3253 2395 3304 erat,
2428 3251 2482 3292 ut
2511 3242 2564 3292 si
2595 3256 2836 3307 sponsam
2888 3257 3110 3307 sponsus
3154 3250 3429 3310 repudiare

1902 3313 2081 3373 vellet,
2107 3312 2511 3379 discalcearetur
2529 3311 2638 3369 ille,
2653 3318 2705 3362 et
2727 3311 2821 3362 hoc
2835 3313 3186 3378 essetsignum
3205 3318 3425 3379 repudii.

1899 3381 2127 3433 Proinde
2153 3379 2439 3432 excalceari
2481 3378 2711 3443 iubetur,
2741 3394 2809 3448 ne
2843 3380 2903 3430 ad
2939 3380 3230 3448 Ecclesium
3268 3378 3425 3448 quas:

1899 3462 2125 3513 sponsus
2150 3449 2406 3499 calceatus
2424 3449 2710 3498 accederet.
2739 3446 2844 3497 lloc
2865 3447 3000 3498 enim
3026 3448 3231 3501 Christo
3252 3446 3428 3500 serva-

1903 3516 2073 3578 batur,
2105 3518 2189 3580 qui
2222 3529 2626 3586 verttsrspousus
2655 3524 2788 3567 erat.
2842 3515 3014 3586 Decem
3058 3528 3219 3586 autem
3269 3520 3432 3586 majo-

1900 3599 2010 3633 rum
2061 3594 2179 3634 nam
2230 3583 2500 3635 benedictio
2529 3598 2547 3634 :
2577 3584 2671 3634 hoc
2717 3585 2944 3635 ostendit
2971 3585 3018 3634 in
3051 3585 3256 3639 nemine
3299 3583 3419 3638 Iesu

1901 3666 2084 3704 omnes
2112 3667 2226 3704 esse
2257 3663 2434 3719 gentes
2482 3651 2758 3702 solvendas
2785 3667 2842 3703 ac
2875 3652 3271 3705 benedicendas.
3323 3655 3426 3706 lota

1900 3722 2038 3772 enim
2068 3719 2646 3790 apudﬁra'cosdecem
2676 3720 2945 3786 siguilieat.
2973 3722 3098 3785 Quae
3127 3724 3285 3788 prima
3311 3724 3435 3790 litte;

1900 3803 1952 3839 ra
1985 3802 2171 3840 n0tnen
2201 3788 2402 3839 Domini
2432 3788 2555 3840 Jesu
2584 3802 2912 3854 summopere
2951 3789 3148 3841 scribit.
3180 3793 3304 3854 Quae
3330 3788 3435 3850 res,-

1899 3857 2222 3925 utdiximus,
2272 3871 2465 3925 omnes
2490 3867 2669 3919 gentes
2698 3871 2789 3922 per
2830 3858 2996 3925 ipsum
3046 3859 3324 3910 salvaudas
3371 3876 3431 3911 at:
3500 3885 3502 3891 ε

1898 3924 2278 3976 benedicendas
2301 3939 2417 3974 esse
2439 3923 2782 3989 demonstrat.
2806 3923 2909 3977 Nec
2932 3926 3128 3993 dubitet
3147 3942 3270 3993 ergo
3294 3929 3434 3989 quis-

1896 4007 2050 4058 quam
2078 3995 2186 4043 luec
2214 4004 2268 4042 ut
2297 3994 2429 4042 dicta
2455 4001 2576 4042 sunt
2599 3995 2812 4045 credere
2833 4007 2948 4045 cum
2974 3992 3143 4046 videat
3163 3992 3430 4050 universa.

1893 4071 1947 4111 et
1974 4061 2040 4113 ab
2072 4060 2217 4112 initio
2251 4061 2427 4127 liguris
2465 4062 2894 4113 antecedentibus
2924 4064 3345 4126 przecucorrisse,
3379 4074 3431 4113 ct

1899 4145 1989 4194 per
2017 4129 2297 4180 adventum
2339 4129 2539 4179 llomini
2571 4131 2844 4181 manifeSte
2883 4131 3158 4192 adimpleta
3187 4131 3262 4181 sic
3292 4146 3428 4192 essv,

1895 4209 1946 4248 et
1976 4212 2090 4261 qua:
2142 4210 2415 4259 supersunt
2454 4195 2552 4247 hoc
2583 4200 2736 4248 modo
2767 4199 3076 4262 perlicienda
3107 4200 3156 4249 iu
3188 4199 3427 4260 veritate,

1896 4266 2304 4316 consonantibus
2353 4267 2596 4316 ouinibus
2625 4275 2678 4317 et
2706 4267 2919 4318 vocibus
2949 4279 3001 4319 et
3031 4267 3205 4332 liguris
3252 4280 3426 4316 sacra-

1900 4349 2010 4385 rum
2029 4333 2413 4399 Scripturarum
2437 4348 2577 4398 :quae
2591 4334 2889 4399 adimplevit
2905 4337 2945 4385 is
2960 4334 3045 4399 qui
3073 4335 3332 4400 pollicitus
3352 4343 3433 4387 est:

1900 4416 1990 4468 per
2023 4401 2210 4453 Filium
2241 4417 2389 4452 suum
2417 4401 2594 4453 Jesum
2625 4403 2884 4454 Christum
2917 4401 3210 4466 Dominum,
3236 4402 3426 4468 Ilegetn

1899 4480 1952 4522 et
1991 4471 2322 4538 Salvatorent
2367 4479 2618 4530 nostrum,
2673 4485 2790 4521 cum
2830 4486 2934 4535 quo
2961 4480 3044 4522 est
3071 4471 3141 4524 illi
3168 4475 3330 4538 gloria
3379 4484 3430 4524 et

1900 4538 2068 4591 honor
2098 4541 2146 4590 in
2175 4537 2362 4590 sarcula
2394 4538 2723 4590 seculorum.
2756 4541 2943 4590 Amen.

244 4805 1390 4961 QU/ESTIONES
1471 4804 2009 4930 SUPER
2100 4804 2695 4928 REGUM
2749 4801 3415 4932 LIBROS.

1331 5110 1435 5184 IN
1495 5107 1893 5183 PRIMUM
1955 5106 2360 5180 LIBRUM.

763 5341 982 5396 CAPUT
1010 5344 1290 5399 PRIMUM.

692 5428 767 5484 De
793 5431 1048 5484 nativitate
1085 5433 1354 5486 Samuelis.

317 5519 448 5576 Post
469 5518 658 5573 librum
683 5518 917 5572 Iudicum
942 5521 1176 5585 sequitur
1208 5520 1341 5572 liber
1371 5518 1590 5587 Regum.
1621 5521 1684 5575 Et
1705 5539 1792 5576 as-

248 5594 366 5659 pice
399 5587 862 5659 tempora.__P_ritno
884 5587 1136 5659 judicum,
1169 5598 1346 5655 postea
1370 5605 1604 5659 regum;
1654 5594 1786 5644 sicut

251 5655 358 5715 erit
394 5659 563 5726 primo
591 5657 861 5723 judicium,
892 5655 1078 5711 deinde
1100 5672 1334 5726 regnum.
1366 5658 1418 5711 In
1445 5655 1629 5725 Quibus
1651 5663 1790 5727 quip-

1825 5329 1876 5387 Ῑ)
1903 5337 1965 5388 pe
2011 5321 2332 5384 temporibus
2379 5321 2553 5372 multis
2599 5331 2649 5374 et
2690 5321 2843 5374 variis
2886 5321 3054 5374 modis
3100 5331 3422 5374 sacramenta

1902 5391 2094 5450 Christi
2124 5399 2176 5442 et
2203 5391 2448 5442 Ecclesiae
2478 5392 2788 5442 revelantur.
2823 5390 2946 5440 Nam
2979 5392 3042 5440 ab
3069 5392 3179 5455 ipso
3209 5391 3424 5442 exordio

1902 5474 2080 5524 regem
2109 5469 2479 5511 commutatum
2510 5459 2851 5511 sacerdotium
2883 5461 2933 5511 in
2961 5459 3200 5512 Samuele
3244 5473 3420 5522 repro-

1903 5527 2023 5579 bato
2054 5527 2164 5579 Ileli
2197 5544 2210 5579 ε
2242 5538 2289 5578 et
2318 5535 2682 5578 commutatum
2715 5543 2926 5593 regnum
2956 5529 3004 5579 iti
3034 5526 3208 5586 David,
3237 5543 3419 5588 repro-

1906 5596 2027 5647 bato
2055 5595 2231 5653 Saule,
2261 5595 2567 5660 exclamavit
2598 5596 2932 5663 prmnuntiari
2965 5609 3149 5646 novum
3180 5594 3419 5645 saeurdo»

1905 5665 2030 5717 tiuui
2059 5678 2353 5731 novumque
2383 5678 2615 5731 regnum,
2652 5667 2928 5733 reprobate
2957 5664 3110 5716 veteri
3136 5663 3269 5730 quod
3310 5680 3419 5713 um-
