3914 6228
580 422 670 472 A‘il
1027 415 1225 469 BEDJE
1269 413 1707 469 VENERADILIS
1744 414 1890 468 OPP.
1934 411 2106 469 PARS
2146 413 2204 468 ll.
2239 385 2424 469 SECT.
2466 414 2525 469 Il.
2572 446 2635 459 --
2676 413 2872 471 DUBIA
2912 415 2995 469 ET
3034 414 3294 471 SPURIA.
3670 413 3768 465 ιδε

576 542 665 590 pra
695 547 803 590 εηι
829 534 1005 599 tuitui,
1033 534 1083 585 in
1114 532 1330 585 Domino
1372 530 1496 583 .lestt
1541 529 1751 582 Christo
1803 537 2096 583 venturum.
2130 530 2175 588 Α
2206 528 2391 599 David,
2416 539 2468 583 et
2505 530 2591 585 alii
2640 531 2912 598 deinceps,
2961 539 3235 598 antequam
3284 538 3498 599 tempus
3555 532 3764 583 veniret

575 609 757 660 Nonne
787 608 892 669 ipse
924 596 1081 655 David
1106 616 1222 653 cum
1252 614 1413 669 panes
1458 599 1831 669 pr0posititinis
1876 600 2099 669 mandu-
2201 598 2422 669 qu0‘ista
2451 599 2515 652 de
2532 600 2855 669 sacerdotio?
2886 596 3130 669 mutando
3174 614 3264 663 per
3287 596 3566 651 Christum
3620 601 3757 651 eﬂici

574 678 730 735 cavit,
756 666 885 740 quos
909 687 1011 725 non
1038 670 1224 723 licebat
1248 666 1681 740 manducarenisi
1705 667 2097 740 solissacerdo-
2200 666 2496 740 oportebat.
2528 667 2655 721 Nam
2679 682 2799 719 cum
2829 668 3047 740 diceret,
3079 666 3303 740 Loquens
3328 669 3526 740 locutus
3549 684 3691 727 sum,
3714 680 3764 718 ut

575 747 733 802 tibus.
764 736 811 795 in
841 757 939 806 una
980 753 1196 807 persona
1245 747 1519 803 utrumque
1551 736 1800 807 futurum,
1837 737 1885 807 id
1927 745 2006 788 est
2029 737 2099 807 in
2198 736 2376 787 domus
2407 745 2584 807 tuapet
2609 740 2786 789 domus
2809 739 2962 800 patris
2987 740 3057 788 tui
3080 737 3381 788 ministraret
3407 737 3461 787 in
3483 747 3763 807 conspectu

578 830 678 864 ttno
706 812 825 865 Jesu
856 804 1082 872 Christo,
1109 821 1323 874 regnum
1350 818 1396 856 et
1429 805 1778 858 sacerdotium
1829 804 2102 872 liguravit?
2200 818 2307 854 meo
2346 820 2499 871 usque
2518 805 2569 856 in
2592 807 2947 872 sempiternum
2972 820 2989 855 :
3013 821 3146 856 nunc
3184 816 3356 858 autem
3395 806 3525 857 dicit
3578 806 3756 856 Dono-

580 883 753 945 Itaque
778 882 885 947 ipsa
912 877 1171 932 Samuelis
1200 874 1484 947 sacerdotis
1506 874 1789 947 successio,
1815 888 2023 936 novum,
2038 882 2102 947 _ut
2200 886 2326 947 nos,
2347 874 2483 947 Absit
2507 874 2598 925 hoc
2623 890 2653 924 a
2677 891 2771 947 me,
2794 876 2879 925 sed
2918 876 3194 941 quicunque
3236 874 3610 942 glorificavert't
3630 945 3639 947 _
3661 890 3756 935 nte,

577 940 881 1019 praedictum
905 955 1005 1007 est,
1036 956 1086 998 et
1114 944 1486 1009 sempiternum
1534 942 1882 994 sacerdotium
1922 941 2099 1007 prteli-
2199 940 2486 1059 glori/imbri
2516 959 2627 994 eum
2654 944 2771 1006 :qui
2791 940 2954 994 autem
2979 940 3296 993 contemnunt
3318 959 3414 1003 me,
3436 951 3590 993 erunt
3620 945 3757 1009 igno-

577 1021 786 1059 mimtm
839 1019 924 1059 nni
954 1025 1034 1059 est
1062 1014 1298 1059 Christus
1345 1011 1517 1059 Iesus.
1573 1010 1682 1059 Ileli
1711 1010 1981 1059 sacerdote
2011 1025 2098 1059 re-
2231 1008 2320 1059 iles
2344 1025 2362 1059 :
2390 1024 2512 1059 ecce
2543 1012 2625 1059 isti
2668 1020 2787 1059 sunt
2812 1012 2924 1059 dies
2947 1012 3031 1059 nni
3065 1012 3393 1059 ora-nuntiati
3446 1023 3601 1059 sunt-
3658 1014 3756 1059 iam

575 1008 811 1084 inﬂabat,
839 1019 924 1081 (μιῇ
954 1025 1034 1069 εει
1062 1008 1298 1084 (ζιπῑεωε
1345 1011 1517 1084 Jesus,
1568 1010 1981 1084 ilelisacerdote
2011 1025 2098 1063 re-
2200 1008 2362 1084 biles;
2390 1024 2512 1064 ecce
2543 1012 2625 1063 isti
2668 1020 2787 1084 sunt
2812 1012 2924 1064 dies
2947 1012 3032 1084 qui
3065 1012 3393 1084 pra-nuntiati
3446 1023 3602 1069 sunt,
3646 1008 3756 1079 'jatn

579 1079 814 1154 probato,
846 1079 895 1138 id
927 1095 1025 1143 est.
1064 1083 1277 1154 Iudaico
1325 1080 1617 1154 sacerdotio
1663 1080 1887 1154 abiecto.
1938 1080 2100 1132 Mater
2200 1079 2338 1154 enim
2366 1091 2637 1154 venerunt.
2670 1079 2851 1154 ιξιμιιηε
2893 1081 3306 1154 enitnsacerdos
3336 1090 3419 1132 est
3451 1084 3758 1154 secundum

576 1146 780 1224 quoque
803 1146 915 1221 ipsa
937 1151 1213 1224 Samuelis.
1242 1165 1355 1217 quae
1386 1149 1527 1224 prius
1551 1148 1643 1224 fuit
1664 1148 1876 1208 sterilis.
1903 1159 1957 1224 et
1981 1163 2098 1214 pos-
2200 1146 2657 1224 ordinem__t\_arttn.
2690 1148 2814 1224 Nam
2845 1158 2897 1224 et
2921 1150 3047 1224 illud
3074 1149 3597 1224 quodibisequjtur,
3630 1150 3757 1224 §ss§

578 1216 751 1278 teriori
792 1216 1100 1275 fecunditate
1129 1216 1315 1277 laetata.
1346 1216 1494 1286 cujus
1522 1219 1677 1271 etiam
1710 1231 1898 1270 nomen
1927 1221 2091 1281 Anna,
2199 1216 2359 1286 citabo
2386 1216 2507 1267 mihi
2530 1218 2831 1269 sacerdotem
2860 1217 3081 1281 ﬁdelem,
3114 1218 3179 1269 de
3204 1216 3413 1270 Christo
3442 1219 3578 1272 Jesu
3625 1219 3751 1270 Novi

548 1294 627 1345 ~ld
658 1301 731 1346 est
754 1332 768 1351 .
794 1293 953 1359 gratia
987 1292 1112 1358 ejus,
1157 1284 1543 1359 interpretatur,
1588 1288 1748 1359 ipsam
1798 1286 2098 1359 religionem
2200 1284 2522 1359 Testamenti
2554 1302 2676 1359 vero
2699 1287 2967 1359 sacerdote
2988 1287 3208 1359 dicit_ur._
3225 1287 3371 1351 Quod
3406 1302 3535 1339 vero
3568 1287 3759 1355 adjun-

576 1352 945 1423 Christia'nam,
975 1352 1139 1425 ipsam
1168 1366 1430 1425 postremo
1458 1356 1545 1407 Dei
1574 1356 1792 1422 gratiam
1808 1355 2096 1425 signiﬁcat,
2198 1352 2336 1417 gitur
2366 1372 2377 1404 :
2413 1352 2474 1403 Et
2504 1357 2617 1416 erit,
2655 1356 2738 1419 qui
2784 1357 3073 1406 remanserit
3101 1356 3149 1404 in
3177 1356 3323 1425 domo
3368 1367 3479 1425 tua,
3502 1352 3673 1407 veniet
3714 1369 3759 1406 ut

578 1447 675 1498 qua
702 1430 847 1481 nobis
875 1424 1111 1498 Christus
1139 1426 1325 1498 oritur,
1357 1424 1519 1498 ipsam
1547 1438 1753 1498 quoque
1772 1424 2093 1498 .Ecclesiam,
2201 1432 2374 1498 oretur
2398 1439 2486 1498 pro
2506 1440 2592 1498 eo,
2616 1440 2714 1475 non
2744 1428 2949 1498 proprie
2979 1425 3173 1476 dicitur
3197 1424 3261 1498 de
3286 1424 3446 1498 domo
3470 1424 3646 1498 hujus
3662 1426 3757 1498 lle.

575 1488 689 1565 quae
718 1498 839 1550 olim
880 1497 1089 1565 sterilis,
1122 1508 1258 1565 nunc
1303 1488 1515 1565 fecunda
1546 1488 1595 1545 iit
1637 1488 1722 1544 D'ei
1750 1490 2098 1565 _laude1aata-
2198 1488 2261 1565 li,
2285 1490 2377 1565 sed
2409 1492 2545 1565 illius
2574 1488 2766 1553 Aaron,
2794 1493 2859 1543 de
2882 1506 3171 1565 quo‘ttsque
3192 1492 3254 1543 ad
3289 1488 3579 1565 adventum
3608 1495 3758 1565 Chri-

578 1559 680 1618 t'ur.
709 1566 835 1630 Quin
864 1566 987 1616 nihil
1016 1564 1154 1615 aliud
1184 1565 1232 1615 in
1263 1564 1464 1613 cantico
1493 1577 1589 1613 suo
1619 1560 1927 1628 prophetare
1955 1561 2097 1613 videv
2198 1560 2263 1609 sti
2300 1559 2537 1611 homines
2565 1570 2947 1613 remanserunt.
2977 1560 3047 1613 De
3078 1576 3178 1627 quo
3208 1576 3399 1628 genere
3443 1562 3611 1630 etiam
3659 1563 3756 1613 huc

580 1646 681 1695 tur,
708 1628 801 1687 nisi
831 1634 1163 1685 mutationem
1200 1632 1395 1684 Veteris
1433 1630 1748 1682 Testamenti
1795 1630 1871 1681 vel
1922 1642 2100 1681 s:tcer‘-
2202 1642 2367 1694 usque
2395 1642 2495 1680 non
2527 1630 2712 1682 desunt
2741 1630 2826 1693 qui
2853 1640 3237 1681 convertantur.
3279 1630 3349 1683 De
3387 1628 3585 1695 quibus
3626 1634 3756 1683 alios

578 1704 725 1763 dotii,
755 1704 805 1755 in
846 1701 1038 1753 Novum
1067 1700 1451 1753 Testamentum
1495 1700 1570 1751 vel
1616 1698 1983 1759 sacerdotium,
2011 1700 2098 1764 qui
2201 1696 2449 1761 propheta
2477 1697 2607 1750 dixit
2636 1716 2647 1747 :
2674 1698 2915 1763 llett’quia:
2940 1700 3088 1749 salva:
3112 1701 3249 1760 ﬁent.
3281 1697 3427 1751 Unde
3454 1707 3505 1750 et
3529 1700 3755 1761 Aposto-

582 1778 665 1823 est
689 1772 945 1823 Christus.
975 1770 1081 1822 Nisi
1113 1769 1243 1821 forte
1266 1769 1382 1833 quis
1411 1768 1567 1826 dicat,
1598 1767 1725 1818 nihil
1753 1767 1949 1818 Annam
1982 1782 2098 1824 pro-
2202 1765 2279 1815 Ius
2310 1781 2325 1817 :
2357 1764 2443 1817 Sic
2470 1781 2605 1833 ergo,
2640 1767 2821 1831 inquit,
2853 1777 2894 1817 et
2922 1768 2972 1817 in
3011 1768 3101 1818 hoc
3139 1776 3355 1833 tempore
3392 1768 3631 1824 reliquia'
3678 1785 3756 1821 se-

578 1841 847 1914 pltetasse,
901 1839 990 1891 sed
1055 1838 1226 1914 Deum.
1275 1835 1631 1914 tantummodo
1660 1845 1888 1914 propter
1940 1835 2097 1914 [illum
2136 1856 2177 1914 Β
2203 1836 2418 1914 cundum
2447 1835 2731 1914 electionem
2760 1837 2935 1912 gratia;
2958 1837 3112 1914 saltue
3136 1837 3285 1913 [σαεξ
3308 1846 3438 1914 sunt
3466 1834 3648 1914 (Rom.
3685 1852 3753 1896 ιι,

577 1903 923 1974 impetratum,
951 1906 1229 1959 essultanti
1259 1905 1629 1971 praedicatione
1660 1905 1917 1956 laudasse.
1961 1903 2095 1974 Quid

576 1973 698 2041 ergo
727 1976 825 2028 sibi
856 1976 965 2026 vult
992 1974 1127 2039 quod
1155 1975 1246 2032 ait,
1289 1974 1470 2023 Arcum
1513 1981 1765 2041 potentum
1798 1974 1917 2039 fecit
1954 1973 2094 2037 infir-

576 2038 731 2107 mum,
763 2056 806 2095 et
832 2038 1017 2110 inﬁrmi
1054 2042 1261 2094 accincti
1302 2051 1414 2093 sunt
1442 2038 1653 2093 virtute?
1703 2038 1850 2092 Pleni
1890 2042 2098 2106 panibus

581 2113 815 2165 minorati
839 2117 976 2173 sunt,
1006 2121 1053 2163 et
1078 2115 1344 2163 esurientes
1388 2113 1686 2161 transierunt
1728 2119 1935 2171 terram;
1979 2111 2099 2177 quia

576 2182 755 2233 sterilis
785 2186 967 2251 peperit
990 2192 1193 2251 septem,
1227 2190 1271 2230 et
1302 2180 1458 2244 fetosa
1483 2180 1532 2229 in
1562 2179 1680 2251 ﬁliis
1711 2179 1963 2251 inﬁrmata
1992 2180 2099 2251 est?

578 2244 813 2317 Nunquid
843 2244 952 2315 ipsa
974 2244 1170 2313 septem
1196 2250 1411 2317 peperit,
1434 2244 1668 2317 quamvis
1690 2246 1885 2299 sterilis
1905 2244 2007 2297 iuet
2023 2247 2097 2299 it?

582 2315 794 2371 Unicum
829 2318 1068 2378 habebat,
1097 2316 1303 2382 quando
1326 2320 1418 2367 ista
1440 2315 1669 2376 dicebat;
1692 2317 1780 2366 sed
1806 2318 2095 2381 nec'postea

574 2397 777 2453 septem
808 2385 1008 2453 peperit
1034 2387 1141 2437 sive
1169 2399 1282 2442 sex,
1314 2386 1497 2451 quibus
1527 2385 1777 2447 septimus
1807 2394 1947 2435 esset
1988 2386 2097 2447 ipse

578 2456 807 2517 Samuel,
838 2457 926 2506 sed
959 2464 1061 2507 tres
1093 2468 1260 2505 mares
1290 2462 1342 2505 et
1375 2454 1503 2503 duas
1546 2453 1782 2503 feminas.
1819 2453 2015 2505 Deinde
2047 2454 2096 2504 in

581 2526 672 2576 illo
703 2523 911 2591 populo,
956 2538 1071 2591 cunt
1103 2522 1270 2573 adhuc
1299 2535 1452 2573 nemo
1482 2531 1740 2591 regnaret,
1770 2522 1891 2586 quid
1934 2525 1981 2571 itt
2004 2534 2096 2591 es-

581 2603 750 2645 tretno
774 2589 976 2657 posuit:
1010 2590 1105 2641 Dat
1134 2593 1372 2657 virtutem
1396 2589 1604 2656 regibus
1634 2592 1844 2652 nostris,
1874 2600 1925 2640 et
1949 2589 2096 2641 exal-

578 2660 708 2713 tabit
734 2656 894 2712 cOrttu
924 2658 1113 2711 ChriSIi
1144 2656 1249 2709 sui?
1284 2656 1426 2710 Unde
1456 2665 1566 2709 hinc
1596 2660 1818 2717 dicebat,
1853 2658 1948 2709 nisi
1980 2675 2096 2723 pro-

580 2727 856 2796 phetabat?
888 2726 1017 2779 Dicit
1046 2742 1169 2797 ergo
1197 2724 1425 2797 Ecclesia
1468 2727 1708 2797 Cltristi,_
1739 2728 1919 2797 civitas
1948 2730 2097 2797 regis

579 2793 771 2864 magni,
804 2797 977 2848 Gratia
1009 2793 1176 2860 plena,
1212 2796 1353 2859 prole
1392 2793 1611 2864 fecunda
1644 2795 1959 2861 :dicitquod
1987 2807 2098 2864 tau-

578 2873 636 2919 to
660 2862 779 2917 ante
799 2863 865 2917 de
888 2878 945 2917 se
970 2867 1329 2930 prophetatum
1362 2878 1452 2929 per
1476 2862 1626 2927 hujus
1650 2864 1744 2929 pia:
1767 2865 1945 2915 matris
1968 2863 2096 2917 all‘e-

579 2945 716 2987 ctum
744 2932 990 3000 agnoscit.
1022 2930 1376 2997 Con/irntatunt
1400 2940 1469 2981 est
1495 2947 1579 2981 cor
1604 2948 1760 2982 meum
1785 2933 1834 2983 in
1864 2931 2091 2993 Domino,

577 3012 626 3054 et
646 3004 917 3055 exaltatum
938 3008 1008 3053 est
1034 3016 1188 3052 cornu
1213 3016 1372 3051 meum
1394 3000 1444 3050 in
1475 3000 1577 3051 Deo
1597 3001 1805 3052 salutari
1836 3016 1961 3065 meo,
1994 3010 2093 3054 etc.

581 3070 775 3123 Interea
822 3069 1027 3123 Samuel
1051 3080 1153 3123 erat
1184 3072 1469 3121 ntinistraus
1494 3072 1543 3119 in
1566 3072 1744 3136 templo
1785 3067 1899 3133 Dei,
1930 3073 2098 3120 accin-

580 3152 684 3191 ctus
707 3141 885 3206 epltod.
914 3138 1070 3190 Porro
1094 3140 1185 3203 lilii
1232 3137 1276 3189 11
1285 3141 1346 3188 eli
1369 3139 1531 3188 divina
1557 3139 1805 3201 sacriﬁcia
1826 3140 2095 3190 nescientes

580 3212 843 3271 peccabant
866 3223 1033 3258 coram
1061 3206 1273 3257 Domino
1295 3220 1311 3256 :
1336 3214 1377 3255 tt
1406 3206 1688 3256 deridebant
1713 3220 1801 3271 per
1829 3222 1911 3257 eos
1955 3209 2094 3257 multi

579 3276 875 3341 sacrificium
902 3275 1011 3326 Dei.
1042 3275 1185 3327 Unde
1213 3287 1264 3326 et
1292 3274 1399 3326 Heli
1432 3276 1673 3325 sacerdos
1689 3289 1973 3339 proeorutn
1995 3276 2100 3327 ini‘

581 3347 778 3410 unitate
828 3344 1099 3395 damnatus
1152 3353 1249 3402 est,
1293 3344 1425 3408 quod
1465 3358 1555 3395 eos
1598 3356 1869 3408 peccantes
1930 3345 2100 3396 minus

580 3426 760 3465 severa
787 3410 1227 3463 animadversione
1254 3410 1505 3470 plectebat
1534 3413 1855 3463 misertimos
1881 3427 1894 3461 :
1924 3420 1971 3462 ct
1994 3414 2104 3476 qui-

580 3484 697 3533 dem
738 3481 965 3533 coercuit
994 3489 1040 3530 et
1068 3479 1338 3543 corripuit,
1389 3477 1478 3529 sed
1528 3479 1741 3531 lenitate
1770 3491 1819 3530 et
1862 3494 2104 3533 mansue-

585 3552 759 3602 tudine
788 3548 965 3617 patris,
998 3561 1099 3599 non
1124 3547 1395 3598 severitate
1416 3556 1467 3597 et
1488 3548 1791 3617 auctoritate
1817 3548 2099 3614 pontificis.

582 3622 691 3681 Qua
730 3616 983 3668 sententia
1014 3617 1213 3666 discant
1245 3619 1541 3665 sacerdotes
1566 3616 1825 3680 quomodo
1866 3619 1959 3680 ipsi
1987 3632 2105 3683 pro-

586 3696 697 3753 pter
745 3695 949 3753 peccata
1000 3684 1242 3743 liliOI'ltlll,
1282 3684 1328 3731 id
1371 3694 1463 3737 est
1492 3694 1701 3753 propter
1748 3686 1965 3743 scelera,
2016 3701 2103 3749 νυ-

587 3751 809 3804 itiatttttr.
848 3751 1047 3813 Quique
1074 3753 1255 3809 etiam,
1300 3751 1531 3815 quamvis
1578 3760 1739 3802 sauctt
1788 3754 1911 3816 siut,
1955 3759 2102 3816 culpa

586 3830 757 3873 tamen
784 3819 1103 3871 subditorum
1131 3817 1347 3880 eisdem,
1379 3818 1420 3869 si
1454 3832 1553 3869 non
1586 3828 1903 3883 Coerceatur,
1956 3837 2099 3888 repu-

583 3896 738 3942 tatur.

1186 3972 1403 4027 CAPUT
1444 3973 1502 4025 ll.

920 4067 996 4122 De
1016 4071 1255 4137 propheta
1278 4068 1343 4119 ad
1368 4066 1483 4120 Ileli
1510 4068 1776 4121 destinato.

660 4160 805 4214 Venit
829 4169 992 4213 autem
1019 4159 1253 4227 propheta
1282 4158 1370 4210 Dei
1397 4160 1601 4227 quidam
1638 4160 1703 4209 ad
1734 4158 1849 4225 Heli
1887 4162 2112 4213 sacerdo-

587 4239 701 4294 tem,
723 4241 765 4281 et
785 4231 964 4281 dixitei
988 4245 1003 4280 :
1027 4226 1149 4280 Htec
1170 4230 1286 4279 dicit
1311 4226 1567 4291 Dominus,
1594 4228 1837 4295 Nunquid
1860 4246 1952 4279 non
1975 4247 2117 4293 aper-

590 4310 635 4348 te
658 4298 895 4350 revelatus
918 4314 1021 4349 sum
1046 4298 1219 4347 domui
1248 4298 1401 4360 patris
1424 4299 1513 4359 tui,
1545 4312 1656 4347 cum
1678 4306 1799 4366 esset
1818 4299 1869 4348 in
1893 4298 2116 4366 Αξαῃριο

588 4367 641 4416 in
686 4366 832 4417 domo
862 4366 1159 4429 Pharaonis,
1185 4374 1228 4416 et
1254 4366 1379 4431 elegi
1406 4380 1516 4415 eunt
1544 4381 1605 4415 ex
1634 4364 1854 4417 omnibus
1896 4364 2117 4418 tribubus
2147 4397 2152 4402 -

591 4432 751 4485 Israel
768 4435 887 4484 mihi
904 4436 954 4484 in
971 4435 1295 4495 sacerdotem,
1312 4443 1363 4483 ut
1385 4435 1667 4484 ascenderet
1679 4433 1745 4483 ad
1760 4434 1918 4485 altare
1932 4450 2109 4500 meum,

2203 1902 2278 1966 5).
2313 1902 2384 1954 De
2414 1902 2602 1956 talibus
2648 1905 2787 1956 enim
2836 1903 3055 1956 residuis
3102 1906 3233 1956 bene
3276 1905 3590 1965 intelligitur
3641 1920 3753 1957 esse

2186 1960 2332 2034 tum
2365 1970 2562 2025 dictum
2588 1982 2685 2036 est,
2722 1972 2819 2034 Qui
2857 1972 3143 2023 remanserit
3170 1973 3219 2022 in
3246 1973 3395 2023 domo
3442 1960 3553 2033 lita,
3595 1977 3755 2025 veniet

2198 2049 2252 2088 ut
2283 2046 2449 2091 oretur
2473 2055 2563 2107 pro
2589 2056 2662 2093 eo.
2697 2039 2937 2093 Prolecm
2996 2041 3080 2106 qui
3136 2042 3301 2093 credit
3360 2042 3409 2093 in
3462 2041 3753 2101 Christum,

2196 2110 2329 2158 sicut
2378 2109 2698 2175 temporibus
2729 2109 3101 2173 apostolorum,
3134 2124 3198 2162 es
3243 2112 3352 2175 ipsa
3393 2122 3549 2177 gente
3604 2113 3750 2175 primi

2202 2188 2459 2229 venerunt
2495 2186 2547 2229 et
2585 2177 2933 2231 crediderunt.
2986 2179 3161 2245 Neque
3208 2194 3345 2229 nunc
3398 2181 3594 2231 desunt
3645 2184 3750 2243 qui,

2203 2244 2322 2296 licet
2368 2247 2653 2308 rarissime,
2706 2256 2879 2298 tamen
2925 2244 3163 2307 credant,
3196 2256 3249 2297 ut
3276 2250 3559 2311 impleatur
3596 2248 3648 2299 in
3679 2251 3751 2298 bis

2197 2312 2334 2379 quod
2371 2312 2458 2366 hic
2490 2314 2645 2365 homo
2676 2314 2765 2366 Dei
2799 2317 3001 2366 locutus
3028 2324 3123 2367 est.
3160 2316 3308 2377 Quod
3342 2331 3467 2367 vero
3497 2318 3751 2368 continuo

2198 2390 2409 2433 secutus
2458 2383 2713 2445 adiunxit,
2750 2380 2811 2433 Et
2842 2382 2986 2445 oﬂ'ert
3028 2399 3285 2434 nummum
3332 2399 3656 2451 argenteum,
3707 2398 3751 2438 et

2199 2458 2379 2501 tortam
2423 2453 2591 2519 panis.
2646 2453 2780 2516 Quid
2825 2467 2914 2515 per
2956 2467 3220 2503 nummum
3269 2465 3604 2519 argenteum,
3657 2455 3751 2505 ui:i

2197 2521 2303 2586 oris
2332 2518 2594 2573 confessio
2620 2520 2943 2586 designatur,
2974 2535 3089 2586 qua!
3120 2522 3175 2571 lit
3205 2518 3540 2572 credentibus
3574 2523 3641 2573 ad
3676 2539 3741 2574 sa

2198 2585 2400 2639 lntem?
2429 2591 2712 2655 Argentum
2743 2585 2882 2640 enim
2916 2585 3007 2653 pro
3035 2590 3243 2653 eloquio
3278 2592 3391 2651 poni
3421 2592 3578 2652 solet,
3610 2590 3743 2643 Psal.

2196 2656 2347 2706 mista
2379 2666 2626 2719 testante,
2655 2657 2739 2727 ubi
2771 2660 2973 2709 canitur
3010 2675 3019 2707 :
3055 2656 3271 2723 Eloquia
3299 2658 3522 2723 Dommi,
3549 2663 3749 2727 eloquia

2195 2733 2331 2775 casta
2358 2740 2376 2777 :
2404 2737 2663 2793 argentum
2701 2726 2813 2792 igne
2850 2727 3214 2788 examinatum,
3268 2730 3530 2791 probatum
3583 2726 3748 2791 ttrm,

2198 2802 2465 2861 purgatum
2492 2796 2770 2862 scptuplum
2796 2794 3017 2859 (Psalm.
3048 2810 3120 2850 XI.
3152 2797 3225 2862 7).
3278 2798 3413 2862 Ergo
3464 2798 3600 2847 dicit
3651 2800 3746 2850 iste

2194 2862 2278 2927 qui
2309 2866 2462 2923 venit,
2488 2862 2692 2914 Dimitte
2713 2880 2806 2923 me,
2831 2864 3048 2921 obsecro,
3075 2865 3138 2913 ad
3164 2879 3313 2913 unam
3368 2875 3555 2927 partem
3583 2882 3745 2917 sacer.

2196 2930 2434 2993 dotalem,
2470 2941 2522 2983 ut
2556 2932 2808 2982 comedunt
2838 2933 3107 2982 buccellam
3152 2934 3311 2997 punis.
3344 2936 3630 2985 Sacerduta
3646 2938 3743 2986 lem

2198 3009 2395 3064 partem
2427 3015 2613 3063 corpus
2642 3000 2853 3059 Christi,
2889 3001 2935 3050 id
2964 3011 3041 3051 est
3072 3001 3357 3053 Ecclesiattt
3394 3004 3540 3063 dicit,
3588 3006 3744 3067 cujus

2197 3068 2359 3133 plebis
2389 3069 2472 3120 ille
2497 3073 2749 3121 sacerdos‘
2773 3068 3026 3120 mediator
3061 3070 3147 3120 Dei
3180 3080 3228 3122 et
3273 3071 3542 3122 hominum
3588 3072 3747 3122 homo

2198 3146 2297 3195 est,
2328 3136 2561 3189 Chrisuts
2587 3136 2755 3189 Iesus.
2786 3138 2877 3188 Cui
2911 3138 3041 3197 plebi
3071 3139 3195 3188 dicit
3222 3141 3489 3198 apostolus
3522 3143 3745 3192 l'etrtts:

2200 3203 2348 3257 Plebs
2376 3213 2565 3264 sancta,
2597 3208 2759 3271 regale
2781 3206 3114 3255 sacerdotium
3142 3208 3187 3272 (Ι
3230 3204 3370 3258 Petr.
3395 3222 3427 3267 ι,
3454 3212 3528 3272 to).
3564 3208 3615 3259 ltt
3653 3212 3747 3261 hac

2200 3275 2700 3344 partesacerdotah,
2732 3279 2957 3339 postulat
2993 3279 3270 3327 comedere
3320 3277 3606 3329 buccellatn
3658 3293 3746 3344 pa-

2200 3342 2298 3395 ttis.
2334 3342 2530 3404 Quibus
2561 3344 2731 3393 verbis
2764 3346 2928 3405 ipsum
2959 3344 3271 3395 sacriﬁcium
3322 3342 3742 3397 Christianorum

2199 3412 2462 3475 eleganter
2484 3426 2784 3476 expressum
2810 3422 2915 3473 est;
2944 3412 3131 3475 dequo
3152 3412 3274 3468 dicit
3300 3412 3562 3466 Sacerdus
3595 3420 3743 3479 ipse:

2204 3479 2357 3533 I’unis
2404 3495 2543 3545 quem
2584 3496 2675 3545 ego
2720 3481 2874 3540 dabo,
2919 3494 3034 3529 caro
3074 3495 3184 3530 mea
3220 3490 3289 3530 est
3321 3497 3410 3546 pro
3442 3485 3613 3531 mundi
3648 3486 3746 3533 rita

2200 3548 2375 3614 (Joan.
2406 3564 2472 3609 vt,
2507 3548 2611 3612 52).
2647 3549 2813 3613 Ipsum
2846 3556 2923 3597 est
2953 3548 3141 3612 quippe
3166 3549 3501 3611 Sacriticitttn,
3532 3567 3630 3601 non
3657 3567 3743 3603 se-

2202 3618 2422 3666 cundum
2482 3617 2715 3668 ordinem
2774 3619 2975 3679 Aaron,
3026 3618 3115 3667 sed
3159 3619 3444 3670 secundum
3495 3623 3738 3673 ot'dtueut

2207 3686 2603 3736 Melchisedech.

2799 3774 3013 3826 CAPUT
3057 3775 3138 3825 lll.

2689 3860 2759 3911 De
2796 3876 2924 3910 amr
2954 3862 3251 3925 captit'itutc.

2282 3953 2435 4018 igitur
2469 3961 2797 4016 [lOsIEanHlll
2830 3951 2941 4001 haec
2970 3953 3017 4000 itt
3054 3954 3210 4016 lignra
3245 3953 3545 4003 mutationis
3580 3953 3735 4007 \‘ete-

2209 4020 2281 4072 ris
2312 4022 2627 4073 'l'estanteuti
2658 4038 2683 4070 a
2714 4022 2962 4085 propheta
2993 4022 3077 4070 ilio
3118 4024 3457 4083 μτίριιιιιιιὴιιιι
3508 4039 3624 4073 sunt
3669 4028 3732 4074 ad

2210 4089 2343 4150 Heli,
2372 4088 2560 4153 offenso
2585 4088 2795 4139 Domino
2816 4084 2879 4137 ab
2904 4084 3060 4137 Israel
3081 4088 3425 4139 instruxerunt
3444 4092 3599 4142 aciem
3625 4090 3740 4142 Phi-

2211 4158 2392 4209 listlta'i
2420 4166 2591 4209 contra
2621 4172 2701 4208 eos
2723 4170 2741 4207 :
2764 4156 2942 4206 tollunt
2983 4166 3145 4207 autent
3190 4154 3433 4209 Israelita
3461 4176 3626 4211 arcam
3672 4162 3739 4210 ad

2210 4229 2489 4279 stationem
2514 4242 2678 4287 suam,
2714 4234 2757 4276 et
2790 4234 2934 4287 capta
2972 4235 3043 4277 est
3081 4225 3141 4275 ab
3165 4226 3387 4278 hostibus
3434 4244 3574 4279 arcu.
3628 4226 3736 4293 Ipsi

2211 4311 2403 4362 quoque
2444 4310 2541 4344 non
2580 4293 2738 4343 solum
2784 4295 2895 4343 victi
2938 4304 3073 4354 sunt,
3098 4305 3145 4346 et
3175 4296 3223 4344 in
3245 4295 3417 4361 fugant
3447 4298 3593 4353 versi,
3635 4312 3739 4345 tuto

2214 4365 2357 4415 etiam
2394 4367 2576 4429 magna
2594 4372 2781 4428 strages
2810 4362 2941 4426 facta
2966 4372 3034 4412 est
3060 4363 3355 4413 occisorum.
3382 4363 3625 4416 Nonnihil
3660 4374 3736 4414 ta-

2218 4447 2334 4483 men
2380 4433 2664 4482 iuturorunt
2695 4432 2791 4481 hoc
2818 4429 3071 4494 signiﬁcat
3107 4444 3189 4483 res
3214 4442 3379 4498 gesta.
3433 4431 3738 4497 Pmphetice

590 4514 635 4552 et
657 4500 877 4553 adoleret
899 4504 1017 4551 mihi
1042 4504 1313 4561 incensum,
1332 4510 1375 4553 et
1394 4512 1608 4569 portaret
1634 4501 1792 4569 ephod
1817 4518 1981 4554 coram
2007 4496 2109 4555 mei
2140 4496 2187 4554 D
2215 4502 2355 4553 enim
2381 4499 2610 4569 alcaiilla
2640 4498 2704 4551 ab
2732 4498 3033 4569 alienigenis
3051 4496 3236 4569 capta,
3279 4496 3547 4554 indicabat
3580 4512 3739 4553 testa-

590 4581 635 4622 ει
658 4570 771 4621 dedi
811 4570 895 4621 tibi
920 4570 1147 4622 etdontui
1168 4570 1322 4635 patris
1346 4572 1415 4619 tui
1438 4571 1601 4621 omnia
1620 4571 1679 4622 de
1693 4572 1953 4636 sacriﬁciis
1974 4572 2106 4637 ﬁlio-

593 4655 701 4689 rum
720 4637 913 4691 Israel?
934 4637 1099 4700 Quare
1120 4651 1239 4705 ergo
1265 4638 1395 4687 calce
1421 4638 1638 4704 abiecisti
1661 4641 1907 4689 victimam
1927 4656 2106 4703 meum,

591 4718 634 4757 et
665 4723 869 4759 munera
904 4723 1010 4757 mea
1040 4722 1151 4773 quo:
1178 4707 1385 4773 praecepi
1415 4716 1465 4756 ut
1496 4706 1784 4769 offerrentur
1818 4709 1869 4757 in
1906 4710 2107 4772 templo,

593 4785 637 4825 et
662 4778 816 4845 magis
838 4775 1389 4845 honorasti'ﬁtiostuos
1414 4790 1561 4845 quam
1585 4791 1687 4838 me,
1720 4785 1771 4825 ut
1799 4778 2110 4827 comederetis

595 4840 832 4910 primitias
864 4845 1015 4895 omnis
1043 4843 1273 4911 sacriﬁcii
1299 4840 1455 4911 Israel
1483 4845 1651 4910 populi
1678 4846 1811 4895 mei?
1842 4845 2111 4911 Propterea

596 4908 699 4962 lucc
724 4914 842 4963 dicit
871 4912 1107 4963 Dominus
1132 4908 1262 4960 Deus
1290 4909 1450 4963 Israel
1472 4908 1489 4962 ἐ
1514 4908 1736 4972 Loquens
1764 4908 1953 4965 locutus
1983 4930 2109 4976 sum,

596 4988 646 5027 ut
676 4980 851 5030 domus
877 4990 960 5029 tua
999 4988 1043 5029 et
1076 4978 1250 5029 domus
1294 4982 1447 5045 patris
1474 4980 1545 5029 tui
1574 4983 1867 5032 ministraret
1906 4985 1955 5033 in
1994 4998 2110 5033 eon-

596 5059 759 5107 spectu
802 5062 906 5098 meo
946 5064 1095 5111 usque
1116 5048 1166 5096 in
1188 5050 1558 5114 sempiternum.
1601 5047 1751 5098 Nunc
1788 5064 1951 5101 autent
1992 5052 2112 5101 dicit

585 5116 840 5166 Dominus
870 5128 887 5165 :
919 5114 1054 5165 Absit
1076 5115 1167 5164 hoc
1196 5131 1225 5164 α
1255 5131 1346 5167 me.
1378 5116 1480 5169 Sed
1500 5117 1771 5182 quicunque
1798 5118 2110 5182 gloriﬁcave-

594 5184 657 5233 rit
700 5199 794 5245 me,
822 5182 1108 5251 gloriﬁcubo
1150 5198 1258 5233 eum
1284 5197 1300 5231 .'
1326 5187 1410 5251 qui
1449 5196 1611 5235 autem
1650 5196 1968 5238 contemnunt
2014 5203 2110 5251 me,

594 5262 733 5321 erunt
767 5248 1019 5317 ignobiles.
1053 5248 1345 5321 ‘Eccegdiesv
1377 5255 1592 5315 veniunt,
1626 5266 1669 5305 et
1698 5256 1962 5321 pra'cidatn
2002 5248 2110 5308 bra;

597 5320 760 5369 citium
786 5332 938 5381 tuum,
973 5328 1017 5371 et
1046 5317 1300 5369 brachium
1324 5322 1499 5371 domus
1529 5325 1680 5385 patris
1699 5317 1779 5375 'tui
1808 5340 1825 5375 :
1855 5334 1904 5375 ut
1932 5342 2026 5376 non
2050 5326 2113 5377 sit

598 5402 751 5458 senes
766 5389 815 5437 in
840 5390 986 5440 domo
1013 5399 1116 5449 tua,
1137 5396 1186 5458 et
1210 5388 1389 5458 uidebis
1424 5394 1655 5441 annulum
1695 5402 1833 5443 tuum
1862 5395 1910 5443 in
1934 5398 2112 5458 templo

597 5473 645 5505 tn
668 5456 903 5508 universis
926 5456 1169 5522 prosperis
1200 5452 1379 5507 Israel.
1404 5460 1526 5518 Quae
1553 5460 1815 5524 prophetia
1848 5462 1912 5513 de
1942 5452 2111 5513 mnia-

598 5526 733 5576 tioue
763 5526 1039 5593 sacerdotii
1066 5538 1164 5575 non
1194 5536 1272 5577 est
1303 5526 1351 5577 in
1380 5527 1621 5579 Satnuele
1643 5531 1922 5593 completa,
1945 5530 2034 5581 sed
2061 5532 2110 5582 in

600 5593 813 5665 Domino
839 5594 955 5646 .lesu
987 5590 1191 5665 Christo
1228 5594 1423 5645 exstitit
1470 5590 1793 5647 adumbrata.
1843 5590 1966 5649 Nam
2000 5609 2113 5665 post

600 5660 886 5713 Samuelem
917 5660 1241 5727 prophetam,
1274 5674 1445 5725 poetea
1474 5667 1767 5717 sacerdotes
1802 5660 2012 5719 luerunt
2049 5668 2112 5718 de

597 5741 783 5789 genere
831 5733 1024 5792 Aaron,
1073 5729 1205 5779 sicut
1234 5727 1432 5780 Sadoctt
1463 5742 1514 5783 et
1540 5733 1808 5797 Abiatltar,
1864 5745 2111 5803 regnante

2213 4581 2441 4622 mentum
2492 4568 2579 4619 Dei
2628 4567 2960 4618 transiturum
3001 4566 3063 4618 ad
3092 4578 3291 4634 gentes.
3343 4570 3553 4632 Quando
3604 4574 3736 4619 enim

2210 4642 2489 4689 ttuntiatunt
2512 4646 2580 4686 est
2610 4634 2729 4686 IIeli
2750 4637 2991 4687 sacerdoti
3022 4648 3214 4698 captant
3242 4638 3393 4702 fuisse
3420 4654 3588 4688 arcam
3627 4638 3735 4688 Da-

2209 4707 2348 4765 mini,
2380 4706 2550 4757 cecidit
2581 4705 2642 4753 de
2668 4704 2812 4765 sella,
2844 4713 2891 4755 et
2920 4713 3143 4756 mortuus
3170 4717 3240 4756 est
3271 4718 3597 4756 :transeurtte
3617 4722 3737 4756 arca

2209 4774 2411 4825 Domini
2432 4774 2494 4825 ad
2517 4784 2702 4840 gentes,
2730 4772 2873 4840 periit
2896 4782 3039 4840 atque
3066 4774 3251 4823 interiit
3287 4774 3618 4825 sacerdotium
3635 4774 3735 4824 Ju-

2210 4844 2447 4911 dteorum.
2498 4838 2611 4911 Duo
2651 4838 2843 4908 quoque
2870 4840 2963 4905 ﬁlii
2993 4838 3109 4911 Heli
3155 4854 3467 4904 corruerunt,
3520 4860 3737 4907 quorum

2210 4910 2357 4963 unius
2378 4926 2503 4963 uxor
2527 4910 2748 4970 viduata,
2771 4918 2817 4960 et
2845 4924 2964 4963 mox
2986 4910 3037 4960 in
3063 4922 3209 4977 partu
3247 4921 3442 4961 mortua
3481 4924 3574 4973 est,
3614 4930 3733 4978 pro-

2212 4991 2318 5045 pter
2345 4983 2566 5031 eamdem
2594 4978 3025 5045 perturbationem.
3059 4981 3171 5043 Qoo
3190 4980 3414 5033 evtdeuti
3437 4981 3585 5047 signo
3606 4997 3739 5047 prae-

2212 5052 2481 5115 tiguratutn
2513 5057 2609 5111 est,
2642 5061 2753 5115 post
2782 5052 3091 5099 exstinctum
3131 5050 3475 5099 sacerdutium
3521 5050 3733 5103 Iudam-

2209 5131 2345 5179 rutn,
2376 5120 2633 5169 carnalem
2668 5116 2927 5167 interiisse
2971 5128 3305 5183 synagogam,
3345 5118 3415 5167 illi
3456 5120 3737 5169 carnaliter

2211 5185 2587 5255 adhaerentem}
2659 5180 3012 5252 prostrataque
3044 5180 3258 5235 IIeli’de
3292 5185 3415 5236 sella
3463 5187 3736 5251 pontiﬁcis,

2211 5253 2506 5306 Judaorum
2539 5255 2711 5306 sedem
2745 5255 2933 5303 habere
2964 5266 3197 5316 vacuam,
3230 5267 3280 5305 et
3306 5256 3525 5321 gloriam
3558 5270 3735 5305 sacer-

2211 5322 2337 5373 dotii
2388 5324 2629 5387 regnique
2674 5320 3153 5387 exstinctamrsw
3194 5320 3325 5387 quid
3344 5335 3422 5375 est
3455 5326 3589 5387 quod
3615 5324 3737 5375 dum

2214 5386 2485 5457 posuissent
2506 5386 2987 5441 Philisthiimarcam
3010 5386 3280 5441 Dominiin
3307 5386 3489 5455 templo
3516 5389 3739 5459 [lagonis

2212 5459 2290 5509 dei
2314 5462 2409 5519 sui,
2436 5460 2737 5515 intraverunt
2762 5460 3010 5521 temptant,
3040 5469 3087 5510 et
3113 5460 3399 5511 invenerunt
3428 5463 3574 5509 deum
3596 5478 3738 5512 suum

2210 5536 2509 5592 prostratum
2531 5536 2673 5593 atque
2693 5526 3019 5595 confractum;
3039 5538 3187 5589 caput
3202 5542 3400 5594 quoque
3420 5543 3529 5592 ejus
3546 5545 3609 5580 ac
3626 5532 3738 5581 dua

2212 5608 2387 5645 manus
2433 5596 2493 5644 ab
2522 5610 2635 5645 ctstz
2676 5594 2848 5645 erant?
2875 5595 3057 5647 Statim
3088 5596 3225 5647 enim
3250 5609 3310 5645 ut
3342 5595 3735 5651 Testamentum

2216 5662 2417 5733 Donum
2472 5663 2702 5733 pervenit
2732 5664 2780 5733 in
2807 5663 3063 5729 gentibus,
3112 5663 3387 5715 confestim
3434 5664 3598 5727 idola,
3627 5680 3739 5733 qua

2214 5731 2481 5797 deceptum
2530 5730 2860 5798 possidt-bant
2904 5733 3104 5798 orbem,
3151 5734 3415 5786 desttucta
3453 5747 3598 5798 sunt,
3631 5730 3735 5787 c.-
