  <div class='ocr_page' id='page_1' title='image "/cluster/home/n/w/nwhite01/storage/ocr_20150623/92-93/uva.x000827076/747.png"; bbox 0 0 3914 6228; ppageno 0'>
   <div class='ocr_carea' id='block_1_1' title="bbox 576 439 3737 499">
    <p class='ocr_par' dir='ltr' id='par_1_1' title="bbox 576 439 3737 499">
     <span class='ocr_line' id='line_1_1' title="bbox 576 439 3737 499; baseline 0.002 -7"><span class='ocrx_word' id='word_1_1' title='bbox 576 441 679 495; x_wconf 60' lang='lat'><strong>155</strong></span> <span class='ocrx_word' id='word_1_2' title='bbox 1027 439 1224 495; x_wconf 65' lang='lat' dir='ltr'><strong>BEDE</strong></span> <span class='ocrx_word' id='word_1_3' title='bbox 1263 439 1701 495; x_wconf 79' lang='lat' dir='ltr'><strong>VENERABILIS</strong></span> <span class='ocrx_word' id='word_1_4' title='bbox 1737 441 1878 496; x_wconf 81' lang='grc' dir='ltr'><strong>ΟΡΡ.</strong></span> <span class='ocrx_word' id='word_1_5' title='bbox 1922 441 2092 494; x_wconf 74' lang='lat' dir='ltr'><strong>PARS</strong></span> <span class='ocrx_word' id='word_1_6' title='bbox 2132 441 2194 494; x_wconf 93' lang='grc' dir='ltr'><strong>ΙΙ.</strong></span> <span class='ocrx_word' id='word_1_7' title='bbox 2234 441 2421 496; x_wconf 80' lang='lat' dir='ltr'><strong>SECT.</strong></span> <span class='ocrx_word' id='word_1_8' title='bbox 2459 444 2524 496; x_wconf 89' lang='lat' dir='ltr'><strong>ll.</strong></span> <span class='ocrx_word' id='word_1_9' title='bbox 2575 472 2631 482; x_wconf 85' lang='lat'>-</span> <span class='ocrx_word' id='word_1_10' title='bbox 2667 443 2868 499; x_wconf 82' lang='lat' dir='ltr'><strong>DUBIA</strong></span> <span class='ocrx_word' id='word_1_11' title='bbox 2906 442 2992 497; x_wconf 85' lang='lat' dir='ltr'><strong>ET</strong></span> <span class='ocrx_word' id='word_1_12' title='bbox 3033 443 3291 499; x_wconf 73' lang='lat' dir='ltr'><strong>SPUMA.</strong></span> <span class='ocrx_word' id='word_1_13' title='bbox 3640 445 3737 499; x_wconf 70' lang='grc' dir='ltr'><strong>ιδε</strong></span> 
     </span>
    </p>
   </div>
   <div class='ocr_carea' id='block_1_2' title="bbox 574 551 3730 625">
    <p class='ocr_par' dir='ltr' id='par_1_2' title="bbox 574 551 3730 625">
     <span class='ocr_line' id='line_1_2' title="bbox 574 551 3730 625; baseline 0.001 -20"><span class='ocrx_word' id='word_1_14' title='bbox 574 556 810 607; x_wconf 74' lang='lat' dir='ltr'><strong>diabolus</strong></span> <span class='ocrx_word' id='word_1_15' title='bbox 848 562 1057 625; x_wconf 76' lang='lat' dir='ltr'><strong>propter</strong></span> <span class='ocrx_word' id='word_1_16' title='bbox 1105 555 1431 625; x_wconf 75' lang='lat' dir='ltr'><strong>mysterium,</strong></span> <span class='ocrx_word' id='word_1_17' title='bbox 1479 552 1596 620; x_wconf 89' lang='lat' dir='ltr'><strong>quia</strong></span> <span class='ocrx_word' id='word_1_18' title='bbox 1645 553 1889 625; x_wconf 82' lang='lat' dir='ltr'><strong>omnibus</strong></span> <span class='ocrx_word' id='word_1_19' title='bbox 1935 553 2092 625; x_wconf 78' lang='lat' dir='ltr'><strong>etiam</strong></span> <span class='ocrx_word' id='word_1_20' title='bbox 2122 551 2323 615; x_wconf 84' lang='lat' dir='ltr'><strong>AQuia</strong></span> <span class='ocrx_word' id='word_1_21' title='bbox 2375 567 2500 621; x_wconf 88' lang='lat' dir='ltr'><strong>ergo</strong></span> <span class='ocrx_word' id='word_1_22' title='bbox 2530 555 2705 625; x_wconf 76' lang='lat' dir='ltr'><strong>gratia</strong></span> <span class='ocrx_word' id='word_1_23' title='bbox 2747 555 2866 608; x_wconf 81' lang='lat' dir='ltr'><strong>fecit</strong></span> <span class='ocrx_word' id='word_1_24' title='bbox 2911 551 3107 621; x_wconf 89' lang='lat' dir='ltr'><strong>impleri</strong></span> <span class='ocrx_word' id='word_1_25' title='bbox 3163 557 3351 625; x_wconf 89' lang='lat' dir='ltr'><strong>legem.</strong></span> <span class='ocrx_word' id='word_1_26' title='bbox 3401 556 3730 618; x_wconf 75' lang='lat' dir='ltr'><strong>signiﬁcatur</strong></span> 
     </span>
    </p>
   </div>
   <div class='ocr_carea' id='block_1_3' title="bbox 575 621 3727 691">
    <p class='ocr_par' dir='ltr' id='par_1_3' title="bbox 575 621 3727 691">
     <span class='ocr_line' id='line_1_3' title="bbox 575 621 3727 691; baseline 0 -16"><span class='ocrx_word' id='word_1_27' title='bbox 575 625 838 688; x_wconf 70' lang='lat' dir='ltr'><strong>spiritibus</strong></span> <span class='ocrx_word' id='word_1_28' title='bbox 867 623 1014 691; x_wconf 87' lang='lat' dir='ltr'><strong>malis</strong></span> <span class='ocrx_word' id='word_1_29' title='bbox 1045 623 1186 691; x_wconf 87' lang='lat' dir='ltr'><strong>bene</strong></span> <span class='ocrx_word' id='word_1_30' title='bbox 1211 621 1370 691; x_wconf 90' lang='lat' dir='ltr'><strong>utitur</strong></span> <span class='ocrx_word' id='word_1_31' title='bbox 1400 621 1570 691; x_wconf 66' lang='lat' dir='ltr'><strong>Deus,</strong></span> <span class='ocrx_word' id='word_1_32' title='bbox 1597 621 1678 673; x_wconf 90' lang='lat' dir='ltr'><strong>vel</strong></span> <span class='ocrx_word' id='word_1_33' title='bbox 1706 621 1770 673; x_wconf 91' lang='lat' dir='ltr'><strong>ad</strong></span> <span class='ocrx_word' id='word_1_34' title='bbox 1802 621 2094 691; x_wconf 86' lang='lat' dir='ltr'><strong>damnatio-</strong></span> <span class='ocrx_word' id='word_1_35' title='bbox 2159 658 2167 678; x_wconf 90' lang='lat'><strong>.</strong></span> <span class='ocrx_word' id='word_1_36' title='bbox 2197 630 2370 672; x_wconf 90' lang='lat' dir='ltr'><strong>autem</strong></span> <span class='ocrx_word' id='word_1_37' title='bbox 2411 621 2574 688; x_wconf 85' lang='lat' dir='ltr'><strong>gratia</strong></span> <span class='ocrx_word' id='word_1_38' title='bbox 2621 624 2791 678; x_wconf 88' lang='lat' dir='ltr'><strong>lacte:</strong></span> <span class='ocrx_word' id='word_1_39' title='bbox 2821 625 2917 675; x_wconf 88' lang='lat' dir='ltr'><strong>hoc</strong></span> <span class='ocrx_word' id='word_1_40' title='bbox 2961 635 3041 676; x_wconf 88' lang='lat' dir='ltr'><strong>est</strong></span> <span class='ocrx_word' id='word_1_41' title='bbox 3087 621 3305 677; x_wconf 69' lang='lat' dir='ltr'><strong>eniniin</strong></span> <span class='ocrx_word' id='word_1_42' title='bbox 3338 638 3501 676; x_wconf 86' lang='lat' dir='ltr'><strong>carne</strong></span> <span class='ocrx_word' id='word_1_43' title='bbox 3527 627 3727 691; x_wconf 83' lang='lat' dir='ltr'><strong>gratui-</strong></span> 
     </span>
    </p>
   </div>
   <div class='ocr_carea' id='block_1_4' title="bbox 574 689 2097 757">
    <p class='ocr_par' dir='ltr' id='par_1_4' title="bbox 574 689 2097 757">
     <span class='ocr_line' id='line_1_4' title="bbox 574 689 2097 757; baseline 0 -15"><span class='ocrx_word' id='word_1_44' title='bbox 574 707 690 744; x_wconf 83' lang='lat' dir='ltr'><strong>nem</strong></span> <span class='ocrx_word' id='word_1_45' title='bbox 723 690 1082 754; x_wconf 82' lang='lat' dir='ltr'><strong>quorumdam,</strong></span> <span class='ocrx_word' id='word_1_46' title='bbox 1112 690 1192 742; x_wconf 90' lang='lat' dir='ltr'><strong>vel</strong></span> <span class='ocrx_word' id='word_1_47' title='bbox 1222 690 1286 741; x_wconf 92' lang='lat' dir='ltr'><strong>ad</strong></span> <span class='ocrx_word' id='word_1_48' title='bbox 1313 689 1751 747; x_wconf 86' lang='lat' dir='ltr'><strong>emendationem.</strong></span> <span class='ocrx_word' id='word_1_49' title='bbox 1781 691 1861 743; x_wconf 90' lang='lat' dir='ltr'><strong>vel</strong></span> <span class='ocrx_word' id='word_1_50' title='bbox 1886 689 1948 741; x_wconf 87' lang='lat' dir='ltr'><strong>ad</strong></span> <span class='ocrx_word' id='word_1_51' title='bbox 1980 705 2097 757; x_wconf 89' lang='lat' dir='ltr'><strong>pro-</strong></span> 
     </span>
    </p>
   </div>
   <div class='ocr_carea' id='block_1_5' title="bbox 577 758 2093 824">
    <p class='ocr_par' dir='ltr' id='par_1_5' title="bbox 577 758 2093 824">
     <span class='ocr_line' id='line_1_5' title="bbox 577 758 2093 824; baseline -0.001 -13"><span class='ocrx_word' id='word_1_52' title='bbox 577 761 834 813; x_wconf 86' lang='lat' dir='ltr'><strong>bationem</strong></span> <span class='ocrx_word' id='word_1_53' title='bbox 861 776 874 820; x_wconf 87' lang='lat'><strong>;</strong></span> <span class='ocrx_word' id='word_1_54' title='bbox 904 770 958 812; x_wconf 86' lang='lat' dir='ltr'><strong>et</strong></span> <span class='ocrx_word' id='word_1_55' title='bbox 984 760 1219 824; x_wconf 82' lang='lat' dir='ltr'><strong>quamvis</strong></span> <span class='ocrx_word' id='word_1_56' title='bbox 1249 759 1541 819; x_wconf 73' lang='lat' dir='ltr'><strong>malignitas</strong></span> <span class='ocrx_word' id='word_1_57' title='bbox 1568 773 1594 807; x_wconf 88' lang='lat' dir='ltr'><strong>a</strong></span> <span class='ocrx_word' id='word_1_58' title='bbox 1628 758 1844 809; x_wconf 90' lang='lat' dir='ltr'><strong>Domino</strong></span> <span class='ocrx_word' id='word_1_59' title='bbox 1875 773 1978 810; x_wconf 88' lang='lat' dir='ltr'><strong>non</strong></span> <span class='ocrx_word' id='word_1_60' title='bbox 2009 758 2093 822; x_wconf 89' lang='lat' dir='ltr'><strong>sit,</strong></span> 
     </span>
    </p>
   </div>
   <div class='ocr_carea' id='block_1_6' title="bbox 577 825 2096 892">
    <p class='ocr_par' dir='ltr' id='par_1_6' title="bbox 577 825 2096 892">
     <span class='ocr_line' id='line_1_6' title="bbox 577 825 2096 892; baseline 0.001 -15"><span class='ocrx_word' id='word_1_61' title='bbox 577 837 804 892; x_wconf 74' lang='lat' dir='ltr'><strong>potestas</strong></span> <span class='ocrx_word' id='word_1_62' title='bbox 830 839 998 881; x_wconf 90' lang='lat' dir='ltr'><strong>tamen</strong></span> <span class='ocrx_word' id='word_1_63' title='bbox 1024 842 1123 878; x_wconf 90' lang='lat' dir='ltr'><strong>non</strong></span> <span class='ocrx_word' id='word_1_64' title='bbox 1156 827 1252 879; x_wconf 89' lang='lat' dir='ltr'><strong>nisi</strong></span> <span class='ocrx_word' id='word_1_65' title='bbox 1277 843 1305 877; x_wconf 92' lang='lat' dir='ltr'><strong>a</strong></span> <span class='ocrx_word' id='word_1_66' title='bbox 1331 827 1434 878; x_wconf 91' lang='lat' dir='ltr'><strong>Deo</strong></span> <span class='ocrx_word' id='word_1_67' title='bbox 1458 835 1556 879; x_wconf 91' lang='lat' dir='ltr'><strong>est.</strong></span> <span class='ocrx_word' id='word_1_68' title='bbox 1590 825 1675 880; x_wconf 91' lang='lat' dir='ltr'><strong>Sic</strong></span> <span class='ocrx_word' id='word_1_69' title='bbox 1699 838 1750 879; x_wconf 91' lang='lat' dir='ltr'><strong>et</strong></span> <span class='ocrx_word' id='word_1_70' title='bbox 1777 827 1898 878; x_wconf 85' lang='lat' dir='ltr'><strong>alibi</strong></span> <span class='ocrx_word' id='word_1_71' title='bbox 1929 828 2096 880; x_wconf 90' lang='lat' dir='ltr'><strong>dictus</strong></span> 
     </span>
    </p>
   </div>
   <div class='ocr_carea' id='block_1_7' title="bbox 573 895 2094 961">
    <p class='ocr_par' dir='ltr' id='par_1_7' title="bbox 573 895 2094 961">
     <span class='ocr_line' id='line_1_7' title="bbox 573 895 2094 961; baseline 0.001 -14"><span class='ocrx_word' id='word_1_72' title='bbox 573 907 653 948; x_wconf 82' lang='lat' dir='ltr'><strong>est</strong></span> <span class='ocrx_word' id='word_1_73' title='bbox 681 910 835 958; x_wconf 90' lang='lat' dir='ltr'><strong>sopor</strong></span> <span class='ocrx_word' id='word_1_74' title='bbox 864 895 1086 959; x_wconf 86' lang='lat' dir='ltr'><strong>Domini,</strong></span> <span class='ocrx_word' id='word_1_75' title='bbox 1117 897 1202 960; x_wconf 86' lang='lat' dir='ltr'><strong>qui</strong></span> <span class='ocrx_word' id='word_1_76' title='bbox 1237 905 1576 961; x_wconf 73' lang='lat' dir='ltr'><strong>occupaverat</strong></span> <span class='ocrx_word' id='word_1_77' title='bbox 1623 895 1819 948; x_wconf 75' lang='lat' dir='ltr'><strong>milites</strong></span> <span class='ocrx_word' id='word_1_78' title='bbox 1857 895 2094 961; x_wconf 80' lang='lat' dir='ltr'><strong>ejusdem</strong></span> 
     </span>
    </p>
   </div>
   <div class='ocr_carea' id='block_1_8' title="bbox 575 962 2095 1030">
    <p class='ocr_par' dir='ltr' id='par_1_8' title="bbox 575 962 2095 1030">
     <span class='ocr_line' id='line_1_8' title="bbox 575 962 2095 1030; baseline -0.001 -13"><span class='ocrx_word' id='word_1_79' title='bbox 575 964 716 1023; x_wconf 88' lang='lat' dir='ltr'><strong>Saul.</strong></span> <span class='ocrx_word' id='word_1_80' title='bbox 747 978 862 1016; x_wconf 92' lang='lat' dir='ltr'><strong>cum</strong></span> <span class='ocrx_word' id='word_1_81' title='bbox 902 964 1059 1016; x_wconf 83' lang='lat' dir='ltr'><strong>David</strong></span> <span class='ocrx_word' id='word_1_82' title='bbox 1106 963 1303 1014; x_wconf 87' lang='lat' dir='ltr'><strong>hastam</strong></span> <span class='ocrx_word' id='word_1_83' title='bbox 1352 973 1400 1015; x_wconf 90' lang='lat' dir='ltr'><strong>et</strong></span> <span class='ocrx_word' id='word_1_84' title='bbox 1443 962 1690 1030; x_wconf 86' lang='lat' dir='ltr'><strong>scyphum</strong></span> <span class='ocrx_word' id='word_1_85' title='bbox 1740 965 2039 1029; x_wconf 70' lang='lat' dir='ltr'><strong>abstulisset</strong></span> <span class='ocrx_word' id='word_1_86' title='bbox 2067 977 2095 1015; x_wconf 92' lang='lat' dir='ltr'><strong>a</strong></span> 
     </span>
    </p>
   </div>
   <div class='ocr_carea' id='block_1_9' title="bbox 576 1031 2095 1102">
    <p class='ocr_par' dir='ltr' id='par_1_9' title="bbox 576 1031 2095 1102">
     <span class='ocr_line' id='line_1_9' title="bbox 576 1031 2095 1102; baseline 0.001 -19"><span class='ocrx_word' id='word_1_87' title='bbox 576 1035 750 1102; x_wconf 79' lang='lat' dir='ltr'><strong>rapite</strong></span> <span class='ocrx_word' id='word_1_88' title='bbox 778 1034 1100 1085; x_wconf 85' lang='lat' dir='ltr'><strong>dormientis.</strong></span> <span class='ocrx_word' id='word_1_89' title='bbox 1143 1031 1370 1102; x_wconf 67' lang='lat' dir='ltr'><strong>Namque</strong></span> <span class='ocrx_word' id='word_1_90' title='bbox 1395 1033 1564 1102; x_wconf 81' lang='lat' dir='ltr'><strong>sopor</strong></span> <span class='ocrx_word' id='word_1_91' title='bbox 1590 1033 1675 1102; x_wconf 90' lang='lat' dir='ltr'><strong>qui</strong></span> <span class='ocrx_word' id='word_1_92' title='bbox 1706 1041 1827 1102; x_wconf 83' lang='lat' dir='ltr'><strong>tunc</strong></span> <span class='ocrx_word' id='word_1_93' title='bbox 1857 1032 2095 1102; x_wconf 82' lang='lat' dir='ltr'><strong>homines</strong></span> 
     </span>
    </p>
   </div>
   <div class='ocr_carea' id='block_1_10' title="bbox 576 1099 2094 1166">
    <p class='ocr_par' dir='ltr' id='par_1_10' title="bbox 576 1099 2094 1166">
     <span class='ocr_line' id='line_1_10' title="bbox 576 1099 2094 1166; baseline 0 -15"><span class='ocrx_word' id='word_1_94' title='bbox 576 1101 991 1166; x_wconf 73' lang='lat' dir='ltr'><strong>apprehenderat</strong></span> <span class='ocrx_word' id='word_1_95' title='bbox 1024 1112 1148 1152; x_wconf 91' lang='lat' dir='ltr'><strong>n-utu</strong></span> <span class='ocrx_word' id='word_1_96' title='bbox 1176 1099 1264 1152; x_wconf 89' lang='lat' dir='ltr'><strong>Dei</strong></span> <span class='ocrx_word' id='word_1_97' title='bbox 1283 1109 1394 1153; x_wconf 88' lang='lat' dir='ltr'><strong>erat</strong></span> <span class='ocrx_word' id='word_1_98' title='bbox 1417 1099 1634 1159; x_wconf 79' lang='lat' dir='ltr'><strong>infusus.</strong></span> <span class='ocrx_word' id='word_1_99' title='bbox 1669 1109 1733 1152; x_wconf 86' lang='lat' dir='ltr'><strong>ne</strong></span> <span class='ocrx_word' id='word_1_100' title='bbox 1765 1101 1921 1152; x_wconf 84' lang='lat' dir='ltr'><strong>David</strong></span> <span class='ocrx_word' id='word_1_101' title='bbox 1953 1100 2094 1153; x_wconf 82' lang='lat' dir='ltr'><strong>servi</strong></span> 
     </span>
    </p>
   </div>
   <div class='ocr_carea' id='block_1_11' title="bbox 575 1168 2095 1237">
    <p class='ocr_par' dir='ltr' id='par_1_11' title="bbox 575 1168 2095 1237">
     <span class='ocr_line' id='line_1_11' title="bbox 575 1168 2095 1237; baseline 0 -16"><span class='ocrx_word' id='word_1_102' title='bbox 575 1171 691 1237; x_wconf 82' lang='lat' dir='ltr'><strong>ejus</strong></span> <span class='ocrx_word' id='word_1_103' title='bbox 714 1170 763 1222; x_wconf 91' lang='lat' dir='ltr'><strong>iu</strong></span> <span class='ocrx_word' id='word_1_104' title='bbox 797 1169 912 1222; x_wconf 91' lang='lat' dir='ltr'><strong>loco</strong></span> <span class='ocrx_word' id='word_1_105' title='bbox 950 1170 1221 1236; x_wconf 61' lang='lat' dir='ltr'><strong>prae-entia</strong></span> <span class='ocrx_word' id='word_1_106' title='bbox 1259 1169 1562 1221; x_wconf 81' lang='lat' dir='ltr'><strong>sentiretur.</strong></span> <span class='ocrx_word' id='word_1_107' title='bbox 1600 1168 1798 1220; x_wconf 91' lang='lat' dir='ltr'><strong>Dicitur</strong></span> <span class='ocrx_word' id='word_1_108' title='bbox 1824 1183 1948 1237; x_wconf 76' lang='lat' dir='ltr'><strong>ergo</strong></span> <span class='ocrx_word' id='word_1_109' title='bbox 1987 1169 2095 1235; x_wconf 87' lang='lat' dir='ltr'><strong>spi-</strong></span> 
     </span>
    </p>
   </div>
   <div class='ocr_carea' id='block_1_12' title="bbox 574 1235 2095 1300">
    <p class='ocr_par' dir='ltr' id='par_1_12' title="bbox 574 1235 2095 1300">
     <span class='ocr_line' id='line_1_12' title="bbox 574 1235 2095 1300; baseline -0.002 -9"><span class='ocrx_word' id='word_1_110' title='bbox 574 1235 704 1292; x_wconf 86' lang='lat' dir='ltr'><strong>ritus</strong></span> <span class='ocrx_word' id='word_1_111' title='bbox 737 1235 1154 1300; x_wconf 81' lang='lat' dir='ltr'><strong>Dominimalus,</strong></span> <span class='ocrx_word' id='word_1_112' title='bbox 1184 1238 1281 1290; x_wconf 88' lang='lat' dir='ltr'><strong>hoc</strong></span> <span class='ocrx_word' id='word_1_113' title='bbox 1308 1247 1383 1289; x_wconf 88' lang='lat' dir='ltr'><strong>est</strong></span> <span class='ocrx_word' id='word_1_114' title='bbox 1417 1239 1652 1290; x_wconf 86' lang='lat' dir='ltr'><strong>minister</strong></span> <span class='ocrx_word' id='word_1_115' title='bbox 1683 1239 1774 1290; x_wconf 90' lang='lat' dir='ltr'><strong>Dei</strong></span> <span class='ocrx_word' id='word_1_116' title='bbox 1806 1237 1867 1289; x_wconf 88' lang='lat' dir='ltr'><strong>ad</strong></span> <span class='ocrx_word' id='word_1_117' title='bbox 1899 1235 2095 1290; x_wconf 82' lang='lat' dir='ltr'><strong>facien-</strong></span> 
     </span>
    </p>
   </div>
   <div class='ocr_carea' id='block_1_13' title="bbox 571 1305 2094 1373">
    <p class='ocr_par' dir='ltr' id='par_1_13' title="bbox 571 1305 2094 1373">
     <span class='ocr_line' id='line_1_13' title="bbox 571 1305 2094 1373; baseline 0.001 -17"><span class='ocrx_word' id='word_1_118' title='bbox 571 1309 692 1358; x_wconf 84' lang='lat' dir='ltr'><strong>dum</strong></span> <span class='ocrx_word' id='word_1_119' title='bbox 718 1309 766 1358; x_wconf 94' lang='lat' dir='ltr'><strong>in</strong></span> <span class='ocrx_word' id='word_1_120' title='bbox 794 1305 912 1361; x_wconf 89' lang='lat' dir='ltr'><strong>Saul</strong></span> <span class='ocrx_word' id='word_1_121' title='bbox 938 1307 1072 1373; x_wconf 90' lang='lat' dir='ltr'><strong>quod</strong></span> <span class='ocrx_word' id='word_1_122' title='bbox 1097 1321 1214 1359; x_wconf 90' lang='lat' dir='ltr'><strong>eum</strong></span> <span class='ocrx_word' id='word_1_123' title='bbox 1245 1307 1348 1370; x_wconf 86' lang='lat' dir='ltr'><strong>pati</strong></span> <span class='ocrx_word' id='word_1_124' title='bbox 1372 1306 1527 1371; x_wconf 73' lang='lat' dir='ltr'><strong>judex</strong></span> <span class='ocrx_word' id='word_1_125' title='bbox 1552 1305 2094 1370; x_wconf 90' lang='lat' dir='ltr'><strong>omnipotentissimus</strong></span> 
     </span>
    </p>
   </div>
   <div class='ocr_carea' id='block_1_14' title="bbox 565 1375 2093 1442">
    <p class='ocr_par' dir='ltr' id='par_1_14' title="bbox 565 1375 2093 1442">
     <span class='ocr_line' id='line_1_14' title="bbox 565 1375 2093 1442; baseline 0.001 -16"><span class='ocrx_word' id='word_1_126' title='bbox 565 1376 849 1441; x_wconf 78' lang='lat' dir='ltr'><strong>judicabat.</strong></span> <span class='ocrx_word' id='word_1_127' title='bbox 877 1375 1128 1440; x_wconf 85' lang='lat' dir='ltr'><strong>Quoniam</strong></span> <span class='ocrx_word' id='word_1_128' title='bbox 1156 1377 1370 1442; x_wconf 83' lang='lat' dir='ltr'><strong>spiritus</strong></span> <span class='ocrx_word' id='word_1_129' title='bbox 1390 1377 1475 1426; x_wconf 89' lang='lat' dir='ltr'><strong>ille</strong></span> <span class='ocrx_word' id='word_1_130' title='bbox 1502 1375 1764 1426; x_wconf 89' lang='lat' dir='ltr'><strong>voluntate</strong></span> <span class='ocrx_word' id='word_1_131' title='bbox 1795 1390 1894 1440; x_wconf 87' lang='lat' dir='ltr'><strong>qua</strong></span> <span class='ocrx_word' id='word_1_132' title='bbox 1926 1377 2093 1428; x_wconf 87' lang='lat' dir='ltr'><strong>malus</strong></span> 
     </span>
    </p>
   </div>
   <div class='ocr_carea' id='block_1_15' title="bbox 567 1443 2087 1509">
    <p class='ocr_par' dir='ltr' id='par_1_15' title="bbox 567 1443 2087 1509">
     <span class='ocr_line' id='line_1_15' title="bbox 567 1443 2087 1509; baseline -0.001 -14"><span class='ocrx_word' id='word_1_133' title='bbox 567 1453 695 1504; x_wconf 88' lang='lat' dir='ltr'><strong>erat,</strong></span> <span class='ocrx_word' id='word_1_134' title='bbox 726 1457 826 1496; x_wconf 93' lang='lat' dir='ltr'><strong>non</strong></span> <span class='ocrx_word' id='word_1_135' title='bbox 855 1452 968 1497; x_wconf 92' lang='lat' dir='ltr'><strong>erat</strong></span> <span class='ocrx_word' id='word_1_136' title='bbox 999 1443 1091 1496; x_wconf 88' lang='lat' dir='ltr'><strong>Dei</strong></span> <span class='ocrx_word' id='word_1_137' title='bbox 1118 1462 1130 1496; x_wconf 86' lang='lat'><strong>:</strong></span> <span class='ocrx_word' id='word_1_138' title='bbox 1156 1453 1389 1496; x_wconf 86' lang='lat' dir='ltr'><strong>creatura</strong></span> <span class='ocrx_word' id='word_1_139' title='bbox 1418 1457 1539 1494; x_wconf 88' lang='lat' dir='ltr'><strong>vero</strong></span> <span class='ocrx_word' id='word_1_140' title='bbox 1563 1457 1659 1509; x_wconf 90' lang='lat' dir='ltr'><strong>qua</strong></span> <span class='ocrx_word' id='word_1_141' title='bbox 1691 1445 1930 1496; x_wconf 87' lang='lat' dir='ltr'><strong>conditus</strong></span> <span class='ocrx_word' id='word_1_142' title='bbox 1956 1453 2087 1506; x_wconf 89' lang='lat' dir='ltr'><strong>erat,</strong></span> 
     </span>
    </p>
   </div>
   <div class='ocr_carea' id='block_1_16' title="bbox 566 1510 2091 1579">
    <p class='ocr_par' dir='ltr' id='par_1_16' title="bbox 566 1510 2091 1579">
     <span class='ocr_line' id='line_1_16' title="bbox 566 1510 2091 1579; baseline 0 -15"><span class='ocrx_word' id='word_1_143' title='bbox 566 1523 618 1564; x_wconf 83' lang='lat' dir='ltr'><strong>et</strong></span> <span class='ocrx_word' id='word_1_144' title='bbox 663 1521 934 1578; x_wconf 86' lang='lat' dir='ltr'><strong>potestate,</strong></span> <span class='ocrx_word' id='word_1_145' title='bbox 985 1526 1290 1579; x_wconf 79' lang='lat' dir='ltr'><strong>quamnon</strong></span> <span class='ocrx_word' id='word_1_146' title='bbox 1339 1524 1430 1564; x_wconf 87' lang='lat' dir='ltr'><strong>sua</strong></span> <span class='ocrx_word' id='word_1_147' title='bbox 1475 1510 1565 1564; x_wconf 89' lang='lat' dir='ltr'><strong>sed</strong></span> <span class='ocrx_word' id='word_1_148' title='bbox 1607 1511 1810 1564; x_wconf 90' lang='lat' dir='ltr'><strong>Domini</strong></span> <span class='ocrx_word' id='word_1_149' title='bbox 1861 1513 2091 1565; x_wconf 88' lang='lat' dir='ltr'><strong>omnium</strong></span> 
     </span>
    </p>
   </div>
   <div class='ocr_carea' id='block_1_17' title="bbox 569 1579 1518 1649">
    <p class='ocr_par' dir='ltr' id='par_1_17' title="bbox 569 1579 1518 1649">
     <span class='ocr_line' id='line_1_17' title="bbox 569 1579 1518 1649; baseline 0.002 -18"><span class='ocrx_word' id='word_1_150' title='bbox 569 1582 811 1649; x_wconf 73' lang='lat' dir='ltr'><strong>aequitate</strong></span> <span class='ocrx_word' id='word_1_151' title='bbox 834 1591 1122 1649; x_wconf 88' lang='lat' dir='ltr'><strong>acceperat,</strong></span> <span class='ocrx_word' id='word_1_152' title='bbox 1157 1579 1356 1634; x_wconf 86' lang='lat' dir='ltr'><strong>Domini</strong></span> <span class='ocrx_word' id='word_1_153' title='bbox 1383 1589 1518 1634; x_wconf 90' lang='lat' dir='ltr'><strong>erat.</strong></span> 
     </span>
    </p>
   </div>
   <div class='ocr_carea' id='block_1_18' title="bbox 1160 1693 1507 1748">
    <p class='ocr_par' dir='ltr' id='par_1_18' title="bbox 1160 1693 1507 1748">
     <span class='ocr_line' id='line_1_18' title="bbox 1160 1693 1507 1748; baseline 0.006 -2"><span class='ocrx_word' id='word_1_154' title='bbox 1160 1693 1380 1748; x_wconf 80' lang='lat' dir='ltr'><strong>CAPUT</strong></span> <span class='ocrx_word' id='word_1_155' title='bbox 1419 1695 1507 1748; x_wconf 86' lang='lat' dir='ltr'><strong>IX.</strong></span> 
     </span>
    </p>
   </div>
   <div class='ocr_carea' id='block_1_19' title="bbox 1112 1763 1548 1817">
    <p class='ocr_par' dir='ltr' id='par_1_19' title="bbox 1112 1763 1548 1817">
     <span class='ocr_line' id='line_1_19' title="bbox 1112 1763 1548 1817; baseline 0.007 -3"><span class='ocrx_word' id='word_1_156' title='bbox 1112 1763 1322 1816; x_wconf 76' lang='lat' dir='ltr'><strong>Davidis</strong></span> <span class='ocrx_word' id='word_1_157' title='bbox 1361 1767 1548 1817; x_wconf 84' lang='lat' dir='ltr'><strong>unctio.</strong></span> 
     </span>
    </p>
   </div>
   <div class='ocr_carea' id='block_1_20' title="bbox 632 1852 2078 1923">
    <p class='ocr_par' dir='ltr' id='par_1_20' title="bbox 632 1852 2078 1923">
     <span class='ocr_line' id='line_1_20' title="bbox 632 1852 2078 1923; baseline 0.002 -18"><span class='ocrx_word' id='word_1_158' title='bbox 632 1852 806 1923; x_wconf 69' lang='lat' dir='ltr'><strong>Itaque</strong></span> <span class='ocrx_word' id='word_1_159' title='bbox 850 1855 1005 1909; x_wconf 89' lang='lat' dir='ltr'><strong>Saule</strong></span> <span class='ocrx_word' id='word_1_160' title='bbox 1057 1864 1269 1923; x_wconf 89' lang='lat' dir='ltr'><strong>propter</strong></span> <span class='ocrx_word' id='word_1_161' title='bbox 1322 1855 1724 1910; x_wconf 88' lang='lat' dir='ltr'><strong>inobedientiam</strong></span> <span class='ocrx_word' id='word_1_162' title='bbox 1776 1855 2078 1921; x_wconf 82' lang='lat' dir='ltr'><strong>reprobate,</strong></span> 
     </span>
    </p>
   </div>
   <div class='ocr_carea' id='block_1_21' title="bbox 557 1922 2078 1989">
    <p class='ocr_par' dir='ltr' id='par_1_21' title="bbox 557 1922 2078 1989">
     <span class='ocr_line' id='line_1_21' title="bbox 557 1922 2078 1989; baseline 0.003 -16"><span class='ocrx_word' id='word_1_163' title='bbox 557 1922 994 1975; x_wconf 28' lang='lat' dir='ltr'><strong>mittit’Dominus</strong></span> <span class='ocrx_word' id='word_1_164' title='bbox 1041 1922 1247 1976; x_wconf 80' lang='lat' dir='ltr'><strong>Samuel</strong></span> <span class='ocrx_word' id='word_1_165' title='bbox 1290 1928 1355 1976; x_wconf 87' lang='lat' dir='ltr'><strong>ad</strong></span> <span class='ocrx_word' id='word_1_166' title='bbox 1402 1923 1530 1984; x_wconf 71' lang='lat' dir='ltr'><strong>Iani,</strong></span> <span class='ocrx_word' id='word_1_167' title='bbox 1583 1933 1630 1975; x_wconf 88' lang='lat' dir='ltr'><strong>et</strong></span> <span class='ocrx_word' id='word_1_168' title='bbox 1680 1935 1873 1989; x_wconf 73' lang='lat' dir='ltr'><strong>sumpto</strong></span> <span class='ocrx_word' id='word_1_169' title='bbox 1925 1940 2078 1977; x_wconf 80' lang='lat' dir='ltr'><strong>cornu</strong></span> 
     </span>
    </p>
   </div>
   <div class='ocr_carea' id='block_1_22' title="bbox 555 1991 2076 2059">
    <p class='ocr_par' dir='ltr' id='par_1_22' title="bbox 555 1991 2076 2059">
     <span class='ocr_line' id='line_1_22' title="bbox 555 1991 2076 2059; baseline 0.003 -18"><span class='ocrx_word' id='word_1_170' title='bbox 555 1991 654 2042; x_wconf 48' lang='lat' dir='ltr'><strong>olli</strong></span> <span class='ocrx_word' id='word_1_171' title='bbox 680 1994 819 2044; x_wconf 74' lang='lat' dir='ltr'><strong>unxit</strong></span> <span class='ocrx_word' id='word_1_172' title='bbox 861 1994 914 2044; x_wconf 85' lang='lat' dir='ltr'><strong>in</strong></span> <span class='ocrx_word' id='word_1_173' title='bbox 951 2007 1116 2059; x_wconf 85' lang='lat' dir='ltr'><strong>regem</strong></span> <span class='ocrx_word' id='word_1_174' title='bbox 1159 1991 1337 2045; x_wconf 84' lang='lat' dir='ltr'><strong>David.</strong></span> <span class='ocrx_word' id='word_1_175' title='bbox 1386 1994 1487 2046; x_wconf 91' lang='lat' dir='ltr'><strong>Sed</strong></span> <span class='ocrx_word' id='word_1_176' title='bbox 1532 1992 1798 2045; x_wconf 89' lang='lat' dir='ltr'><strong>videamus</strong></span> <span class='ocrx_word' id='word_1_177' title='bbox 1839 1994 2076 2046; x_wconf 87' lang='lat' dir='ltr'><strong>eumdem</strong></span> 
     </span>
    </p>
   </div>
   <div class='ocr_carea' id='block_1_23' title="bbox 559 2060 2072 2128">
    <p class='ocr_par' dir='ltr' id='par_1_23' title="bbox 559 2060 2072 2128">
     <span class='ocr_line' id='line_1_23' title="bbox 559 2060 2072 2128; baseline 0.003 -19"><span class='ocrx_word' id='word_1_178' title='bbox 559 2060 714 2111; x_wconf 79' lang='lat' dir='ltr'><strong>David</strong></span> <span class='ocrx_word' id='word_1_179' title='bbox 744 2062 1003 2128; x_wconf 87' lang='lat' dir='ltr'><strong>quomodo</strong></span> <span class='ocrx_word' id='word_1_180' title='bbox 1040 2062 1298 2112; x_wconf 75' lang='lat' dir='ltr'><strong>Christum</strong></span> <span class='ocrx_word' id='word_1_181' title='bbox 1347 2061 1644 2126; x_wconf 82' lang='lat' dir='ltr'><strong>prOphetice</strong></span> <span class='ocrx_word' id='word_1_182' title='bbox 1682 2061 2072 2125; x_wconf 78' lang='lat' dir='ltr'><strong>signiﬁcaverit.</strong></span> 
     </span>
    </p>
   </div>
   <div class='ocr_carea' id='block_1_24' title="bbox 557 2128 2073 2196">
    <p class='ocr_par' dir='ltr' id='par_1_24' title="bbox 557 2128 2073 2196">
     <span class='ocr_line' id='line_1_24' title="bbox 557 2128 2073 2196; baseline 0.003 -18"><span class='ocrx_word' id='word_1_183' title='bbox 557 2128 714 2180; x_wconf 84' lang='lat' dir='ltr'><strong>David</strong></span> <span class='ocrx_word' id='word_1_184' title='bbox 758 2132 895 2182; x_wconf 90' lang='lat' dir='ltr'><strong>enim</strong></span> <span class='ocrx_word' id='word_1_185' title='bbox 939 2131 1305 2192; x_wconf 85' lang='lat' dir='ltr'><strong>interpretatur</strong></span> <span class='ocrx_word' id='word_1_186' title='bbox 1341 2147 1492 2181; x_wconf 88' lang='lat' dir='ltr'><strong>manu</strong></span> <span class='ocrx_word' id='word_1_187' title='bbox 1521 2131 1684 2196; x_wconf 81' lang='lat' dir='ltr'><strong>fortis,</strong></span> <span class='ocrx_word' id='word_1_188' title='bbox 1717 2131 1826 2183; x_wconf 86' lang='lat' dir='ltr'><strong>sive</strong></span> <span class='ocrx_word' id='word_1_189' title='bbox 1877 2131 2073 2183; x_wconf 72' lang='lat' dir='ltr'><strong>deride-</strong></span> 
     </span>
    </p>
   </div>
   <div class='ocr_carea' id='block_1_25' title="bbox 555 2196 2073 2266">
    <p class='ocr_par' dir='ltr' id='par_1_25' title="bbox 555 2196 2073 2266">
     <span class='ocr_line' id='line_1_25' title="bbox 555 2196 2073 2266; baseline 0.005 -21"><span class='ocrx_word' id='word_1_190' title='bbox 555 2196 727 2249; x_wconf 72' lang='lat' dir='ltr'><strong>rabilis</strong></span> <span class='ocrx_word' id='word_1_191' title='bbox 751 2213 770 2250; x_wconf 88' lang='lat'><strong><em>:</em></strong></span> <span class='ocrx_word' id='word_1_192' title='bbox 800 2208 854 2249; x_wconf 90' lang='lat' dir='ltr'><strong>et</strong></span> <span class='ocrx_word' id='word_1_193' title='bbox 877 2197 1219 2262; x_wconf 82' lang='lat' dir='ltr'><strong>quid&#39;lortius</strong></span> <span class='ocrx_word' id='word_1_194' title='bbox 1250 2198 1397 2250; x_wconf 89' lang='lat' dir='ltr'><strong>leone</strong></span> <span class='ocrx_word' id='word_1_195' title='bbox 1428 2199 1517 2250; x_wconf 90' lang='lat' dir='ltr'><strong>illo</strong></span> <span class='ocrx_word' id='word_1_196' title='bbox 1547 2201 1612 2251; x_wconf 90' lang='lat' dir='ltr'><strong>de</strong></span> <span class='ocrx_word' id='word_1_197' title='bbox 1642 2199 1774 2251; x_wconf 87' lang='lat' dir='ltr'><strong>tribu</strong></span> <span class='ocrx_word' id='word_1_198' title='bbox 1805 2199 1956 2261; x_wconf 87' lang='lat' dir='ltr'><strong>Juda,</strong></span> <span class='ocrx_word' id='word_1_199' title='bbox 1989 2202 2073 2266; x_wconf 86' lang='lat' dir='ltr'><strong>qui</strong></span> 
     </span>
    </p>
   </div>
   <div class='ocr_carea' id='block_1_26' title="bbox 559 2266 2074 2332">
    <p class='ocr_par' dir='ltr' id='par_1_26' title="bbox 559 2266 2074 2332">
     <span class='ocr_line' id='line_1_26' title="bbox 559 2266 2074 2332; baseline 0.005 -19"><span class='ocrx_word' id='word_1_200' title='bbox 559 2267 677 2315; x_wconf 83' lang='lat' dir='ltr'><strong>vicit</strong></span> <span class='ocrx_word' id='word_1_201' title='bbox 723 2266 1001 2318; x_wconf 83' lang='lat' dir='ltr'><strong>mundum?</strong></span> <span class='ocrx_word' id='word_1_202' title='bbox 1045 2276 1097 2319; x_wconf 88' lang='lat' dir='ltr'><strong>et</strong></span> <span class='ocrx_word' id='word_1_203' title='bbox 1145 2267 1262 2331; x_wconf 86' lang='lat' dir='ltr'><strong>quid</strong></span> <span class='ocrx_word' id='word_1_204' title='bbox 1303 2267 1695 2320; x_wconf 89' lang='lat' dir='ltr'><strong>desiderabilius</strong></span> <span class='ocrx_word' id='word_1_205' title='bbox 1740 2269 1829 2321; x_wconf 91' lang='lat' dir='ltr'><strong>illo</strong></span> <span class='ocrx_word' id='word_1_206' title='bbox 1865 2268 1929 2321; x_wconf 91' lang='lat' dir='ltr'><strong>de</strong></span> <span class='ocrx_word' id='word_1_207' title='bbox 1971 2284 2074 2332; x_wconf 82' lang='lat' dir='ltr'><strong>quo</strong></span> 
     </span>
    </p>
   </div>
   <div class='ocr_carea' id='block_1_27' title="bbox 555 2334 2070 2404">
    <p class='ocr_par' dir='ltr' id='par_1_27' title="bbox 555 2334 2070 2404">
     <span class='ocr_line' id='line_1_27' title="bbox 555 2334 2070 2404; baseline 0.007 -24"><span class='ocrx_word' id='word_1_208' title='bbox 555 2334 758 2404; x_wconf 79' lang='lat' dir='ltr'><strong>dicitur,</strong></span> <span class='ocrx_word' id='word_1_209' title='bbox 812 2334 981 2387; x_wconf 87' lang='lat' dir='ltr'><strong>Veniet</strong></span> <span class='ocrx_word' id='word_1_210' title='bbox 1030 2336 1381 2388; x_wconf 75' lang='lat' dir='ltr'><strong>DBSIDERATUS</strong></span> <span class='ocrx_word' id='word_1_211' title='bbox 1424 2339 1610 2388; x_wconf 83' lang='lat' dir='ltr'><strong>cunctis</strong></span> <span class='ocrx_word' id='word_1_212' title='bbox 1654 2337 1875 2404; x_wconf 83' lang='lat' dir='ltr'><strong>gentibus</strong></span> <span class='ocrx_word' id='word_1_213' title='bbox 1921 2338 2070 2404; x_wconf 62' lang='lat' dir='ltr'><strong>(Ago.</strong></span> 
     </span>
    </p>
   </div>
   <div class='ocr_carea' id='block_1_28' title="bbox 554 2401 2070 2471">
    <p class='ocr_par' dir='ltr' id='par_1_28' title="bbox 554 2401 2070 2471">
     <span class='ocr_line' id='line_1_28' title="bbox 554 2401 2070 2471; baseline 0.003 -20"><span class='ocrx_word' id='word_1_214' title='bbox 554 2417 607 2464; x_wconf 86' lang='lat' dir='ltr'><strong>tt,</strong></span> <span class='ocrx_word' id='word_1_215' title='bbox 637 2401 960 2471; x_wconf 85' lang='lat' dir='ltr'><strong>8)?Ungitur</strong></span> <span class='ocrx_word' id='word_1_216' title='bbox 1006 2405 1100 2455; x_wconf 91' lang='lat' dir='ltr'><strong>iste</strong></span> <span class='ocrx_word' id='word_1_217' title='bbox 1141 2404 1298 2456; x_wconf 80' lang='lat' dir='ltr'><strong>David</strong></span> <span class='ocrx_word' id='word_1_218' title='bbox 1343 2405 1392 2456; x_wconf 90' lang='lat' dir='ltr'><strong>in</strong></span> <span class='ocrx_word' id='word_1_219' title='bbox 1431 2401 1939 2470; x_wconf 47' lang='lat' dir='ltr'><strong>regnum—futurum,</strong></span> <span class='ocrx_word' id='word_1_220' title='bbox 1980 2401 2070 2456; x_wconf 84' lang='lat' dir='ltr'><strong>de-</strong></span> 
     </span>
    </p>
   </div>
   <div class='ocr_carea' id='block_1_29' title="bbox 555 2471 2072 2538">
    <p class='ocr_par' dir='ltr' id='par_1_29' title="bbox 555 2471 2072 2538">
     <span class='ocr_line' id='line_1_29' title="bbox 555 2471 2072 2538; baseline 0.005 -19"><span class='ocrx_word' id='word_1_221' title='bbox 555 2471 796 2524; x_wconf 84' lang='lat' dir='ltr'><strong>nuntians</strong></span> <span class='ocrx_word' id='word_1_222' title='bbox 847 2488 938 2538; x_wconf 88' lang='lat' dir='ltr'><strong>per</strong></span> <span class='ocrx_word' id='word_1_223' title='bbox 975 2474 1273 2524; x_wconf 87' lang='lat' dir='ltr'><strong>unctionem</strong></span> <span class='ocrx_word' id='word_1_224' title='bbox 1323 2473 1460 2526; x_wconf 82' lang='lat' dir='ltr'><strong>illam</strong></span> <span class='ocrx_word' id='word_1_225' title='bbox 1506 2473 1791 2535; x_wconf 83' lang='lat' dir='ltr'><strong>Christum,</strong></span> <span class='ocrx_word' id='word_1_226' title='bbox 1839 2472 2072 2526; x_wconf 78' lang='lat' dir='ltr'><strong>Christus</strong></span> 
     </span>
    </p>
   </div>
   <div class='ocr_carea' id='block_1_30' title="bbox 552 2540 2071 2607">
    <p class='ocr_par' dir='ltr' id='par_1_30' title="bbox 552 2540 2071 2607">
     <span class='ocr_line' id='line_1_30' title="bbox 552 2540 2071 2607; baseline 0.003 -18"><span class='ocrx_word' id='word_1_227' title='bbox 552 2540 690 2592; x_wconf 88' lang='lat' dir='ltr'><strong>enim</strong></span> <span class='ocrx_word' id='word_1_228' title='bbox 718 2555 745 2592; x_wconf 91' lang='lat' dir='ltr'><strong>a</strong></span> <span class='ocrx_word' id='word_1_229' title='bbox 776 2541 1054 2593; x_wconf 81' lang='lat' dir='ltr'><strong>chrismate</strong></span> <span class='ocrx_word' id='word_1_230' title='bbox 1080 2544 1386 2607; x_wconf 85' lang='lat' dir='ltr'><strong>appellatur.</strong></span> <span class='ocrx_word' id='word_1_231' title='bbox 1421 2542 1580 2594; x_wconf 90' lang='lat' dir='ltr'><strong>David</strong></span> <span class='ocrx_word' id='word_1_232' title='bbox 1621 2556 1844 2606; x_wconf 88' lang='lat' dir='ltr'><strong>namque</strong></span> <span class='ocrx_word' id='word_1_233' title='bbox 1865 2543 1930 2592; x_wconf 89' lang='lat' dir='ltr'><strong>ab</strong></span> <span class='ocrx_word' id='word_1_234' title='bbox 1955 2543 2071 2593; x_wconf 82' lang='lat' dir='ltr'><strong>olli-</strong></span> 
     </span>
    </p>
   </div>
   <div class='ocr_carea' id='block_1_31' title="bbox 552 2609 2067 2678">
    <p class='ocr_par' dir='ltr' id='par_1_31' title="bbox 552 2609 2067 2678">
     <span class='ocr_line' id='line_1_31' title="bbox 552 2609 2067 2678; baseline 0.004 -22"><span class='ocrx_word' id='word_1_235' title='bbox 552 2609 634 2678; x_wconf 69' lang='lat' dir='ltr'><strong>eio</strong></span> <span class='ocrx_word' id='word_1_236' title='bbox 666 2609 903 2678; x_wconf 85' lang='lat' dir='ltr'><strong>pastorali</strong></span> <span class='ocrx_word' id='word_1_237' title='bbox 933 2624 1192 2676; x_wconf 81' lang='lat' dir='ltr'><strong>pecorum,</strong></span> <span class='ocrx_word' id='word_1_238' title='bbox 1238 2611 1300 2662; x_wconf 88' lang='lat' dir='ltr'><strong>ad</strong></span> <span class='ocrx_word' id='word_1_239' title='bbox 1344 2610 1605 2663; x_wconf 87' lang='lat' dir='ltr'><strong>hominum</strong></span> <span class='ocrx_word' id='word_1_240' title='bbox 1651 2625 1862 2678; x_wconf 85' lang='lat' dir='ltr'><strong>regnum</strong></span> <span class='ocrx_word' id='word_1_241' title='bbox 1897 2621 2067 2663; x_wconf 88' lang='lat' dir='ltr'><strong>trans-</strong></span> 
     </span>
    </p>
   </div>
   <div class='ocr_carea' id='block_1_32' title="bbox 554 2674 2070 2746">
    <p class='ocr_par' dir='ltr' id='par_1_32' title="bbox 554 2674 2070 2746">
     <span class='ocr_line' id='line_1_32' title="bbox 554 2674 2070 2746; baseline 0.003 -19"><span class='ocrx_word' id='word_1_242' title='bbox 554 2674 738 2746; x_wconf 69' lang='lat' dir='ltr'><strong>fertur.</strong></span> <span class='ocrx_word' id='word_1_243' title='bbox 787 2674 980 2731; x_wconf 91' lang='lat' dir='ltr'><strong>Dicitur</strong></span> <span class='ocrx_word' id='word_1_244' title='bbox 1016 2674 1188 2730; x_wconf 86' lang='lat' dir='ltr'><strong>autem</strong></span> <span class='ocrx_word' id='word_1_245' title='bbox 1233 2680 1392 2732; x_wconf 90' lang='lat' dir='ltr'><strong>David</strong></span> <span class='ocrx_word' id='word_1_246' title='bbox 1438 2681 1548 2746; x_wconf 83' lang='lat' dir='ltr'><strong>ipse</strong></span> <span class='ocrx_word' id='word_1_247' title='bbox 1595 2674 1765 2742; x_wconf 75' lang='lat' dir='ltr'><strong>Jesus,</strong></span> <span class='ocrx_word' id='word_1_248' title='bbox 1792 2679 1858 2730; x_wconf 91' lang='lat' dir='ltr'><strong>ab</strong></span> <span class='ocrx_word' id='word_1_249' title='bbox 1882 2681 2070 2731; x_wconf 89' lang='lat' dir='ltr'><strong>ovibus</strong></span> 
     </span>
    </p>
   </div>
   <div class='ocr_carea' id='block_1_33' title="bbox 549 2745 2065 2815">
    <p class='ocr_par' dir='ltr' id='par_1_33' title="bbox 549 2745 2065 2815">
     <span class='ocr_line' id='line_1_33' title="bbox 549 2745 2065 2815; baseline 0.002 -18"><span class='ocrx_word' id='word_1_250' title='bbox 549 2745 776 2815; x_wconf 70' lang='lat' dir='ltr'><strong>Judaiere</strong></span> <span class='ocrx_word' id='word_1_251' title='bbox 814 2747 976 2812; x_wconf 83' lang='lat' dir='ltr'><strong>plebis</strong></span> <span class='ocrx_word' id='word_1_252' title='bbox 1012 2749 1232 2813; x_wconf 90' lang='lat' dir='ltr'><strong>ablatus,</strong></span> <span class='ocrx_word' id='word_1_253' title='bbox 1264 2751 1312 2800; x_wconf 93' lang='lat' dir='ltr'><strong>in</strong></span> <span class='ocrx_word' id='word_1_254' title='bbox 1341 2745 1499 2814; x_wconf 82' lang='lat' dir='ltr'><strong>regno</strong></span> <span class='ocrx_word' id='word_1_255' title='bbox 1525 2748 1749 2815; x_wconf 84' lang='lat' dir='ltr'><strong>gentium</strong></span> <span class='ocrx_word' id='word_1_256' title='bbox 1783 2749 2065 2800; x_wconf 87' lang='lat' dir='ltr'><strong>translatus</strong></span> 
     </span>
    </p>
   </div>
   <div class='ocr_carea' id='block_1_34' title="bbox 549 2813 2064 2881">
    <p class='ocr_par' dir='ltr' id='par_1_34' title="bbox 549 2813 2064 2881">
     <span class='ocr_line' id='line_1_34' title="bbox 549 2813 2064 2881; baseline 0.002 -18"><span class='ocrx_word' id='word_1_257' title='bbox 549 2822 648 2865; x_wconf 88' lang='lat' dir='ltr'><strong>est.</strong></span> <span class='ocrx_word' id='word_1_258' title='bbox 679 2813 730 2866; x_wconf 89' lang='lat' dir='ltr'><strong>In</strong></span> <span class='ocrx_word' id='word_1_259' title='bbox 761 2815 972 2868; x_wconf 85' lang='lat' dir='ltr'><strong>.ludaica</strong></span> <span class='ocrx_word' id='word_1_260' title='bbox 1000 2819 1134 2869; x_wconf 88' lang='lat' dir='ltr'><strong>enim</strong></span> <span class='ocrx_word' id='word_1_261' title='bbox 1165 2819 1312 2881; x_wconf 90' lang='lat' dir='ltr'><strong>plebe</strong></span> <span class='ocrx_word' id='word_1_262' title='bbox 1358 2813 1456 2868; x_wconf 87' lang='lat' dir='ltr'><strong>non</strong></span> <span class='ocrx_word' id='word_1_263' title='bbox 1502 2813 1580 2869; x_wconf 71' lang='lat' dir='ltr'><strong>est</strong></span> <span class='ocrx_word' id='word_1_264' title='bbox 1614 2817 1847 2868; x_wconf 88' lang='lat' dir='ltr'><strong>Christus</strong></span> <span class='ocrx_word' id='word_1_265' title='bbox 1874 2817 2027 2867; x_wconf 92' lang='lat' dir='ltr'><strong>modo</strong></span> <span class='ocrx_word' id='word_1_266' title='bbox 2053 2832 2064 2866; x_wconf 94' lang='lat'>:</span> 
     </span>
    </p>
   </div>
   <div class='ocr_carea' id='block_1_35' title="bbox 550 2882 2067 2953">
    <p class='ocr_par' dir='ltr' id='par_1_35' title="bbox 550 2882 2067 2953">
     <span class='ocr_line' id='line_1_35' title="bbox 550 2882 2067 2953; baseline 0.003 -21"><span class='ocrx_word' id='word_1_267' title='bbox 550 2882 764 2953; x_wconf 80' lang='lat' dir='ltr'><strong>ablatus</strong></span> <span class='ocrx_word' id='word_1_268' title='bbox 790 2893 872 2936; x_wconf 89' lang='lat' dir='ltr'><strong>est</strong></span> <span class='ocrx_word' id='word_1_269' title='bbox 917 2885 1056 2945; x_wconf 89' lang='lat' dir='ltr'><strong>inde,</strong></span> <span class='ocrx_word' id='word_1_270' title='bbox 1089 2901 1222 2936; x_wconf 93' lang='lat' dir='ltr'><strong>nunc</strong></span> <span class='ocrx_word' id='word_1_271' title='bbox 1253 2888 1480 2952; x_wconf 89' lang='lat' dir='ltr'><strong>gentium</strong></span> <span class='ocrx_word' id='word_1_272' title='bbox 1519 2900 1702 2953; x_wconf 79' lang='lat' dir='ltr'><strong>greges</strong></span> <span class='ocrx_word' id='word_1_273' title='bbox 1732 2886 1914 2953; x_wconf 84' lang='lat' dir='ltr'><strong>pascit.</strong></span> <span class='ocrx_word' id='word_1_274' title='bbox 1948 2884 2067 2936; x_wconf 84' lang='lat' dir='ltr'><strong>Erat</strong></span> 
     </span>
    </p>
   </div>
   <div class='ocr_carea' id='block_1_36' title="bbox 547 2952 2069 3007">
    <p class='ocr_par' dir='ltr' id='par_1_36' title="bbox 547 2952 2069 3007">
     <span class='ocr_line' id='line_1_36' title="bbox 547 2952 2069 3007; baseline 0.004 -7"><span class='ocrx_word' id='word_1_275' title='bbox 547 2962 718 3003; x_wconf 89' lang='lat' dir='ltr'><strong>autem</strong></span> <span class='ocrx_word' id='word_1_276' title='bbox 750 2952 910 3004; x_wconf 81' lang='lat' dir='ltr'><strong>David</strong></span> <span class='ocrx_word' id='word_1_277' title='bbox 955 2954 1005 3006; x_wconf 89' lang='lat' dir='ltr'><strong>in</strong></span> <span class='ocrx_word' id='word_1_278' title='bbox 1043 2956 1256 3007; x_wconf 85' lang='lat' dir='ltr'><strong>eanticis</strong></span> <span class='ocrx_word' id='word_1_279' title='bbox 1285 2956 1495 3006; x_wconf 87' lang='lat' dir='ltr'><strong>musicis</strong></span> <span class='ocrx_word' id='word_1_280' title='bbox 1519 2952 1772 3007; x_wconf 86' lang='lat' dir='ltr'><strong>eruditus.</strong></span> <span class='ocrx_word' id='word_1_281' title='bbox 1816 2952 1866 3005; x_wconf 90' lang='lat' dir='ltr'><strong>In</strong></span> <span class='ocrx_word' id='word_1_282' title='bbox 1897 2953 2069 3006; x_wconf 88' lang='lat' dir='ltr'><strong>diver-</strong></span> 
     </span>
    </p>
   </div>
   <div class='ocr_carea' id='block_1_37' title="bbox 549 3020 2063 3087">
    <p class='ocr_par' dir='ltr' id='par_1_37' title="bbox 549 3020 2063 3087">
     <span class='ocr_line' id='line_1_37' title="bbox 549 3020 2063 3087; baseline 0.005 -20"><span class='ocrx_word' id='word_1_283' title='bbox 549 3034 726 3071; x_wconf 87' lang='lat' dir='ltr'><strong>sorum</strong></span> <span class='ocrx_word' id='word_1_284' title='bbox 783 3020 918 3074; x_wconf 91' lang='lat' dir='ltr'><strong>enim</strong></span> <span class='ocrx_word' id='word_1_285' title='bbox 982 3037 1225 3076; x_wconf 83' lang='lat' dir='ltr'><strong>sooorum</strong></span> <span class='ocrx_word' id='word_1_286' title='bbox 1276 3023 1610 3077; x_wconf 87' lang='lat' dir='ltr'><strong>rationabiles</strong></span> <span class='ocrx_word' id='word_1_287' title='bbox 1666 3024 2063 3087; x_wconf 87' lang='lat' dir='ltr'><strong>moderatosque</strong></span> 
     </span>
    </p>
   </div>
   <div class='ocr_carea' id='block_1_38' title="bbox 547 3091 2064 3158">
    <p class='ocr_par' dir='ltr' id='par_1_38' title="bbox 547 3091 2064 3158">
     <span class='ocr_line' id='line_1_38' title="bbox 547 3091 2064 3158; baseline 0.002 -20"><span class='ocrx_word' id='word_1_288' title='bbox 547 3098 863 3152; x_wconf 80' lang='lat' dir='ltr'><strong>concentus,</strong></span> <span class='ocrx_word' id='word_1_289' title='bbox 911 3092 1151 3151; x_wconf 89' lang='lat' dir='ltr'><strong>concordi</strong></span> <span class='ocrx_word' id='word_1_290' title='bbox 1197 3095 1443 3146; x_wconf 88' lang='lat' dir='ltr'><strong>varietate</strong></span> <span class='ocrx_word' id='word_1_291' title='bbox 1489 3101 1807 3158; x_wconf 90' lang='lat' dir='ltr'><strong>compactam</strong></span> <span class='ocrx_word' id='word_1_292' title='bbox 1858 3091 2064 3142; x_wconf 85' lang='lat' dir='ltr'><strong>ordina-</strong></span> 
     </span>
    </p>
   </div>
   <div class='ocr_carea' id='block_1_39' title="bbox 551 3159 2061 3225">
    <p class='ocr_par' dir='ltr' id='par_1_39' title="bbox 551 3159 2061 3225">
     <span class='ocr_line' id='line_1_39' title="bbox 551 3159 2061 3225; baseline 0.005 -21"><span class='ocrx_word' id='word_1_293' title='bbox 551 3165 754 3222; x_wconf 90' lang='lat' dir='ltr'><strong>tamque</strong></span> <span class='ocrx_word' id='word_1_294' title='bbox 793 3159 1036 3214; x_wconf 63' lang='lat' dir='ltr'><strong>Ecclesiae</strong></span> <span class='ocrx_word' id='word_1_295' title='bbox 1067 3163 1290 3214; x_wconf 91' lang='lat' dir='ltr'><strong>insinuat</strong></span> <span class='ocrx_word' id='word_1_296' title='bbox 1321 3164 1592 3224; x_wconf 87' lang='lat' dir='ltr'><strong>unitatem,</strong></span> <span class='ocrx_word' id='word_1_297' title='bbox 1624 3177 1738 3225; x_wconf 67' lang='lat' dir='ltr'><strong>quae</strong></span> <span class='ocrx_word' id='word_1_298' title='bbox 1766 3160 1922 3211; x_wconf 88' lang='lat' dir='ltr'><strong>variis</strong></span> <span class='ocrx_word' id='word_1_299' title='bbox 1950 3176 2061 3212; x_wconf 83' lang='lat' dir='ltr'><strong>ino-</strong></span> 
     </span>
    </p>
   </div>
   <div class='ocr_carea' id='block_1_40' title="bbox 548 3226 2059 3300">
    <p class='ocr_par' dir='ltr' id='par_1_40' title="bbox 548 3226 2059 3300">
     <span class='ocr_line' id='line_1_40' title="bbox 548 3226 2059 3300; baseline 0.004 -23"><span class='ocrx_word' id='word_1_300' title='bbox 548 3226 628 3300; x_wconf 81' lang='lat' dir='ltr'><strong>t_lis</strong></span> <span class='ocrx_word' id='word_1_301' title='bbox 656 3228 882 3300; x_wconf 77' lang='lat' dir='ltr'><strong>quotidie</strong></span> <span class='ocrx_word' id='word_1_302' title='bbox 907 3239 1132 3300; x_wconf 85' lang='lat' dir='ltr'><strong>resonat,</strong></span> <span class='ocrx_word' id='word_1_303' title='bbox 1159 3241 1209 3282; x_wconf 91' lang='lat' dir='ltr'><strong>et</strong></span> <span class='ocrx_word' id='word_1_304' title='bbox 1231 3233 1480 3295; x_wconf 76' lang='lat' dir='ltr'><strong>suavitate</strong></span> <span class='ocrx_word' id='word_1_305' title='bbox 1504 3231 1719 3300; x_wconf 82' lang='lat' dir='ltr'><strong>mystica</strong></span> <span class='ocrx_word' id='word_1_306' title='bbox 1747 3229 2059 3300; x_wconf 80' lang='lat' dir='ltr'><strong>modulatur.</strong></span> 
     </span>
    </p>
   </div>
   <div class='ocr_carea' id='block_1_41' title="bbox 551 3295 2068 3363">
    <p class='ocr_par' dir='ltr' id='par_1_41' title="bbox 551 3295 2068 3363">
     <span class='ocr_line' id='line_1_41' title="bbox 551 3295 2068 3363; baseline 0.003 -18"><span class='ocrx_word' id='word_1_307' title='bbox 551 3295 650 3347; x_wconf 86' lang='lat' dir='ltr'><strong>Iste</strong></span> <span class='ocrx_word' id='word_1_308' title='bbox 675 3296 843 3348; x_wconf 91' lang='lat' dir='ltr'><strong>adhuc</strong></span> <span class='ocrx_word' id='word_1_309' title='bbox 883 3312 1009 3363; x_wconf 88' lang='lat' dir='ltr'><strong>puer</strong></span> <span class='ocrx_word' id='word_1_310' title='bbox 1044 3299 1094 3350; x_wconf 90' lang='lat' dir='ltr'><strong>in</strong></span> <span class='ocrx_word' id='word_1_311' title='bbox 1136 3300 1330 3352; x_wconf 87' lang='lat' dir='ltr'><strong>cithara</strong></span> <span class='ocrx_word' id='word_1_312' title='bbox 1369 3295 1591 3352; x_wconf 74' lang='lat' dir='ltr'><strong>suaviter</strong></span> <span class='ocrx_word' id='word_1_313' title='bbox 1622 3299 1724 3350; x_wconf 90' lang='lat' dir='ltr'><strong>imo</strong></span> <span class='ocrx_word' id='word_1_314' title='bbox 1757 3297 1955 3349; x_wconf 78' lang='lat' dir='ltr'><strong>fortiter</strong></span> <span class='ocrx_word' id='word_1_315' title='bbox 1979 3314 2068 3350; x_wconf 84' lang='lat' dir='ltr'><strong>ca-</strong></span> 
     </span>
    </p>
   </div>
   <div class='ocr_carea' id='block_1_42' title="bbox 551 3366 2062 3437">
    <p class='ocr_par' dir='ltr' id='par_1_42' title="bbox 551 3366 2062 3437">
     <span class='ocr_line' id='line_1_42' title="bbox 551 3366 2062 3437; baseline 0.003 -25"><span class='ocrx_word' id='word_1_316' title='bbox 551 3378 699 3428; x_wconf 88' lang='lat' dir='ltr'><strong>nens,</strong></span> <span class='ocrx_word' id='word_1_317' title='bbox 747 3367 1024 3437; x_wconf 81' lang='lat' dir='ltr'><strong>malignum</strong></span> <span class='ocrx_word' id='word_1_318' title='bbox 1068 3368 1326 3432; x_wconf 84' lang='lat' dir='ltr'><strong>Spiritum,</strong></span> <span class='ocrx_word' id='word_1_319' title='bbox 1355 3370 1444 3437; x_wconf 87' lang='lat' dir='ltr'><strong>qui</strong></span> <span class='ocrx_word' id='word_1_320' title='bbox 1473 3369 1782 3436; x_wconf 86' lang='lat' dir='ltr'><strong>operabatur</strong></span> <span class='ocrx_word' id='word_1_321' title='bbox 1810 3367 1859 3417; x_wconf 91' lang='lat' dir='ltr'><strong>in</strong></span> <span class='ocrx_word' id='word_1_322' title='bbox 1886 3366 2062 3437; x_wconf 79' lang='lat' dir='ltr'><strong>sanie,</strong></span> 
     </span>
    </p>
   </div>
   <div class='ocr_carea' id='block_1_43' title="bbox 548 3435 2066 3505">
    <p class='ocr_par' dir='ltr' id='par_1_43' title="bbox 548 3435 2066 3505">
     <span class='ocr_line' id='line_1_43' title="bbox 548 3435 2066 3505; baseline 0.003 -22"><span class='ocrx_word' id='word_1_323' title='bbox 548 3435 911 3505; x_wconf 74' lang='lat' dir='ltr'><strong>compescuit:</strong></span> <span class='ocrx_word' id='word_1_324' title='bbox 944 3451 1043 3488; x_wconf 89' lang='lat' dir='ltr'><strong>non</strong></span> <span class='ocrx_word' id='word_1_325' title='bbox 1075 3438 1210 3505; x_wconf 92' lang='lat' dir='ltr'><strong>quod</strong></span> <span class='ocrx_word' id='word_1_326' title='bbox 1263 3435 1473 3490; x_wconf 74' lang='lat' dir='ltr'><strong>citharae</strong></span> <span class='ocrx_word' id='word_1_327' title='bbox 1511 3435 1662 3488; x_wconf 86' lang='lat' dir='ltr'><strong>illius</strong></span> <span class='ocrx_word' id='word_1_328' title='bbox 1709 3445 1876 3505; x_wconf 73' lang='lat' dir='ltr'><strong>tanta</strong></span> <span class='ocrx_word' id='word_1_329' title='bbox 1904 3435 2066 3488; x_wconf 83' lang='lat' dir='ltr'><strong>virtus</strong></span> 
     </span>
    </p>
   </div>
   <div class='ocr_carea' id='block_1_44' title="bbox 547 3502 2064 3573">
    <p class='ocr_par' dir='ltr' id='par_1_44' title="bbox 547 3502 2064 3573">
     <span class='ocr_line' id='line_1_44' title="bbox 547 3502 2064 3573; baseline 0.004 -21"><span class='ocrx_word' id='word_1_330' title='bbox 547 3512 679 3564; x_wconf 74' lang='lat' dir='ltr'><strong>erat,</strong></span> <span class='ocrx_word' id='word_1_331' title='bbox 704 3502 792 3554; x_wconf 88' lang='lat' dir='ltr'><strong>sed</strong></span> <span class='ocrx_word' id='word_1_332' title='bbox 827 3506 961 3571; x_wconf 93' lang='lat' dir='ltr'><strong>quod</strong></span> <span class='ocrx_word' id='word_1_333' title='bbox 991 3502 1149 3573; x_wconf 84' lang='lat' dir='ltr'><strong>ﬁgura</strong></span> <span class='ocrx_word' id='word_1_334' title='bbox 1173 3508 1342 3559; x_wconf 89' lang='lat' dir='ltr'><strong>crucis</strong></span> <span class='ocrx_word' id='word_1_335' title='bbox 1371 3506 1586 3566; x_wconf 76' lang='lat' dir='ltr'><strong>Christi,</strong></span> <span class='ocrx_word' id='word_1_336' title='bbox 1616 3519 1730 3570; x_wconf 62' lang='lat' dir='ltr'><strong>quae</strong></span> <span class='ocrx_word' id='word_1_337' title='bbox 1756 3503 1822 3556; x_wconf 91' lang='lat' dir='ltr'><strong>de</strong></span> <span class='ocrx_word' id='word_1_338' title='bbox 1848 3503 1985 3569; x_wconf 84' lang='lat' dir='ltr'><strong>ligno</strong></span> <span class='ocrx_word' id='word_1_339' title='bbox 2014 3515 2064 3558; x_wconf 89' lang='lat' dir='ltr'><strong>et</strong></span> 
     </span>
    </p>
   </div>
   <div class='ocr_carea' id='block_1_45' title="bbox 545 3573 2064 3642">
    <p class='ocr_par' dir='ltr' id='par_1_45' title="bbox 545 3573 2064 3642">
     <span class='ocr_line' id='line_1_45' title="bbox 545 3573 2064 3642; baseline 0.004 -22"><span class='ocrx_word' id='word_1_340' title='bbox 545 3573 849 3642; x_wconf 80' lang='lat' dir='ltr'><strong>extensione</strong></span> <span class='ocrx_word' id='word_1_341' title='bbox 903 3589 1177 3626; x_wconf 83' lang='lat' dir='ltr'><strong>nervonim</strong></span> <span class='ocrx_word' id='word_1_342' title='bbox 1230 3575 1442 3642; x_wconf 88' lang='lat' dir='ltr'><strong>mystice</strong></span> <span class='ocrx_word' id='word_1_343' title='bbox 1488 3573 2064 3642; x_wconf 26' lang='lat' dir='ltr'><strong>gerebaturgipsaque</strong></span> 
     </span>
    </p>
   </div>
   <div class='ocr_carea' id='block_1_46' title="bbox 550 3639 2061 3710">
    <p class='ocr_par' dir='ltr' id='par_1_46' title="bbox 550 3639 2061 3710">
     <span class='ocr_line' id='line_1_46' title="bbox 550 3639 2061 3710; baseline 0.007 -25"><span class='ocrx_word' id='word_1_344' title='bbox 550 3639 788 3710; x_wconf 79' lang='lat' dir='ltr'><strong>passione</strong></span> <span class='ocrx_word' id='word_1_345' title='bbox 813 3657 926 3708; x_wconf 77' lang='lat' dir='ltr'><strong>qua:</strong></span> <span class='ocrx_word' id='word_1_346' title='bbox 950 3643 1268 3702; x_wconf 85' lang='lat' dir='ltr'><strong>cantabatur,</strong></span> <span class='ocrx_word' id='word_1_347' title='bbox 1284 3639 1403 3710; x_wconf 59' lang='lat' dir='ltr'><strong>&#39;jam</strong></span> <span class='ocrx_word' id='word_1_348' title='bbox 1429 3639 1547 3696; x_wconf 87' lang='lat' dir='ltr'><strong>tunc</strong></span> <span class='ocrx_word' id='word_1_349' title='bbox 1570 3643 1782 3709; x_wconf 88' lang='lat' dir='ltr'><strong>spiritus</strong></span> <span class='ocrx_word' id='word_1_350' title='bbox 1807 3641 2061 3710; x_wconf 69' lang='lat' dir='ltr'><strong>daemonis</strong></span> 
     </span>
    </p>
   </div>
   <div class='ocr_carea' id='block_1_47' title="bbox 544 3707 2060 3780">
    <p class='ocr_par' dir='ltr' id='par_1_47' title="bbox 544 3707 2060 3780">
     <span class='ocr_line' id='line_1_47' title="bbox 544 3707 2060 3780; baseline 0.003 -22"><span class='ocrx_word' id='word_1_351' title='bbox 544 3707 951 3780; x_wconf 79' lang='lat' dir='ltr'><strong>oppriniebatur.</strong></span> <span class='ocrx_word' id='word_1_352' title='bbox 980 3712 1201 3766; x_wconf 87' lang='lat' dir='ltr'><strong>Leonem</strong></span> <span class='ocrx_word' id='word_1_353' title='bbox 1226 3707 1431 3780; x_wconf 79' lang='lat' dir='ltr'><strong>quoque</strong></span> <span class='ocrx_word' id='word_1_354' title='bbox 1459 3723 1510 3764; x_wconf 89' lang='lat' dir='ltr'><strong>et</strong></span> <span class='ocrx_word' id='word_1_355' title='bbox 1537 3707 1714 3764; x_wconf 79' lang='lat' dir='ltr'><strong>ursum</strong></span> <span class='ocrx_word' id='word_1_356' title='bbox 1739 3711 1893 3762; x_wconf 88' lang='lat' dir='ltr'><strong>David</strong></span> <span class='ocrx_word' id='word_1_357' title='bbox 1925 3709 2060 3762; x_wconf 90' lang='lat' dir='ltr'><strong>idem</strong></span> 
     </span>
    </p>
   </div>
   <div class='ocr_carea' id='block_1_48' title="bbox 548 3777 2064 3845">
    <p class='ocr_par' dir='ltr' id='par_1_48' title="bbox 548 3777 2064 3845">
     <span class='ocr_line' id='line_1_48' title="bbox 548 3777 2064 3845; baseline 0.004 -21"><span class='ocrx_word' id='word_1_358' title='bbox 548 3777 752 3829; x_wconf 88' lang='lat' dir='ltr'><strong>necavit</strong></span> <span class='ocrx_word' id='word_1_359' title='bbox 780 3795 793 3830; x_wconf 89' lang='lat'><strong>:</strong></span> <span class='ocrx_word' id='word_1_360' title='bbox 826 3794 1020 3845; x_wconf 90' lang='lat' dir='ltr'><strong>ursum,</strong></span> <span class='ocrx_word' id='word_1_361' title='bbox 1066 3777 1310 3834; x_wconf 78' lang='lat' dir='ltr'><strong>videlicet</strong></span> <span class='ocrx_word' id='word_1_362' title='bbox 1330 3777 1590 3832; x_wconf 85' lang='lat' dir='ltr'><strong>diabolum</strong></span> <span class='ocrx_word' id='word_1_363' title='bbox 1617 3797 1630 3843; x_wconf 90' lang='lat'><strong>;</strong></span> <span class='ocrx_word' id='word_1_364' title='bbox 1666 3782 1890 3843; x_wconf 88' lang='lat' dir='ltr'><strong>leonem,</strong></span> <span class='ocrx_word' id='word_1_365' title='bbox 1917 3781 2064 3831; x_wconf 80' lang='lat' dir='ltr'><strong>Anti-</strong></span> 
     </span>
    </p>
   </div>
   <div class='ocr_carea' id='block_1_49' title="bbox 546 3846 2062 3901">
    <p class='ocr_par' dir='ltr' id='par_1_49' title="bbox 546 3846 2062 3901">
     <span class='ocr_line' id='line_1_49' title="bbox 546 3846 2062 3901; baseline 0.004 -7"><span class='ocrx_word' id='word_1_366' title='bbox 546 3846 796 3897; x_wconf 81' lang='lat' dir='ltr'><strong>cbristum</strong></span> <span class='ocrx_word' id='word_1_367' title='bbox 828 3864 840 3899; x_wconf 93' lang='lat'><strong>:</strong></span> <span class='ocrx_word' id='word_1_368' title='bbox 871 3849 1089 3901; x_wconf 91' lang='lat' dir='ltr'><strong>alterum</strong></span> <span class='ocrx_word' id='word_1_369' title='bbox 1148 3859 1267 3901; x_wconf 92' lang='lat' dir='ltr'><strong>tunc</strong></span> <span class='ocrx_word' id='word_1_370' title='bbox 1317 3850 1610 3901; x_wconf 88' lang='lat' dir='ltr'><strong>hominibus</strong></span> <span class='ocrx_word' id='word_1_371' title='bbox 1660 3849 1880 3900; x_wconf 91' lang='lat' dir='ltr'><strong>latenter</strong></span> <span class='ocrx_word' id='word_1_372' title='bbox 1937 3849 2062 3900; x_wconf 80' lang='lat' dir='ltr'><strong>insi-</strong></span> 
     </span>
    </p>
   </div>
   <div class='ocr_carea' id='block_1_50' title="bbox 544 3911 2059 3983">
    <p class='ocr_par' dir='ltr' id='par_1_50' title="bbox 544 3911 2059 3983">
     <span class='ocr_line' id='line_1_50' title="bbox 544 3911 2059 3983; baseline 0.003 -20"><span class='ocrx_word' id='word_1_373' title='bbox 544 3911 790 3983; x_wconf 81' lang='lat' dir='ltr'><strong>diantein,</strong></span> <span class='ocrx_word' id='word_1_374' title='bbox 815 3917 1028 3968; x_wconf 88' lang='lat' dir='ltr'><strong>alterum</strong></span> <span class='ocrx_word' id='word_1_375' title='bbox 1055 3919 1102 3968; x_wconf 92' lang='lat' dir='ltr'><strong>in</strong></span> <span class='ocrx_word' id='word_1_376' title='bbox 1127 3927 1386 3983; x_wconf 89' lang='lat' dir='ltr'><strong>posterum</strong></span> <span class='ocrx_word' id='word_1_377' title='bbox 1412 3917 1825 3970; x_wconf 76' lang='lat' dir='ltr'><strong>manifestissime</strong></span> <span class='ocrx_word' id='word_1_378' title='bbox 1844 3918 2059 3969; x_wconf 61' lang='grc' dir='ltr'><strong>ξων-ἰθυ-</strong></span> 
     </span>
    </p>
   </div>
   <div class='ocr_carea' id='block_1_51' title="bbox 544 3980 2055 4056">
    <p class='ocr_par' dir='ltr' id='par_1_51' title="bbox 544 3980 2055 4056">
     <span class='ocr_line' id='line_1_51' title="bbox 544 3980 2055 4056; baseline 0.003 -23"><span class='ocrx_word' id='word_1_379' title='bbox 544 3985 672 4056; x_wconf 75' lang='lat' dir='ltr'><strong>teni.</strong></span> <span class='ocrx_word' id='word_1_380' title='bbox 704 3980 802 4034; x_wconf 84' lang='lat' dir='ltr'><strong>Iste</strong></span> <span class='ocrx_word' id='word_1_381' title='bbox 841 3984 998 4037; x_wconf 88' lang='lat' dir='ltr'><strong>David</strong></span> <span class='ocrx_word' id='word_1_382' title='bbox 1029 3987 1076 4038; x_wconf 91' lang='lat' dir='ltr'><strong>in</strong></span> <span class='ocrx_word' id='word_1_383' title='bbox 1105 3980 1280 4056; x_wconf 65' lang='lat' dir='ltr'><strong>pratlio</strong></span> <span class='ocrx_word' id='word_1_384' title='bbox 1325 3989 1581 4056; x_wconf 80' lang='lat' dir='ltr'><strong>gigantem</strong></span> <span class='ocrx_word' id='word_1_385' title='bbox 1625 3986 1904 4053; x_wconf 87' lang='lat' dir='ltr'><strong>superavit,</strong></span> <span class='ocrx_word' id='word_1_386' title='bbox 1939 4001 2055 4038; x_wconf 89' lang='lat' dir='ltr'><strong>cum</strong></span> 
     </span>
    </p>
   </div>
   <div class='ocr_carea' id='block_1_52' title="bbox 543 4050 2053 4124">
    <p class='ocr_par' dir='ltr' id='par_1_52' title="bbox 543 4050 2053 4124">
     <span class='ocr_line' id='line_1_52' title="bbox 543 4050 2053 4124; baseline 0.003 -22"><span class='ocrx_word' id='word_1_387' title='bbox 543 4050 791 4124; x_wconf 78' lang='lat' dir='ltr'><strong>adversus</strong></span> <span class='ocrx_word' id='word_1_388' title='bbox 813 4055 1080 4124; x_wconf 91' lang='lat' dir='ltr'><strong>_p0pulum</strong></span> <span class='ocrx_word' id='word_1_389' title='bbox 1107 4050 1349 4109; x_wconf 73' lang='lat' dir='ltr'><strong>Domini</strong></span> <span class='ocrx_word' id='word_1_390' title='bbox 1379 4050 1701 4124; x_wconf 54' lang='lat' dir='ltr'><strong>alienigenze&#39;</strong></span> <span class='ocrx_word' id='word_1_391' title='bbox 1727 4057 2053 4107; x_wconf 89' lang='lat' dir='ltr'><strong>dimicarent.</strong></span> 
     </span>
    </p>
   </div>
   <div class='ocr_carea' id='block_1_53' title="bbox 541 4120 2055 4191">
    <p class='ocr_par' dir='ltr' id='par_1_53' title="bbox 541 4120 2055 4191">
     <span class='ocr_line' id='line_1_53' title="bbox 541 4120 2055 4191; baseline 0.003 -19"><span class='ocrx_word' id='word_1_392' title='bbox 541 4120 842 4191; x_wconf 74' lang='lat' dir='ltr'><strong>l’rovocavit</strong></span> <span class='ocrx_word' id='word_1_393' title='bbox 875 4124 1115 4191; x_wconf 86' lang='lat' dir='ltr'><strong>superbia</strong></span> <span class='ocrx_word' id='word_1_394' title='bbox 1148 4124 1512 4186; x_wconf 88' lang='lat' dir='ltr'><strong>humilitatem,</strong></span> <span class='ocrx_word' id='word_1_395' title='bbox 1538 4120 1852 4190; x_wconf 52' lang='lat' dir='ltr'><strong>&#39;provocavit</strong></span> <span class='ocrx_word' id='word_1_396' title='bbox 1879 4125 2055 4191; x_wconf 75' lang='lat' dir='ltr'><strong>ili-alin-</strong></span> 
     </span>
    </p>
   </div>
   <div class='ocr_carea' id='block_1_54' title="bbox 542 4189 2055 4258">
    <p class='ocr_par' dir='ltr' id='par_1_54' title="bbox 542 4189 2055 4258">
     <span class='ocr_line' id='line_1_54' title="bbox 542 4189 2055 4258; baseline 0.003 -20"><span class='ocrx_word' id='word_1_397' title='bbox 542 4191 621 4242; x_wconf 91' lang='lat' dir='ltr'><strong>lus</strong></span> <span class='ocrx_word' id='word_1_398' title='bbox 668 4189 951 4245; x_wconf 55' lang='lat' dir='ltr'><strong>Christum;</strong></span> <span class='ocrx_word' id='word_1_399' title='bbox 993 4194 1205 4258; x_wconf 83' lang='lat' dir='ltr'><strong>Accepit</strong></span> <span class='ocrx_word' id='word_1_400' title='bbox 1232 4208 1372 4245; x_wconf 90' lang='lat' dir='ltr'><strong>arma</strong></span> <span class='ocrx_word' id='word_1_401' title='bbox 1404 4189 1587 4246; x_wconf 87' lang='lat' dir='ltr'><strong>bellica</strong></span> <span class='ocrx_word' id='word_1_402' title='bbox 1625 4204 1832 4245; x_wconf 90' lang='lat' dir='ltr'><strong>sanctus</strong></span> <span class='ocrx_word' id='word_1_403' title='bbox 1867 4190 2055 4258; x_wconf 87' lang='lat' dir='ltr'><strong>David,</strong></span> 
     </span>
    </p>
   </div>
   <div class='ocr_carea' id='block_1_55' title="bbox 539 4260 2050 4332">
    <p class='ocr_par' dir='ltr' id='par_1_55' title="bbox 539 4260 2050 4332">
     <span class='ocr_line' id='line_1_55' title="bbox 539 4260 2050 4332; baseline 0.003 -25"><span class='ocrx_word' id='word_1_404' title='bbox 539 4267 594 4308; x_wconf 92' lang='lat' dir='ltr'><strong>ut</strong></span> <span class='ocrx_word' id='word_1_405' title='bbox 624 4260 872 4332; x_wconf 72' lang='lat' dir='ltr'><strong>adversus</strong></span> <span class='ocrx_word' id='word_1_406' title='bbox 902 4260 1101 4313; x_wconf 84' lang='lat' dir='ltr'><strong>Goliam</strong></span> <span class='ocrx_word' id='word_1_407' title='bbox 1139 4263 1462 4327; x_wconf 89' lang='lat' dir='ltr'><strong>procederet,</strong></span> <span class='ocrx_word' id='word_1_408' title='bbox 1496 4263 1604 4332; x_wconf 65' lang='lat' dir='ltr'><strong>haec</strong></span> <span class='ocrx_word' id='word_1_409' title='bbox 1633 4276 1776 4313; x_wconf 90' lang='lat' dir='ltr'><strong>arma</strong></span> <span class='ocrx_word' id='word_1_410' title='bbox 1807 4277 1896 4327; x_wconf 89' lang='lat' dir='ltr'><strong>per</strong></span> <span class='ocrx_word' id='word_1_411' title='bbox 1923 4272 2050 4312; x_wconf 63' lang='lat' dir='ltr'><strong>aita-</strong></span> 
     </span>
    </p>
   </div>
   <div class='ocr_carea' id='block_1_56' title="bbox 540 4331 2048 4394">
    <p class='ocr_par' dir='ltr' id='par_1_56' title="bbox 540 4331 2048 4394">
     <span class='ocr_line' id='line_1_56' title="bbox 540 4331 2048 4394; baseline 0.003 -18"><span class='ocrx_word' id='word_1_412' title='bbox 540 4339 640 4394; x_wconf 77' lang='lat' dir='ltr'><strong>tem</strong></span> <span class='ocrx_word' id='word_1_413' title='bbox 672 4335 724 4378; x_wconf 89' lang='lat' dir='ltr'><strong>et</strong></span> <span class='ocrx_word' id='word_1_414' title='bbox 754 4342 960 4387; x_wconf 89' lang='lat' dir='ltr'><strong>parvam</strong></span> <span class='ocrx_word' id='word_1_415' title='bbox 1008 4337 1258 4380; x_wconf 88' lang='lat' dir='ltr'><strong>staturam</strong></span> <span class='ocrx_word' id='word_1_416' title='bbox 1305 4331 1537 4392; x_wconf 91' lang='lat' dir='ltr'><strong>corporis</strong></span> <span class='ocrx_word' id='word_1_417' title='bbox 1589 4340 1793 4394; x_wconf 89' lang='lat' dir='ltr'><strong>portare</strong></span> <span class='ocrx_word' id='word_1_418' title='bbox 1831 4345 1929 4380; x_wconf 89' lang='lat' dir='ltr'><strong>non</strong></span> <span class='ocrx_word' id='word_1_419' title='bbox 1959 4344 2048 4381; x_wconf 82' lang='lat' dir='ltr'><strong>va-</strong></span> 
     </span>
    </p>
   </div>
   <div class='ocr_carea' id='block_1_57' title="bbox 537 4392 2048 4463">
    <p class='ocr_par' dir='ltr' id='par_1_57' title="bbox 537 4392 2048 4463">
     <span class='ocr_line' id='line_1_57' title="bbox 537 4392 2048 4463; baseline 0.007 -22"><span class='ocrx_word' id='word_1_420' title='bbox 537 4392 651 4445; x_wconf 90' lang='lat' dir='ltr'><strong>luit.</strong></span> <span class='ocrx_word' id='word_1_421' title='bbox 705 4396 904 4461; x_wconf 86' lang='lat' dir='ltr'><strong>Abjecit</strong></span> <span class='ocrx_word' id='word_1_422' title='bbox 949 4399 1237 4459; x_wconf 88' lang='lat' dir='ltr'><strong>onerantia,</strong></span> <span class='ocrx_word' id='word_1_423' title='bbox 1277 4399 1475 4463; x_wconf 87' lang='lat' dir='ltr'><strong>accepit</strong></span> <span class='ocrx_word' id='word_1_424' title='bbox 1502 4392 1729 4463; x_wconf 85' lang='lat' dir='ltr'><strong>quinque</strong></span> <span class='ocrx_word' id='word_1_425' title='bbox 1761 4400 1957 4462; x_wconf 87' lang='lat' dir='ltr'><strong>lapides</strong></span> <span class='ocrx_word' id='word_1_426' title='bbox 1983 4401 2048 4452; x_wconf 87' lang='lat' dir='ltr'><strong>de</strong></span> 
     </span>
    </p>
   </div>
   <div class='ocr_carea' id='block_1_58' title="bbox 537 4463 2045 4533">
    <p class='ocr_par' dir='ltr' id='par_1_58' title="bbox 537 4463 2045 4533">
     <span class='ocr_line' id='line_1_58' title="bbox 537 4463 2045 4533; baseline 0.008 -25"><span class='ocrx_word' id='word_1_427' title='bbox 537 4463 764 4523; x_wconf 86' lang='lat' dir='ltr'><strong>lluiniue,</strong></span> <span class='ocrx_word' id='word_1_428' title='bbox 813 4475 864 4517; x_wconf 89' lang='lat' dir='ltr'><strong>et</strong></span> <span class='ocrx_word' id='word_1_429' title='bbox 915 4469 1081 4531; x_wconf 77' lang='lat' dir='ltr'><strong>posuit</strong></span> <span class='ocrx_word' id='word_1_430' title='bbox 1119 4467 1167 4517; x_wconf 92' lang='lat' dir='ltr'><strong>in</strong></span> <span class='ocrx_word' id='word_1_431' title='bbox 1213 4481 1331 4518; x_wconf 88' lang='lat' dir='ltr'><strong>vase</strong></span> <span class='ocrx_word' id='word_1_432' title='bbox 1378 4467 1648 4533; x_wconf 76' lang='lat' dir='ltr'><strong>pastorali;</strong></span> <span class='ocrx_word' id='word_1_433' title='bbox 1697 4466 1776 4518; x_wconf 87' lang='lat' dir='ltr'><strong>his</strong></span> <span class='ocrx_word' id='word_1_434' title='bbox 1821 4480 2045 4520; x_wconf 81' lang='lat' dir='ltr'><strong>armatus</strong></span> 
     </span>
    </p>
   </div>
   <div class='ocr_carea' id='block_1_59' title="bbox 537 4520 2128 4604">
    <p class='ocr_par' dir='ltr' id='par_1_59' title="bbox 537 4520 2128 4604">
     <span class='ocr_line' id='line_1_59' title="bbox 537 4520 2128 4604; baseline 0.009 -25"><span class='ocrx_word' id='word_1_435' title='bbox 537 4520 805 4604; x_wconf 71' lang='lat' dir='ltr'><strong>processit,</strong></span> <span class='ocrx_word' id='word_1_436' title='bbox 838 4543 889 4584; x_wconf 89' lang='lat' dir='ltr'><strong>et</strong></span> <span class='ocrx_word' id='word_1_437' title='bbox 915 4520 1072 4587; x_wconf 70' lang='lat' dir='ltr'><strong>vicit:</strong></span> <span class='ocrx_word' id='word_1_438' title='bbox 1104 4536 1200 4589; x_wconf 92' lang='lat' dir='ltr'><strong>hoc</strong></span> <span class='ocrx_word' id='word_1_439' title='bbox 1245 4520 1456 4604; x_wconf 75' lang='lat' dir='ltr'><strong>quidem</strong></span> <span class='ocrx_word' id='word_1_440' title='bbox 1503 4537 1586 4587; x_wconf 91' lang='lat' dir='ltr'><strong>ille</strong></span> <span class='ocrx_word' id='word_1_441' title='bbox 1634 4520 1814 4587; x_wconf 84' lang='lat' dir='ltr'><strong>David.</strong></span> <span class='ocrx_word' id='word_1_442' title='bbox 1864 4539 1963 4589; x_wconf 82' lang='lat' dir='ltr'><strong>Sed</strong></span> <span class='ocrx_word' id='word_1_443' title='bbox 2005 4520 2128 4592; x_wconf 80' lang='lat' dir='ltr'><strong>si&#39;D</strong></span> 
     </span>
    </p>
   </div>
   <div class='ocr_carea' id='block_1_60' title="bbox 535 4601 2047 4672">
    <p class='ocr_par' dir='ltr' id='par_1_60' title="bbox 535 4601 2047 4672">
     <span class='ocr_line' id='line_1_60' title="bbox 535 4601 2047 4672; baseline 0.008 -26"><span class='ocrx_word' id='word_1_444' title='bbox 535 4601 761 4666; x_wconf 77' lang='lat' dir='ltr'><strong>myster&#39;.</strong></span> <span class='ocrx_word' id='word_1_445' title='bbox 801 4613 1230 4672; x_wconf 87' lang='lat' dir='ltr'><strong>_perscrnteinur,</strong></span> <span class='ocrx_word' id='word_1_446' title='bbox 1266 4601 1328 4656; x_wconf 49' lang='lat' dir='ltr'><strong>&#39;in</strong></span> <span class='ocrx_word' id='word_1_447' title='bbox 1370 4605 1524 4654; x_wconf 84' lang='lat' dir='ltr'><strong>David</strong></span> <span class='ocrx_word' id='word_1_448' title='bbox 1571 4605 1868 4672; x_wconf 89' lang='lat' dir='ltr'><strong>intelligitur</strong></span> <span class='ocrx_word' id='word_1_449' title='bbox 1894 4607 2047 4658; x_wconf 86' lang='lat' dir='ltr'><strong>Chri-</strong></span> 
     </span>
    </p>
   </div>
   <div class='ocr_carea' id='block_1_61' title="bbox 534 4667 2046 4742">
    <p class='ocr_par' dir='ltr' id='par_1_61' title="bbox 534 4667 2046 4742">
     <span class='ocr_line' id='line_1_61' title="bbox 534 4667 2046 4742; baseline 0.006 -24"><span class='ocrx_word' id='word_1_450' title='bbox 534 4676 668 4734; x_wconf 81' lang='lat' dir='ltr'><strong>stus,</strong></span> <span class='ocrx_word' id='word_1_451' title='bbox 726 4667 812 4736; x_wconf 86' lang='lat' dir='ltr'><strong>qui</strong></span> <span class='ocrx_word' id='word_1_452' title='bbox 856 4679 1059 4733; x_wconf 88' lang='lat' dir='ltr'><strong>tempus</strong></span> <span class='ocrx_word' id='word_1_453' title='bbox 1099 4673 1422 4742; x_wconf 71' lang='lat' dir='ltr'><strong>revelationis</strong></span> <span class='ocrx_word' id='word_1_454' title='bbox 1473 4676 1588 4726; x_wconf 92' lang='lat' dir='ltr'><strong>novi</strong></span> <span class='ocrx_word' id='word_1_455' title='bbox 1630 4667 1920 4727; x_wconf 67' lang='lat' dir='ltr'><strong>testamenti</strong></span> <span class='ocrx_word' id='word_1_456' title='bbox 1972 4677 2046 4727; x_wconf 86' lang='lat' dir='ltr'><strong>in-</strong></span> 
     </span>
    </p>
   </div>
   <div class='ocr_carea' id='block_1_62' title="bbox 529 4741 2045 4810">
    <p class='ocr_par' dir='ltr' id='par_1_62' title="bbox 529 4741 2045 4810">
     <span class='ocr_line' id='line_1_62' title="bbox 529 4741 2045 4810; baseline 0.006 -21"><span class='ocrx_word' id='word_1_457' title='bbox 529 4741 817 4810; x_wconf 74' lang='lat' dir='ltr'><strong>sinuandae,</strong></span> <span class='ocrx_word' id='word_1_458' title='bbox 843 4752 894 4794; x_wconf 88' lang='lat' dir='ltr'><strong>et</strong></span> <span class='ocrx_word' id='word_1_459' title='bbox 918 4741 1335 4794; x_wconf 69' lang='lat' dir='ltr'><strong>cominendandzr</strong></span> <span class='ocrx_word' id='word_1_460' title='bbox 1357 4744 1534 4810; x_wconf 62' lang='lat' dir='ltr'><strong>gratia:</strong></span> <span class='ocrx_word' id='word_1_461' title='bbox 1567 4745 1874 4810; x_wconf 48' lang='lat' dir='ltr'><strong>praevidens,</strong></span> <span class='ocrx_word' id='word_1_462' title='bbox 1903 4761 2045 4800; x_wconf 87' lang='lat' dir='ltr'><strong>arma</strong></span> 
     </span>
    </p>
   </div>
   <div class='ocr_carea' id='block_1_63' title="bbox 533 4809 2047 4881">
    <p class='ocr_par' dir='ltr' id='par_1_63' title="bbox 533 4809 2047 4881">
     <span class='ocr_line' id='line_1_63' title="bbox 533 4809 2047 4881; baseline 0.006 -26"><span class='ocrx_word' id='word_1_463' title='bbox 533 4809 813 4881; x_wconf 85' lang='lat' dir='ltr'><strong>deposuit,</strong></span> <span class='ocrx_word' id='word_1_464' title='bbox 883 4812 1107 4877; x_wconf 85' lang='lat' dir='ltr'><strong>quinque</strong></span> <span class='ocrx_word' id='word_1_465' title='bbox 1167 4809 1379 4875; x_wconf 73' lang='lat' dir='ltr'><strong>lapides</strong></span> <span class='ocrx_word' id='word_1_466' title='bbox 1411 4809 1575 4862; x_wconf 58' lang='lat' dir='ltr'><strong>tulit.</strong></span> <span class='ocrx_word' id='word_1_467' title='bbox 1615 4812 1863 4878; x_wconf 89' lang='lat' dir='ltr'><strong>Deposuit</strong></span> <span class='ocrx_word' id='word_1_468' title='bbox 1923 4829 2047 4881; x_wconf 83' lang='lat' dir='ltr'><strong>ergo</strong></span> 
     </span>
    </p>
   </div>
   <div class='ocr_carea' id='block_1_64' title="bbox 533 4880 2043 4945">
    <p class='ocr_par' dir='ltr' id='par_1_64' title="bbox 533 4880 2043 4945">
     <span class='ocr_line' id='line_1_64' title="bbox 533 4880 2043 4945; baseline 0.006 -20"><span class='ocrx_word' id='word_1_469' title='bbox 533 4880 816 4940; x_wconf 82' lang='lat' dir='ltr'><strong>corporalia</strong></span> <span class='ocrx_word' id='word_1_470' title='bbox 859 4889 1181 4931; x_wconf 71' lang='lat' dir='ltr'><strong>sacramenta</strong></span> <span class='ocrx_word' id='word_1_471' title='bbox 1209 4881 1353 4945; x_wconf 85' lang='lat' dir='ltr'><strong>legis,</strong></span> <span class='ocrx_word' id='word_1_472' title='bbox 1384 4895 1500 4945; x_wconf 68' lang='lat' dir='ltr'><strong>quae</strong></span> <span class='ocrx_word' id='word_1_473' title='bbox 1529 4895 1628 4930; x_wconf 89' lang='lat' dir='ltr'><strong>non</strong></span> <span class='ocrx_word' id='word_1_474' title='bbox 1659 4892 1777 4931; x_wconf 80' lang='lat' dir='ltr'><strong>sunt</strong></span> <span class='ocrx_word' id='word_1_475' title='bbox 1807 4880 2043 4942; x_wconf 81' lang='lat' dir='ltr'><strong>imposita</strong></span> 
     </span>
    </p>
   </div>
   <div class='ocr_carea' id='block_1_65' title="bbox 533 4947 2041 5015">
    <p class='ocr_par' dir='ltr' id='par_1_65' title="bbox 533 4947 2041 5015">
     <span class='ocr_line' id='line_1_65' title="bbox 533 4947 2041 5015; baseline 0.005 -22"><span class='ocrx_word' id='word_1_476' title='bbox 533 4947 788 5015; x_wconf 62' lang='lat' dir='ltr'><strong>gentibus.</strong></span> <span class='ocrx_word' id='word_1_477' title='bbox 827 4950 1065 5011; x_wconf 85' lang='lat' dir='ltr'><strong>Deposuit</strong></span> <span class='ocrx_word' id='word_1_478' title='bbox 1096 4964 1208 5015; x_wconf 70' lang='lat' dir='ltr'><strong>qua:</strong></span> <span class='ocrx_word' id='word_1_479' title='bbox 1238 4964 1337 4999; x_wconf 87' lang='lat' dir='ltr'><strong>non</strong></span> <span class='ocrx_word' id='word_1_480' title='bbox 1363 4952 1714 5010; x_wconf 82' lang='lat' dir='ltr'><strong>observamus,</strong></span> <span class='ocrx_word' id='word_1_481' title='bbox 1748 4950 1839 5000; x_wconf 84' lang='lat' dir='ltr'><strong>sed</strong></span> <span class='ocrx_word' id='word_1_482' title='bbox 1871 4959 2041 5002; x_wconf 87' lang='lat' dir='ltr'><strong>tamen</strong></span> 
     </span>
    </p>
   </div>
   <div class='ocr_carea' id='block_1_66' title="bbox 527 5014 2043 5083">
    <p class='ocr_par' dir='ltr' id='par_1_66' title="bbox 527 5014 2043 5083">
     <span class='ocr_line' id='line_1_66' title="bbox 527 5014 2043 5083; baseline 0.007 -22"><span class='ocrx_word' id='word_1_483' title='bbox 527 5014 590 5063; x_wconf 79' lang='lat' dir='ltr'><strong>nd</strong></span> <span class='ocrx_word' id='word_1_484' title='bbox 621 5015 841 5080; x_wconf 89' lang='lat' dir='ltr'><strong>aliquam</strong></span> <span class='ocrx_word' id='word_1_485' title='bbox 874 5014 1292 5082; x_wconf 81' lang='lat' dir='ltr'><strong>signiﬁcationem</strong></span> <span class='ocrx_word' id='word_1_486' title='bbox 1326 5018 1587 5083; x_wconf 62' lang='lat' dir='ltr'><strong>prmmissa</strong></span> <span class='ocrx_word' id='word_1_487' title='bbox 1613 5026 1664 5067; x_wconf 93' lang='lat' dir='ltr'><strong>et</strong></span> <span class='ocrx_word' id='word_1_488' title='bbox 1696 5021 1853 5083; x_wconf 89' lang='lat' dir='ltr'><strong>posita</strong></span> <span class='ocrx_word' id='word_1_489' title='bbox 1886 5019 2043 5071; x_wconf 89' lang='lat' dir='ltr'><strong>intel-</strong></span> 
     </span>
    </p>
   </div>
   <div class='ocr_carea' id='block_1_67' title="bbox 529 5082 2039 5154">
    <p class='ocr_par' dir='ltr' id='par_1_67' title="bbox 529 5082 2039 5154">
     <span class='ocr_line' id='line_1_67' title="bbox 529 5082 2039 5154; baseline 0.006 -24"><span class='ocrx_word' id='word_1_490' title='bbox 529 5082 756 5145; x_wconf 71' lang='lat' dir='ltr'><strong>ligimus.</strong></span> <span class='ocrx_word' id='word_1_491' title='bbox 820 5083 1043 5148; x_wconf 89' lang='lat' dir='ltr'><strong>Denique</strong></span> <span class='ocrx_word' id='word_1_492' title='bbox 1095 5089 1203 5139; x_wconf 69' lang='lat' dir='ltr'><strong>haec</strong></span> <span class='ocrx_word' id='word_1_493' title='bbox 1265 5082 1406 5137; x_wconf 85' lang='lat' dir='ltr'><strong>arma</strong></span> <span class='ocrx_word' id='word_1_494' title='bbox 1465 5082 1741 5152; x_wconf 85' lang='lat' dir='ltr'><strong>deposuit,</strong></span> <span class='ocrx_word' id='word_1_495' title='bbox 1800 5097 2039 5154; x_wconf 86' lang='lat' dir='ltr'><strong>tanquam</strong></span> 
     </span>
    </p>
   </div>
   <div class='ocr_carea' id='block_1_68' title="bbox 525 5157 2038 5223">
    <p class='ocr_par' dir='ltr' id='par_1_68' title="bbox 525 5157 2038 5223">
     <span class='ocr_line' id='line_1_68' title="bbox 525 5157 2038 5223; baseline 0.005 -23"><span class='ocrx_word' id='word_1_496' title='bbox 525 5163 1146 5223; x_wconf 24' lang='lat' dir='ltr'><strong>ouerasac’ranicntorum</strong></span> <span class='ocrx_word' id='word_1_497' title='bbox 1182 5158 1368 5206; x_wconf 89' lang='lat' dir='ltr'><strong>veteris</strong></span> <span class='ocrx_word' id='word_1_498' title='bbox 1417 5157 1560 5222; x_wconf 84' lang='lat' dir='ltr'><strong>legis,</strong></span> <span class='ocrx_word' id='word_1_499' title='bbox 1600 5165 1652 5207; x_wconf 90' lang='lat' dir='ltr'><strong>et</strong></span> <span class='ocrx_word' id='word_1_500' title='bbox 1683 5157 1843 5220; x_wconf 86' lang='lat' dir='ltr'><strong>ipsam</strong></span> <span class='ocrx_word' id='word_1_501' title='bbox 1877 5159 2038 5223; x_wconf 73' lang='lat' dir='ltr'><strong>legem</strong></span> 
     </span>
    </p>
   </div>
   <div class='ocr_carea' id='block_1_69' title="bbox 525 5220 2038 5293">
    <p class='ocr_par' dir='ltr' id='par_1_69' title="bbox 525 5220 2038 5293">
     <span class='ocr_line' id='line_1_69' title="bbox 525 5220 2038 5293; baseline 0.008 -27"><span class='ocrx_word' id='word_1_502' title='bbox 525 5221 741 5293; x_wconf 67' lang='lat' dir='ltr'><strong>accepit.</strong></span> <span class='ocrx_word' id='word_1_503' title='bbox 785 5220 1021 5293; x_wconf 70' lang='lat' dir='ltr'><strong>Quinque</strong></span> <span class='ocrx_word' id='word_1_504' title='bbox 1050 5225 1183 5274; x_wconf 87' lang='lat' dir='ltr'><strong>enim</strong></span> <span class='ocrx_word' id='word_1_505' title='bbox 1215 5225 1409 5293; x_wconf 81' lang='lat' dir='ltr'><strong>lapides</strong></span> <span class='ocrx_word' id='word_1_506' title='bbox 1439 5220 1662 5290; x_wconf 82' lang='lat' dir='ltr'><strong>quinque</strong></span> <span class='ocrx_word' id='word_1_507' title='bbox 1691 5227 1850 5276; x_wconf 90' lang='lat' dir='ltr'><strong>libros</strong></span> <span class='ocrx_word' id='word_1_508' title='bbox 1879 5220 2038 5293; x_wconf 78' lang='lat' dir='ltr'><strong>illoysi</strong></span> 
     </span>
    </p>
   </div>
   <div class='ocr_carea' id='block_1_70' title="bbox 523 5287 2036 5358">
    <p class='ocr_par' dir='ltr' id='par_1_70' title="bbox 523 5287 2036 5358">
     <span class='ocr_line' id='line_1_70' title="bbox 523 5287 2036 5358; baseline 0.007 -23"><span class='ocrx_word' id='word_1_509' title='bbox 523 5287 834 5358; x_wconf 76' lang='lat' dir='ltr'><strong>signilit&#39;ant.</strong></span> <span class='ocrx_word' id='word_1_510' title='bbox 866 5287 1021 5358; x_wconf 25' lang='lat' dir='ltr'><strong>‘Tulit</strong></span> <span class='ocrx_word' id='word_1_511' title='bbox 1066 5305 1188 5357; x_wconf 80' lang='lat' dir='ltr'><strong>ergo</strong></span> <span class='ocrx_word' id='word_1_512' title='bbox 1235 5292 1352 5342; x_wconf 83' lang='lat' dir='ltr'><strong>illos</strong></span> <span class='ocrx_word' id='word_1_513' title='bbox 1380 5287 1607 5357; x_wconf 74' lang='lat' dir='ltr'><strong>quinque</strong></span> <span class='ocrx_word' id='word_1_514' title='bbox 1635 5294 1697 5345; x_wconf 91' lang='lat' dir='ltr'><strong>dc</strong></span> <span class='ocrx_word' id='word_1_515' title='bbox 1724 5287 2036 5358; x_wconf 49' lang='lat' dir='ltr'><strong>llumineﬂd</strong></span> 
     </span>
    </p>
   </div>
   <div class='ocr_carea' id='block_1_71' title="bbox 524 5355 2042 5416">
    <p class='ocr_par' dir='ltr' id='par_1_71' title="bbox 524 5355 2042 5416">
     <span class='ocr_line' id='line_1_71' title="bbox 524 5355 2042 5416; baseline 0.005 -10"><span class='ocrx_word' id='word_1_516' title='bbox 524 5365 603 5406; x_wconf 88' lang='lat' dir='ltr'><strong>cst</strong></span> <span class='ocrx_word' id='word_1_517' title='bbox 632 5357 695 5408; x_wconf 90' lang='lat' dir='ltr'><strong>de</strong></span> <span class='ocrx_word' id='word_1_518' title='bbox 724 5355 931 5409; x_wconf 74' lang='lat' dir='ltr'><strong>seculo.</strong></span> <span class='ocrx_word' id='word_1_519' title='bbox 983 5355 1188 5409; x_wconf 77' lang='lat' dir='ltr'><strong>Labitur</strong></span> <span class='ocrx_word' id='word_1_520' title='bbox 1231 5361 1368 5410; x_wconf 89' lang='lat' dir='ltr'><strong>enim</strong></span> <span class='ocrx_word' id='word_1_521' title='bbox 1399 5355 1625 5411; x_wconf 27' lang='lat' dir='ltr'><strong>imortale</strong></span> <span class='ocrx_word' id='word_1_522' title='bbox 1674 5363 1916 5413; x_wconf 53' lang='lat' dir='ltr'><strong>smculuiu</strong></span> <span class='ocrx_word' id='word_1_523' title='bbox 1942 5355 1958 5413; x_wconf 18' lang='lat' dir='ltr'><strong>V:</strong></span> <span class='ocrx_word' id='word_1_524' title='bbox 1989 5375 2042 5416; x_wconf 88' lang='lat' dir='ltr'><strong>et</strong></span> 
     </span>
    </p>
   </div>
   <div class='ocr_carea' id='block_1_72' title="bbox 527 5426 2035 5493">
    <p class='ocr_par' dir='ltr' id='par_1_72' title="bbox 527 5426 2035 5493">
     <span class='ocr_line' id='line_1_72' title="bbox 527 5426 2035 5493; baseline 0.009 -23"><span class='ocrx_word' id='word_1_525' title='bbox 527 5426 845 5488; x_wconf 65' lang='lat' dir='ltr'><strong>pi‘mterﬂuit,</strong></span> <span class='ocrx_word' id='word_1_526' title='bbox 876 5428 1119 5493; x_wconf 78' lang='lat' dir='ltr'><strong>quidquid</strong></span> <span class='ocrx_word' id='word_1_527' title='bbox 1150 5430 1296 5478; x_wconf 86' lang='lat' dir='ltr'><strong>venit</strong></span> <span class='ocrx_word' id='word_1_528' title='bbox 1327 5431 1371 5477; x_wconf 89' lang='lat' dir='ltr'><strong>in</strong></span> <span class='ocrx_word' id='word_1_529' title='bbox 1409 5431 1674 5478; x_wconf 85' lang='lat' dir='ltr'><strong>mundum.</strong></span> <span class='ocrx_word' id='word_1_530' title='bbox 1713 5431 1867 5480; x_wconf 81' lang='lat' dir='ltr'><strong>Erant</strong></span> <span class='ocrx_word' id='word_1_531' title='bbox 1899 5434 2035 5483; x_wconf 87' lang='lat' dir='ltr'><strong>enim</strong></span> 
     </span>
    </p>
   </div>
   <div class='ocr_carea' id='block_1_73' title="bbox 524 5494 2037 5564">
    <p class='ocr_par' dir='ltr' id='par_1_73' title="bbox 524 5494 2037 5564">
     <span class='ocr_line' id='line_1_73' title="bbox 524 5494 2037 5564; baseline 0.007 -23"><span class='ocrx_word' id='word_1_532' title='bbox 524 5508 573 5542; x_wconf 87' lang='lat' dir='ltr'><strong>in</strong></span> <span class='ocrx_word' id='word_1_533' title='bbox 602 5494 814 5547; x_wconf 86' lang='lat' dir='ltr'><strong>lluinine</strong></span> <span class='ocrx_word' id='word_1_534' title='bbox 859 5507 1096 5562; x_wconf 86' lang='lat' dir='ltr'><strong>tauquam</strong></span> <span class='ocrx_word' id='word_1_535' title='bbox 1139 5498 1188 5548; x_wconf 90' lang='lat' dir='ltr'><strong>in</strong></span> <span class='ocrx_word' id='word_1_536' title='bbox 1239 5498 1427 5562; x_wconf 84' lang='lat' dir='ltr'><strong>populo</strong></span> <span class='ocrx_word' id='word_1_537' title='bbox 1478 5498 1585 5547; x_wconf 90' lang='lat' dir='ltr'><strong>illo.</strong></span> <span class='ocrx_word' id='word_1_538' title='bbox 1634 5497 1804 5548; x_wconf 88' lang='lat' dir='ltr'><strong>Primo</strong></span> <span class='ocrx_word' id='word_1_539' title='bbox 1843 5500 2037 5564; x_wconf 85' lang='lat' dir='ltr'><strong>lapides</strong></span> 
     </span>
    </p>
   </div>
   <div class='ocr_carea' id='block_1_74' title="bbox 523 5563 2038 5628">
    <p class='ocr_par' dir='ltr' id='par_1_74' title="bbox 523 5563 2038 5628">
     <span class='ocr_line' id='line_1_74' title="bbox 523 5563 2038 5628; baseline 0.007 -19"><span class='ocrx_word' id='word_1_540' title='bbox 523 5573 669 5613; x_wconf 71' lang='lat' dir='ltr'><strong>erant</strong></span> <span class='ocrx_word' id='word_1_541' title='bbox 692 5563 796 5616; x_wconf 86' lang='lat' dir='ltr'><strong>illic</strong></span> <span class='ocrx_word' id='word_1_542' title='bbox 819 5565 1024 5615; x_wconf 89' lang='lat' dir='ltr'><strong>inutiles</strong></span> <span class='ocrx_word' id='word_1_543' title='bbox 1042 5575 1091 5615; x_wconf 89' lang='lat' dir='ltr'><strong>et</strong></span> <span class='ocrx_word' id='word_1_544' title='bbox 1117 5570 1383 5624; x_wconf 85' lang='lat' dir='ltr'><strong>vacabant,</strong></span> <span class='ocrx_word' id='word_1_545' title='bbox 1407 5567 1529 5616; x_wconf 88' lang='lat' dir='ltr'><strong>nihil</strong></span> <span class='ocrx_word' id='word_1_546' title='bbox 1557 5565 1847 5628; x_wconf 82' lang='lat' dir='ltr'><strong>proderant,</strong></span> <span class='ocrx_word' id='word_1_547' title='bbox 1875 5563 2038 5620; x_wconf 83' lang='lat' dir='ltr'><strong>trans-</strong></span> 
     </span>
    </p>
   </div>
   <div class='ocr_carea' id='block_1_75' title="bbox 523 5632 2032 5700">
    <p class='ocr_par' dir='ltr' id='par_1_75' title="bbox 523 5632 2032 5700">
     <span class='ocr_line' id='line_1_75' title="bbox 523 5632 2032 5700; baseline 0.009 -25"><span class='ocrx_word' id='word_1_548' title='bbox 523 5632 664 5700; x_wconf 76' lang='lat' dir='ltr'><strong>ibant</strong></span> <span class='ocrx_word' id='word_1_549' title='bbox 707 5647 864 5697; x_wconf 88' lang='lat' dir='ltr'><strong>super</strong></span> <span class='ocrx_word' id='word_1_550' title='bbox 908 5634 1108 5685; x_wconf 87' lang='lat' dir='ltr'><strong>lluvios.</strong></span> <span class='ocrx_word' id='word_1_551' title='bbox 1161 5636 1259 5687; x_wconf 78' lang='lat' dir='ltr'><strong>Sed</strong></span> <span class='ocrx_word' id='word_1_552' title='bbox 1310 5636 1428 5700; x_wconf 84' lang='lat' dir='ltr'><strong>quid</strong></span> <span class='ocrx_word' id='word_1_553' title='bbox 1471 5635 1590 5685; x_wconf 86' lang='lat' dir='ltr'><strong>lecit.</strong></span> <span class='ocrx_word' id='word_1_554' title='bbox 1629 5635 1825 5685; x_wconf 80' lang='lat' dir='ltr'><strong>David?</strong></span> <span class='ocrx_word' id='word_1_555' title='bbox 1861 5637 1922 5688; x_wconf 91' lang='lat' dir='ltr'><strong>Ut</strong></span> <span class='ocrx_word' id='word_1_556' title='bbox 1954 5639 2032 5689; x_wconf 77' lang='lat' dir='ltr'><strong>lex</strong></span> 
     </span>
    </p>
   </div>
   <div class='ocr_carea' id='block_1_76' title="bbox 526 5697 2033 5770">
    <p class='ocr_par' dir='ltr' id='par_1_76' title="bbox 526 5697 2033 5770">
     <span class='ocr_line' id='line_1_76' title="bbox 526 5697 2033 5770; baseline 0.007 -26"><span class='ocrx_word' id='word_1_557' title='bbox 526 5697 775 5770; x_wconf 76' lang='lat' dir='ltr'><strong>illamilis</strong></span> <span class='ocrx_word' id='word_1_558' title='bbox 801 5714 956 5766; x_wconf 80' lang='lat' dir='ltr'><strong>esset,</strong></span> <span class='ocrx_word' id='word_1_559' title='bbox 989 5705 1184 5770; x_wconf 78' lang='lat' dir='ltr'><strong>accepit</strong></span> <span class='ocrx_word' id='word_1_560' title='bbox 1213 5697 1447 5768; x_wconf 76' lang='lat' dir='ltr'><strong>gratiam.</strong></span> <span class='ocrx_word' id='word_1_561' title='bbox 1481 5703 1580 5754; x_wconf 69' lang='lat' dir='ltr'><strong>Lex</strong></span> <span class='ocrx_word' id='word_1_562' title='bbox 1614 5707 1748 5754; x_wconf 82' lang='lat' dir='ltr'><strong>enim</strong></span> <span class='ocrx_word' id='word_1_563' title='bbox 1783 5706 1893 5755; x_wconf 82' lang='lat' dir='ltr'><strong>sine</strong></span> <span class='ocrx_word' id='word_1_564' title='bbox 1920 5722 2033 5768; x_wconf 68' lang='lat' dir='ltr'><strong>gra-</strong></span> 
     </span>
    </p>
   </div>
   <div class='ocr_carea' id='block_1_77' title="bbox 524 5767 2028 5842">
    <p class='ocr_par' dir='ltr' id='par_1_77' title="bbox 524 5767 2028 5842">
     <span class='ocr_line' id='line_1_77' title="bbox 524 5767 2028 5842; baseline 0.009 -31"><span class='ocrx_word' id='word_1_565' title='bbox 524 5777 585 5813; x_wconf 73' lang='grc' dir='ltr'>ιιει</span> <span class='ocrx_word' id='word_1_566' title='bbox 621 5767 815 5834; x_wconf 67' lang='lat' dir='ltr'><strong>impleri</strong></span> <span class='ocrx_word' id='word_1_567' title='bbox 845 5787 941 5825; x_wconf 83' lang='lat' dir='ltr'><strong>non</strong></span> <span class='ocrx_word' id='word_1_568' title='bbox 970 5767 1149 5838; x_wconf 77' lang='lat' dir='ltr'><strong>potest.</strong></span> <span class='ocrx_word' id='word_1_569' title='bbox 1184 5767 1446 5826; x_wconf 72' lang='lat' dir='ltr'><strong>l&#39;icnuudo</strong></span> <span class='ocrx_word' id='word_1_570' title='bbox 1473 5788 1606 5827; x_wconf 88' lang='lat' dir='ltr'><strong>cnun</strong></span> <span class='ocrx_word' id='word_1_571' title='bbox 1637 5774 1760 5842; x_wconf 77' lang='lat' dir='ltr'><strong>legis</strong></span> <span class='ocrx_word' id='word_1_572' title='bbox 1787 5767 2028 5826; x_wconf 80' lang='lat' dir='ltr'><strong>cbaritas.</strong></span> 
     </span>
    </p>
   </div>
   <div class='ocr_carea' id='block_1_78' title="bbox 2197 691 3728 760">
    <p class='ocr_par' dir='ltr' id='par_1_78' title="bbox 2197 691 3728 760">
     <span class='ocr_line' id='line_1_78' title="bbox 2197 691 3728 760; baseline 0.004 -21"><span class='ocrx_word' id='word_1_573' title='bbox 2197 697 2325 760; x_wconf 78' lang='lat' dir='ltr'><strong>tum.</strong></span> <span class='ocrx_word' id='word_1_574' title='bbox 2373 691 2456 743; x_wconf 94' lang='lat' dir='ltr'><strong>ubi</strong></span> <span class='ocrx_word' id='word_1_575' title='bbox 2504 701 2668 744; x_wconf 85' lang='lat' dir='ltr'><strong>mater</strong></span> <span class='ocrx_word' id='word_1_576' title='bbox 2715 707 2832 744; x_wconf 89' lang='lat' dir='ltr'><strong>non.</strong></span> <span class='ocrx_word' id='word_1_577' title='bbox 2863 694 3050 759; x_wconf 74' lang='lat' dir='ltr'><strong>qurerit</strong></span> <span class='ocrx_word' id='word_1_578' title='bbox 3095 695 3354 759; x_wconf 89' lang='lat' dir='ltr'><strong>accipere,</strong></span> <span class='ocrx_word' id='word_1_579' title='bbox 3411 695 3503 746; x_wconf 88' lang='lat' dir='ltr'><strong>sed</strong></span> <span class='ocrx_word' id='word_1_580' title='bbox 3539 696 3728 760; x_wconf 71' lang='lat' dir='ltr'><strong>satagit</strong></span> 
     </span>
    </p>
   </div>
   <div class='ocr_carea' id='block_1_79' title="bbox 2197 757 3730 827">
    <p class='ocr_par' dir='ltr' id='par_1_79' title="bbox 2197 757 3730 827">
     <span class='ocr_line' id='line_1_79' title="bbox 2197 757 3730 827; baseline 0.003 -17"><span class='ocrx_word' id='word_1_581' title='bbox 2197 757 2359 827; x_wconf 86' lang='lat' dir='ltr'><strong>dare:</strong></span> <span class='ocrx_word' id='word_1_582' title='bbox 2391 760 2488 810; x_wconf 89' lang='lat' dir='ltr'><strong>hoc</strong></span> <span class='ocrx_word' id='word_1_583' title='bbox 2533 769 2697 813; x_wconf 86' lang='lat' dir='ltr'><strong>mater</strong></span> <span class='ocrx_word' id='word_1_584' title='bbox 2740 757 2901 827; x_wconf 80' lang='lat' dir='ltr'><strong>gratis</strong></span> <span class='ocrx_word' id='word_1_585' title='bbox 2930 760 3037 824; x_wconf 88' lang='lat' dir='ltr'><strong>dat,</strong></span> <span class='ocrx_word' id='word_1_586' title='bbox 3069 769 3122 812; x_wconf 92' lang='lat' dir='ltr'><strong>et</strong></span> <span class='ocrx_word' id='word_1_587' title='bbox 3146 757 3490 814; x_wconf 80' lang='lat' dir='ltr'><strong>contristatur</strong></span> <span class='ocrx_word' id='word_1_588' title='bbox 3520 763 3565 813; x_wconf 88' lang='lat' dir='ltr'><strong>si</strong></span> <span class='ocrx_word' id='word_1_589' title='bbox 3594 757 3730 814; x_wconf 67' lang='lat' dir='ltr'><strong>desit</strong></span> 
     </span>
    </p>
   </div>
   <div class='ocr_carea' id='block_1_80' title="bbox 2194 825 3725 896">
    <p class='ocr_par' dir='ltr' id='par_1_80' title="bbox 2194 825 3725 896">
     <span class='ocr_line' id='line_1_80' title="bbox 2194 825 3725 896; baseline 0.004 -20"><span class='ocrx_word' id='word_1_590' title='bbox 2194 825 2281 896; x_wconf 84' lang='lat' dir='ltr'><strong>qui</strong></span> <span class='ocrx_word' id='word_1_591' title='bbox 2303 827 2540 895; x_wconf 82' lang='lat' dir='ltr'><strong>accipiat.</strong></span> <span class='ocrx_word' id='word_1_592' title='bbox 2590 825 2861 891; x_wconf 77' lang='lat' dir='ltr'><strong>Quomodo</strong></span> <span class='ocrx_word' id='word_1_593' title='bbox 2901 842 3027 890; x_wconf 73' lang='lat' dir='ltr'><strong>ergo</strong></span> <span class='ocrx_word' id='word_1_594' title='bbox 3070 830 3296 882; x_wconf 87' lang='lat' dir='ltr'><strong>ostendit</strong></span> <span class='ocrx_word' id='word_1_595' title='bbox 3341 830 3501 882; x_wconf 87' lang='lat' dir='ltr'><strong>David</strong></span> <span class='ocrx_word' id='word_1_596' title='bbox 3555 831 3725 896; x_wconf 78' lang='lat' dir='ltr'><strong>legem</strong></span> 
     </span>
    </p>
   </div>
   <div class='ocr_carea' id='block_1_81' title="bbox 2195 894 3722 965">
    <p class='ocr_par' dir='ltr' id='par_1_81' title="bbox 2195 894 3722 965">
     <span class='ocr_line' id='line_1_81' title="bbox 2195 894 3722 965; baseline 0.003 -20"><span class='ocrx_word' id='word_1_597' title='bbox 2195 894 2309 965; x_wconf 86' lang='lat' dir='ltr'><strong>sine</strong></span> <span class='ocrx_word' id='word_1_598' title='bbox 2328 894 2498 961; x_wconf 77' lang='lat' dir='ltr'><strong>gratia</strong></span> <span class='ocrx_word' id='word_1_599' title='bbox 2527 899 2728 962; x_wconf 89' lang='lat' dir='ltr'><strong>operari</strong></span> <span class='ocrx_word' id='word_1_600' title='bbox 2766 912 2869 949; x_wconf 91' lang='lat' dir='ltr'><strong>non</strong></span> <span class='ocrx_word' id='word_1_601' title='bbox 2900 910 3073 961; x_wconf 83' lang='lat' dir='ltr'><strong>posse,</strong></span> <span class='ocrx_word' id='word_1_602' title='bbox 3103 898 3203 950; x_wconf 83' lang='lat' dir='ltr'><strong>nisi</strong></span> <span class='ocrx_word' id='word_1_603' title='bbox 3226 912 3342 949; x_wconf 87' lang='lat' dir='ltr'><strong>cum</strong></span> <span class='ocrx_word' id='word_1_604' title='bbox 3374 898 3494 950; x_wconf 87' lang='lat' dir='ltr'><strong>illos</strong></span> <span class='ocrx_word' id='word_1_605' title='bbox 3525 894 3722 965; x_wconf 83' lang='lat' dir='ltr'><strong>lapides</strong></span> 
     </span>
    </p>
   </div>
   <div class='ocr_carea' id='block_1_82' title="bbox 2195 963 3724 1034">
    <p class='ocr_par' dir='ltr' id='par_1_82' title="bbox 2195 963 3724 1034">
     <span class='ocr_line' id='line_1_82' title="bbox 2195 963 3724 1034; baseline 0.003 -21"><span class='ocrx_word' id='word_1_606' title='bbox 2195 963 2654 1034; x_wconf 83' lang='lat' dir='ltr'><strong>quinque,quibus</strong></span> <span class='ocrx_word' id='word_1_607' title='bbox 2680 965 3068 1031; x_wconf 76' lang='lat' dir='ltr'><strong>significabatur</strong></span> <span class='ocrx_word' id='word_1_608' title='bbox 3097 966 3178 1018; x_wconf 82' lang='lat' dir='ltr'><strong>lex</strong></span> <span class='ocrx_word' id='word_1_609' title='bbox 3209 968 3258 1017; x_wconf 94' lang='lat' dir='ltr'><strong>in</strong></span> <span class='ocrx_word' id='word_1_610' title='bbox 3291 967 3437 1017; x_wconf 90' lang='lat' dir='ltr'><strong>libris</strong></span> <span class='ocrx_word' id='word_1_611' title='bbox 3463 963 3694 1034; x_wconf 80' lang='lat' dir='ltr'><strong>quinque</strong></span> <span class='ocrx_word' id='word_1_612' title='bbox 3713 1011 3724 1030; x_wconf 87' lang='lat'><strong>,</strong></span> 
     </span>
    </p>
   </div>
   <div class='ocr_carea' id='block_1_83' title="bbox 2195 1033 3725 1101">
    <p class='ocr_par' dir='ltr' id='par_1_83' title="bbox 2195 1033 3725 1101">
     <span class='ocr_line' id='line_1_83' title="bbox 2195 1033 3725 1101; baseline 0.006 -23"><span class='ocrx_word' id='word_1_613' title='bbox 2195 1045 2326 1096; x_wconf 90' lang='lat' dir='ltr'><strong>quos</strong></span> <span class='ocrx_word' id='word_1_614' title='bbox 2349 1033 2662 1099; x_wconf 84' lang='lat' dir='ltr'><strong>conjungere</strong></span> <span class='ocrx_word' id='word_1_615' title='bbox 2683 1035 2867 1086; x_wconf 89' lang='lat' dir='ltr'><strong>volens</strong></span> <span class='ocrx_word' id='word_1_616' title='bbox 2889 1035 3086 1099; x_wconf 65' lang='lat' dir='ltr'><strong>gratiae,</strong></span> <span class='ocrx_word' id='word_1_617' title='bbox 3119 1037 3287 1100; x_wconf 92' lang='lat' dir='ltr'><strong>posuit</strong></span> <span class='ocrx_word' id='word_1_618' title='bbox 3313 1035 3363 1085; x_wconf 90' lang='lat' dir='ltr'><strong>in</strong></span> <span class='ocrx_word' id='word_1_619' title='bbox 3391 1049 3516 1087; x_wconf 87' lang='lat' dir='ltr'><strong>vase</strong></span> <span class='ocrx_word' id='word_1_620' title='bbox 3550 1033 3725 1101; x_wconf 76' lang='lat' dir='ltr'><strong>pasro-</strong></span> 
     </span>
    </p>
   </div>
   <div class='ocr_carea' id='block_1_84' title="bbox 2194 1100 3725 1166">
    <p class='ocr_par' dir='ltr' id='par_1_84' title="bbox 2194 1100 3725 1166">
     <span class='ocr_line' id='line_1_84' title="bbox 2194 1100 3725 1166; baseline 0.003 -16"><span class='ocrx_word' id='word_1_621' title='bbox 2194 1100 2311 1160; x_wconf 87' lang='lat' dir='ltr'><strong>rali,</strong></span> <span class='ocrx_word' id='word_1_622' title='bbox 2364 1116 2466 1164; x_wconf 88' lang='lat' dir='ltr'><strong>quo</strong></span> <span class='ocrx_word' id='word_1_623' title='bbox 2514 1102 2593 1154; x_wconf 91' lang='lat' dir='ltr'><strong>lac</strong></span> <span class='ocrx_word' id='word_1_624' title='bbox 2646 1103 2879 1166; x_wconf 75' lang='lat' dir='ltr'><strong>mulgere</strong></span> <span class='ocrx_word' id='word_1_625' title='bbox 2921 1103 3303 1155; x_wconf 85' lang='lat' dir='ltr'><strong>consueverat?</strong></span> <span class='ocrx_word' id='word_1_626' title='bbox 3352 1103 3442 1154; x_wconf 80' lang='lat' dir='ltr'><strong>His</strong></span> <span class='ocrx_word' id='word_1_627' title='bbox 3492 1100 3725 1155; x_wconf 82' lang='lat' dir='ltr'><strong>armatus</strong></span> 
     </span>
    </p>
   </div>
   <div class='ocr_carea' id='block_1_85' title="bbox 2195 1168 3723 1237">
    <p class='ocr_par' dir='ltr' id='par_1_85' title="bbox 2195 1168 3723 1237">
     <span class='ocr_line' id='line_1_85' title="bbox 2195 1168 3723 1237; baseline 0.003 -18"><span class='ocrx_word' id='word_1_628' title='bbox 2195 1168 2451 1233; x_wconf 89' lang='lat' dir='ltr'><strong>processit</strong></span> <span class='ocrx_word' id='word_1_629' title='bbox 2477 1173 2727 1222; x_wconf 89' lang='lat' dir='ltr'><strong>adversus</strong></span> <span class='ocrx_word' id='word_1_630' title='bbox 2755 1170 2956 1222; x_wconf 84' lang='lat' dir='ltr'><strong>Goliam</strong></span> <span class='ocrx_word' id='word_1_631' title='bbox 2988 1172 3287 1237; x_wconf 87' lang='lat' dir='ltr'><strong>superbum,</strong></span> <span class='ocrx_word' id='word_1_632' title='bbox 3331 1185 3388 1223; x_wconf 89' lang='lat' dir='ltr'><strong>se</strong></span> <span class='ocrx_word' id='word_1_633' title='bbox 3414 1171 3723 1236; x_wconf 84' lang='lat' dir='ltr'><strong>jactaniem,</strong></span> 
     </span>
    </p>
   </div>
   <div class='ocr_carea' id='block_1_86' title="bbox 2195 1237 3726 1306">
    <p class='ocr_par' dir='ltr' id='par_1_86' title="bbox 2195 1237 3726 1306">
     <span class='ocr_line' id='line_1_86' title="bbox 2195 1237 3726 1306; baseline 0.004 -20"><span class='ocrx_word' id='word_1_634' title='bbox 2195 1237 2259 1306; x_wconf 79' lang='lat' dir='ltr'><strong>de</strong></span> <span class='ocrx_word' id='word_1_635' title='bbox 2287 1250 2345 1306; x_wconf 75' lang='lat' dir='ltr'><strong>se</strong></span> <span class='ocrx_word' id='word_1_636' title='bbox 2374 1247 2794 1303; x_wconf 79' lang='lat' dir='ltr'><strong>praesumentem.</strong></span> <span class='ocrx_word' id='word_1_637' title='bbox 2827 1237 2966 1290; x_wconf 91' lang='lat' dir='ltr'><strong>Tulit</strong></span> <span class='ocrx_word' id='word_1_638' title='bbox 2992 1255 3150 1290; x_wconf 89' lang='lat' dir='ltr'><strong>unum</strong></span> <span class='ocrx_word' id='word_1_639' title='bbox 3183 1240 3425 1304; x_wconf 89' lang='lat' dir='ltr'><strong>lapidem,</strong></span> <span class='ocrx_word' id='word_1_640' title='bbox 3457 1251 3510 1292; x_wconf 89' lang='lat' dir='ltr'><strong>et</strong></span> <span class='ocrx_word' id='word_1_641' title='bbox 3535 1241 3726 1306; x_wconf 67' lang='lat' dir='ltr'><strong>dejeet</strong></span> 
     </span>
    </p>
   </div>
   <div class='ocr_carea' id='block_1_87' title="bbox 2195 1303 3726 1372">
    <p class='ocr_par' dir='ltr' id='par_1_87' title="bbox 2195 1303 3726 1372">
     <span class='ocr_line' id='line_1_87' title="bbox 2195 1303 3726 1372; baseline 0.003 -16"><span class='ocrx_word' id='word_1_642' title='bbox 2195 1303 2481 1356; x_wconf 87' lang='lat' dir='ltr'><strong>diabolum.</strong></span> <span class='ocrx_word' id='word_1_643' title='bbox 2521 1307 2574 1358; x_wconf 92' lang='lat' dir='ltr'><strong>In</strong></span> <span class='ocrx_word' id='word_1_644' title='bbox 2600 1307 2821 1359; x_wconf 80' lang='lat' dir='ltr'><strong>frontem</strong></span> <span class='ocrx_word' id='word_1_645' title='bbox 2854 1310 3106 1372; x_wconf 86' lang='lat' dir='ltr'><strong>percussit</strong></span> <span class='ocrx_word' id='word_1_646' title='bbox 3133 1319 3182 1359; x_wconf 92' lang='lat' dir='ltr'><strong>et</strong></span> <span class='ocrx_word' id='word_1_647' title='bbox 3205 1303 3411 1368; x_wconf 86' lang='lat' dir='ltr'><strong>cecidit,</strong></span> <span class='ocrx_word' id='word_1_648' title='bbox 3442 1319 3494 1359; x_wconf 89' lang='lat' dir='ltr'><strong>et</strong></span> <span class='ocrx_word' id='word_1_649' title='bbox 3523 1323 3588 1360; x_wconf 87' lang='lat' dir='ltr'><strong>eo</strong></span> <span class='ocrx_word' id='word_1_650' title='bbox 3605 1303 3726 1362; x_wconf 84' lang='lat' dir='ltr'><strong>loco</strong></span> 
     </span>
    </p>
   </div>
   <div class='ocr_carea' id='block_1_88' title="bbox 2197 1374 3722 1442">
    <p class='ocr_par' dir='ltr' id='par_1_88' title="bbox 2197 1374 3722 1442">
     <span class='ocr_line' id='line_1_88' title="bbox 2197 1374 3722 1442; baseline 0.003 -19"><span class='ocrx_word' id='word_1_651' title='bbox 2197 1374 2432 1437; x_wconf 79' lang='lat' dir='ltr'><strong>Corporis</strong></span> <span class='ocrx_word' id='word_1_652' title='bbox 2477 1375 2562 1426; x_wconf 90' lang='lat' dir='ltr'><strong>ubi</strong></span> <span class='ocrx_word' id='word_1_653' title='bbox 2605 1376 2805 1441; x_wconf 78' lang='lat' dir='ltr'><strong>signum</strong></span> <span class='ocrx_word' id='word_1_654' title='bbox 2853 1375 3053 1427; x_wconf 87' lang='lat' dir='ltr'><strong>Christi</strong></span> <span class='ocrx_word' id='word_1_655' title='bbox 3086 1391 3186 1426; x_wconf 91' lang='lat' dir='ltr'><strong>non</strong></span> <span class='ocrx_word' id='word_1_656' title='bbox 3219 1378 3416 1427; x_wconf 77' lang='lat' dir='ltr'><strong>habuit.</strong></span> <span class='ocrx_word' id='word_1_657' title='bbox 3451 1377 3558 1428; x_wconf 88' lang='lat' dir='ltr'><strong>Hoc</strong></span> <span class='ocrx_word' id='word_1_658' title='bbox 3585 1392 3722 1442; x_wconf 85' lang='lat' dir='ltr'><strong>quo-</strong></span> 
     </span>
    </p>
   </div>
   <div class='ocr_carea' id='block_1_89' title="bbox 2193 1442 3722 1510">
    <p class='ocr_par' dir='ltr' id='par_1_89' title="bbox 2193 1442 3722 1510">
     <span class='ocr_line' id='line_1_89' title="bbox 2193 1442 3722 1510; baseline 0.004 -20"><span class='ocrx_word' id='word_1_659' title='bbox 2193 1455 2293 1510; x_wconf 85' lang='lat' dir='ltr'><strong>que</strong></span> <span class='ocrx_word' id='word_1_660' title='bbox 2339 1442 2459 1510; x_wconf 82' lang='lat' dir='ltr'><strong>licet</strong></span> <span class='ocrx_word' id='word_1_661' title='bbox 2503 1445 2757 1497; x_wconf 90' lang='lat' dir='ltr'><strong>attendas.</strong></span> <span class='ocrx_word' id='word_1_662' title='bbox 2805 1444 3045 1509; x_wconf 81' lang='lat' dir='ltr'><strong>Quinque</strong></span> <span class='ocrx_word' id='word_1_663' title='bbox 3089 1445 3283 1510; x_wconf 85' lang='lat' dir='ltr'><strong>lapides</strong></span> <span class='ocrx_word' id='word_1_664' title='bbox 3324 1447 3515 1508; x_wconf 83' lang='lat' dir='ltr'><strong>posuit,</strong></span> <span class='ocrx_word' id='word_1_665' title='bbox 3559 1462 3722 1496; x_wconf 84' lang='lat' dir='ltr'><strong>unum</strong></span> 
     </span>
    </p>
   </div>
   <div class='ocr_carea' id='block_1_90' title="bbox 2179 1509 3720 1577">
    <p class='ocr_par' dir='ltr' id='par_1_90' title="bbox 2179 1509 3720 1577">
     <span class='ocr_line' id='line_1_90' title="bbox 2179 1509 3720 1577; baseline 0.005 -19"><span class='ocrx_word' id='word_1_666' title='bbox 2179 1509 2353 1561; x_wconf 75' lang='lat' dir='ltr'><strong>~niisit.</strong></span> <span class='ocrx_word' id='word_1_667' title='bbox 2386 1509 2625 1577; x_wconf 87' lang='lat' dir='ltr'><strong>Quinque</strong></span> <span class='ocrx_word' id='word_1_668' title='bbox 2657 1514 2770 1565; x_wconf 93' lang='lat' dir='ltr'><strong>libri</strong></span> <span class='ocrx_word' id='word_1_669' title='bbox 2801 1514 2918 1564; x_wconf 91' lang='lat' dir='ltr'><strong>lecti</strong></span> <span class='ocrx_word' id='word_1_670' title='bbox 2946 1525 3085 1574; x_wconf 87' lang='lat' dir='ltr'><strong>sunt,</strong></span> <span class='ocrx_word' id='word_1_671' title='bbox 3117 1509 3204 1565; x_wconf 86' lang='lat' dir='ltr'><strong>sed</strong></span> <span class='ocrx_word' id='word_1_672' title='bbox 3230 1514 3400 1565; x_wconf 87' lang='lat' dir='ltr'><strong>unitas</strong></span> <span class='ocrx_word' id='word_1_673' title='bbox 3423 1514 3568 1576; x_wconf 85' lang='lat' dir='ltr'><strong>vicit,</strong></span> <span class='ocrx_word' id='word_1_674' title='bbox 3604 1512 3720 1565; x_wconf 82' lang='lat' dir='ltr'><strong>Ple-</strong></span> 
     </span>
    </p>
   </div>
   <div class='ocr_carea' id='block_1_91' title="bbox 2192 1579 3717 1648">
    <p class='ocr_par' dir='ltr' id='par_1_91' title="bbox 2192 1579 3717 1648">
     <span class='ocr_line' id='line_1_91' title="bbox 2192 1579 3717 1648; baseline 0.005 -22"><span class='ocrx_word' id='word_1_675' title='bbox 2192 1579 2364 1630; x_wconf 87' lang='lat' dir='ltr'><strong>nitudo</strong></span> <span class='ocrx_word' id='word_1_676' title='bbox 2391 1580 2520 1630; x_wconf 85' lang='lat' dir='ltr'><strong>enim</strong></span> <span class='ocrx_word' id='word_1_677' title='bbox 2549 1581 2668 1647; x_wconf 77' lang='lat' dir='ltr'><strong>legis</strong></span> <span class='ocrx_word' id='word_1_678' title='bbox 2712 1582 2945 1642; x_wconf 74' lang='lat' dir='ltr'><strong>charitas,</strong></span> <span class='ocrx_word' id='word_1_679' title='bbox 2999 1593 3052 1633; x_wconf 92' lang='lat' dir='ltr'><strong>ut</strong></span> <span class='ocrx_word' id='word_1_680' title='bbox 3098 1582 3169 1632; x_wconf 87' lang='lat' dir='ltr'><strong>ait</strong></span> <span class='ocrx_word' id='word_1_681' title='bbox 3211 1582 3531 1648; x_wconf 80' lang='lat' dir='ltr'><strong>Apostolus:</strong></span> <span class='ocrx_word' id='word_1_682' title='bbox 3559 1582 3717 1644; x_wconf 75' lang='lat' dir='ltr'><strong>Sit/Te-</strong></span> 
     </span>
    </p>
   </div>
   <div class='ocr_carea' id='block_1_92' title="bbox 2193 1648 3716 1705">
    <p class='ocr_par' dir='ltr' id='par_1_92' title="bbox 2193 1648 3716 1705">
     <span class='ocr_line' id='line_1_92' title="bbox 2193 1648 3716 1705; baseline 0.004 -10"><span class='ocrx_word' id='word_1_683' title='bbox 2193 1658 2353 1698; x_wconf 78' lang='lat' dir='ltr'><strong>rentes</strong></span> <span class='ocrx_word' id='word_1_684' title='bbox 2380 1648 2582 1699; x_wconf 83' lang='lat' dir='ltr'><strong>inuicem</strong></span> <span class='ocrx_word' id='word_1_685' title='bbox 2611 1651 2661 1700; x_wconf 86' lang='lat' dir='ltr'><strong>in</strong></span> <span class='ocrx_word' id='word_1_686' title='bbox 2679 1650 2955 1705; x_wconf 81' lang='lat' dir='ltr'><strong>dilectione.</strong></span> <span class='ocrx_word' id='word_1_687' title='bbox 2989 1651 3237 1702; x_wconf 75' lang='lat' dir='ltr'><strong>studentes</strong></span> <span class='ocrx_word' id='word_1_688' title='bbox 3261 1667 3458 1703; x_wconf 81' lang='lat' dir='ltr'><strong>servare</strong></span> <span class='ocrx_word' id='word_1_689' title='bbox 3481 1654 3716 1702; x_wconf 74' lang='lat' dir='ltr'><strong>unitatem</strong></span> 
     </span>
    </p>
   </div>
   <div class='ocr_carea' id='block_1_93' title="bbox 2191 1715 3717 1786">
    <p class='ocr_par' dir='ltr' id='par_1_93' title="bbox 2191 1715 3717 1786">
     <span class='ocr_line' id='line_1_93' title="bbox 2191 1715 3717 1786; baseline 0.005 -22"><span class='ocrx_word' id='word_1_690' title='bbox 2191 1715 2394 1786; x_wconf 75' lang='lat' dir='ltr'><strong>spiritus</strong></span> <span class='ocrx_word' id='word_1_691' title='bbox 2422 1717 2472 1766; x_wconf 86' lang='lat' dir='ltr'><strong>in</strong></span> <span class='ocrx_word' id='word_1_692' title='bbox 2502 1719 2694 1770; x_wconf 82' lang='lat' dir='ltr'><strong>vinculo</strong></span> <span class='ocrx_word' id='word_1_693' title='bbox 2730 1721 2874 1781; x_wconf 72' lang='lat' dir='ltr'><strong>pacis</strong></span> <span class='ocrx_word' id='word_1_694' title='bbox 2915 1718 3127 1786; x_wconf 76' lang='lat' dir='ltr'><strong>(Ephes.</strong></span> <span class='ocrx_word' id='word_1_695' title='bbox 3163 1734 3233 1782; x_wconf 87' lang='lat' dir='ltr'><strong>iv,</strong></span> <span class='ocrx_word' id='word_1_696' title='bbox 3261 1720 3333 1785; x_wconf 82' lang='grc'><strong>5).</strong></span> <span class='ocrx_word' id='word_1_697' title='bbox 3387 1719 3585 1772; x_wconf 90' lang='lat' dir='ltr'><strong>Deinde</strong></span> <span class='ocrx_word' id='word_1_698' title='bbox 3633 1720 3717 1771; x_wconf 91' lang='lat' dir='ltr'><strong>illo</strong></span> 
     </span>
    </p>
   </div>
   <div class='ocr_carea' id='block_1_94' title="bbox 2191 1781 3716 1852">
    <p class='ocr_par' dir='ltr' id='par_1_94' title="bbox 2191 1781 3716 1852">
     <span class='ocr_line' id='line_1_94' title="bbox 2191 1781 3716 1852; baseline 0.004 -19"><span class='ocrx_word' id='word_1_699' title='bbox 2191 1781 2395 1852; x_wconf 80' lang='lat' dir='ltr'><strong>dejecto</strong></span> <span class='ocrx_word' id='word_1_700' title='bbox 2444 1795 2598 1851; x_wconf 87' lang='lat' dir='ltr'><strong>atque</strong></span> <span class='ocrx_word' id='word_1_701' title='bbox 2652 1781 2933 1852; x_wconf 46' lang='lat' dir='ltr'><strong>percusso,</strong></span> <span class='ocrx_word' id='word_1_702' title='bbox 2967 1788 3191 1850; x_wconf 71' lang='lat' dir='ltr'><strong>gladium</strong></span> <span class='ocrx_word' id='word_1_703' title='bbox 3223 1781 3363 1851; x_wconf 73' lang='lat' dir='ltr'><strong>eius</strong></span> <span class='ocrx_word' id='word_1_704' title='bbox 3400 1790 3633 1848; x_wconf 83' lang='lat' dir='ltr'><strong>abstulit,</strong></span> <span class='ocrx_word' id='word_1_705' title='bbox 3666 1801 3716 1841; x_wconf 90' lang='lat' dir='ltr'><strong>et</strong></span> 
     </span>
    </p>
   </div>
   <div class='ocr_carea' id='block_1_95' title="bbox 2191 1850 3730 1921">
    <p class='ocr_par' dir='ltr' id='par_1_95' title="bbox 2191 1850 3730 1921">
     <span class='ocr_line' id='line_1_95' title="bbox 2191 1850 3730 1921; baseline 0.004 -21"><span class='ocrx_word' id='word_1_706' title='bbox 2191 1850 2312 1921; x_wconf 79' lang='lat' dir='ltr'><strong>inde</strong></span> <span class='ocrx_word' id='word_1_707' title='bbox 2334 1863 2488 1919; x_wconf 89' lang='lat' dir='ltr'><strong>caput</strong></span> <span class='ocrx_word' id='word_1_708' title='bbox 2514 1850 2897 1907; x_wconf 36' lang='lat' dir='ltr'><strong>illius—abscidit</strong></span> <span class='ocrx_word' id='word_1_709' title='bbox 2923 1872 2936 1919; x_wconf 91' lang='lat'><strong>;</strong></span> <span class='ocrx_word' id='word_1_710' title='bbox 2966 1867 3017 1908; x_wconf 89' lang='lat' dir='ltr'><strong>et</strong></span> <span class='ocrx_word' id='word_1_711' title='bbox 3046 1859 3142 1907; x_wconf 84' lang='lat' dir='ltr'><strong>lioc</strong></span> <span class='ocrx_word' id='word_1_712' title='bbox 3172 1850 3290 1907; x_wconf 82' lang='lat' dir='ltr'><strong>facit</strong></span> <span class='ocrx_word' id='word_1_713' title='bbox 3318 1867 3498 1908; x_wconf 91' lang='lat' dir='ltr'><strong>noster</strong></span> <span class='ocrx_word' id='word_1_714' title='bbox 3521 1858 3676 1908; x_wconf 88' lang='lat' dir='ltr'><strong>David</strong></span> <span class='ocrx_word' id='word_1_715' title='bbox 3701 1875 3730 1921; x_wconf 86' lang='lat'><strong>:_</strong></span> 
     </span>
    </p>
   </div>
   <div class='ocr_carea' id='block_1_96' title="bbox 2184 1919 3710 1992">
    <p class='ocr_par' dir='ltr' id='par_1_96' title="bbox 2184 1919 3710 1992">
     <span class='ocr_line' id='line_1_96' title="bbox 2184 1919 3710 1992; baseline 0.005 -23"><span class='ocrx_word' id='word_1_716' title='bbox 2184 1919 2361 1985; x_wconf 90' lang='lat' dir='ltr'><strong>dejicit</strong></span> <span class='ocrx_word' id='word_1_717' title='bbox 2407 1922 2664 1992; x_wconf 89' lang='lat' dir='ltr'><strong>diabolum</strong></span> <span class='ocrx_word' id='word_1_718' title='bbox 2700 1923 2765 1976; x_wconf 90' lang='lat' dir='ltr'><strong>de</strong></span> <span class='ocrx_word' id='word_1_719' title='bbox 2791 1925 2917 1987; x_wconf 85' lang='lat' dir='ltr'><strong>suis,</strong></span> <span class='ocrx_word' id='word_1_720' title='bbox 2961 1925 3166 1988; x_wconf 87' lang='lat' dir='ltr'><strong>quando</strong></span> <span class='ocrx_word' id='word_1_721' title='bbox 3208 1925 3430 1976; x_wconf 82' lang='lat' dir='ltr'><strong>ereduut</strong></span> <span class='ocrx_word' id='word_1_722' title='bbox 3469 1928 3632 1992; x_wconf 84' lang='lat' dir='ltr'><strong>magis</strong></span> <span class='ocrx_word' id='word_1_723' title='bbox 3661 1929 3710 1976; x_wconf 87' lang='lat' dir='ltr'><strong>in</strong></span> 
     </span>
    </p>
   </div>
   <div class='ocr_carea' id='block_1_97' title="bbox 2181 1991 3711 2060">
    <p class='ocr_par' dir='ltr' id='par_1_97' title="bbox 2181 1991 3711 2060">
     <span class='ocr_line' id='line_1_97' title="bbox 2181 1991 3711 2060; baseline 0.005 -21"><span class='ocrx_word' id='word_1_724' title='bbox 2181 2001 2322 2047; x_wconf 90' lang='lat' dir='ltr'><strong>eum,</strong></span> <span class='ocrx_word' id='word_1_725' title='bbox 2361 2004 2490 2057; x_wconf 90' lang='lat' dir='ltr'><strong>quos</strong></span> <span class='ocrx_word' id='word_1_726' title='bbox 2535 1991 2622 2044; x_wconf 89' lang='lat' dir='ltr'><strong>ille</strong></span> <span class='ocrx_word' id='word_1_727' title='bbox 2652 1993 2699 2043; x_wconf 92' lang='lat' dir='ltr'><strong>in</strong></span> <span class='ocrx_word' id='word_1_728' title='bbox 2733 2007 2884 2043; x_wconf 88' lang='lat' dir='ltr'><strong>manu</strong></span> <span class='ocrx_word' id='word_1_729' title='bbox 2930 1993 3170 2057; x_wconf 89' lang='lat' dir='ltr'><strong>habebat,</strong></span> <span class='ocrx_word' id='word_1_730' title='bbox 3201 2002 3251 2045; x_wconf 87' lang='lat' dir='ltr'><strong>et</strong></span> <span class='ocrx_word' id='word_1_731' title='bbox 3286 1995 3351 2045; x_wconf 91' lang='lat' dir='ltr'><strong>de</strong></span> <span class='ocrx_word' id='word_1_732' title='bbox 3378 1991 3575 2060; x_wconf 77' lang='lat' dir='ltr'><strong>quibus</strong></span> <span class='ocrx_word' id='word_1_733' title='bbox 3617 2009 3711 2046; x_wconf 74' lang='lat' dir='ltr'><strong>ca:-</strong></span> 
     </span>
    </p>
   </div>
   <div class='ocr_carea' id='block_1_98' title="bbox 2182 2060 3710 2130">
    <p class='ocr_par' dir='ltr' id='par_1_98' title="bbox 2182 2060 3710 2130">
     <span class='ocr_line' id='line_1_98' title="bbox 2182 2060 3710 2130; baseline 0.004 -23"><span class='ocrx_word' id='word_1_734' title='bbox 2182 2065 2319 2109; x_wconf 89' lang='lat' dir='ltr'><strong>teras</strong></span> <span class='ocrx_word' id='word_1_735' title='bbox 2367 2060 2567 2130; x_wconf 77' lang='lat' dir='ltr'><strong>animas</strong></span> <span class='ocrx_word' id='word_1_736' title='bbox 2621 2063 2934 2130; x_wconf 80' lang='lat' dir='ltr'><strong>trueidabat.</strong></span> <span class='ocrx_word' id='word_1_737' title='bbox 2976 2061 3296 2113; x_wconf 87' lang='lat' dir='ltr'><strong>Convertunt</strong></span> <span class='ocrx_word' id='word_1_738' title='bbox 3343 2062 3548 2130; x_wconf 85' lang='lat' dir='ltr'><strong>linguas</strong></span> <span class='ocrx_word' id='word_1_739' title='bbox 3595 2078 3710 2114; x_wconf 83' lang='lat' dir='ltr'><strong>suas</strong></span> 
     </span>
    </p>
   </div>
   <div class='ocr_carea' id='block_1_99' title="bbox 2178 2127 3714 2199">
    <p class='ocr_par' dir='ltr' id='par_1_99' title="bbox 2178 2127 3714 2199">
     <span class='ocr_line' id='line_1_99' title="bbox 2178 2127 3714 2199; baseline 0.007 -24"><span class='ocrx_word' id='word_1_740' title='bbox 2178 2133 2355 2199; x_wconf 75' lang='lat' dir='ltr'><strong>contra</strong></span> <span class='ocrx_word' id='word_1_741' title='bbox 2384 2127 2667 2193; x_wconf 88' lang='lat' dir='ltr'><strong>diabolum,</strong></span> <span class='ocrx_word' id='word_1_742' title='bbox 2693 2139 2746 2181; x_wconf 90' lang='lat' dir='ltr'><strong>et</strong></span> <span class='ocrx_word' id='word_1_743' title='bbox 2790 2133 2864 2181; x_wconf 90' lang='lat' dir='ltr'><strong>sic</strong></span> <span class='ocrx_word' id='word_1_744' title='bbox 2911 2129 3073 2183; x_wconf 69' lang='lat' dir='ltr'><strong>Goliae</strong></span> <span class='ocrx_word' id='word_1_745' title='bbox 3119 2131 3184 2182; x_wconf 90' lang='lat' dir='ltr'><strong>de</strong></span> <span class='ocrx_word' id='word_1_746' title='bbox 3229 2127 3534 2196; x_wconf 48' lang='lat' dir='ltr'><strong>gladio—suo</strong></span> <span class='ocrx_word' id='word_1_747' title='bbox 3563 2142 3714 2199; x_wconf 84' lang='lat' dir='ltr'><strong>caput</strong></span> 
     </span>
    </p>
   </div>
   <div class='ocr_carea' id='block_1_100' title="bbox 2177 2192 2440 2247">
    <p class='ocr_par' dir='ltr' id='par_1_100' title="bbox 2177 2192 2440 2247">
     <span class='ocr_line' id='line_1_100' title="bbox 2177 2192 2440 2247; baseline 0.015 -4"><span class='ocrx_word' id='word_1_748' title='bbox 2177 2192 2440 2247; x_wconf 79' lang='lat' dir='ltr'><strong>inciditur.</strong></span> 
     </span>
    </p>
   </div>
   <div class='ocr_carea' id='block_1_101' title="bbox 2781 2288 3080 2343">
    <p class='ocr_par' dir='ltr' id='par_1_101' title="bbox 2781 2288 3080 2343">
     <span class='ocr_line' id='line_1_101' title="bbox 2781 2288 3080 2343; baseline 0 -1"><span class='ocrx_word' id='word_1_749' title='bbox 2781 2288 3001 2343; x_wconf 85' lang='lat' dir='ltr'><strong>CAPUT</strong></span> <span class='ocrx_word' id='word_1_750' title='bbox 3038 2289 3080 2342; x_wconf 77' lang='grc' dir='ltr'>Χ</span> 
     </span>
    </p>
   </div>
   <div class='ocr_carea' id='block_1_102' title="bbox 2181 2371 3712 2440">
    <p class='ocr_par' dir='ltr' id='par_1_102' title="bbox 2181 2371 3712 2440">
     <span class='ocr_line' id='line_1_102' title="bbox 2181 2371 3712 2440; baseline 0.007 -17"><span class='ocrx_word' id='word_1_751' title='bbox 2181 2371 2257 2424; x_wconf 88' lang='lat' dir='ltr'><strong>De</strong></span> <span class='ocrx_word' id='word_1_752' title='bbox 2304 2375 2569 2428; x_wconf 82' lang='lat' dir='ltr'><strong>certamine</strong></span> <span class='ocrx_word' id='word_1_753' title='bbox 2610 2375 2810 2430; x_wconf 79' lang='lat' dir='ltr'><strong>Davidis</strong></span> <span class='ocrx_word' id='word_1_754' title='bbox 2842 2387 2888 2429; x_wconf 88' lang='lat' dir='ltr'><strong>et</strong></span> <span class='ocrx_word' id='word_1_755' title='bbox 2937 2378 3096 2431; x_wconf 66' lang='lat' dir='ltr'><strong>Goliae</strong></span> <span class='ocrx_word' id='word_1_756' title='bbox 3138 2378 3444 2440; x_wconf 67' lang='lat' dir='ltr'><strong>Phi/iunci,</strong></span> <span class='ocrx_word' id='word_1_757' title='bbox 3476 2381 3563 2433; x_wconf 81' lang='lat' dir='ltr'><strong>ubi</strong></span> <span class='ocrx_word' id='word_1_758' title='bbox 3588 2381 3712 2434; x_wconf 67' lang='lat' dir='ltr'><strong>Sal</strong></span> 
     </span>
    </p>
   </div>
   <div class='ocr_carea' id='block_1_103' title="bbox 2243 2442 3709 2517">
    <p class='ocr_par' dir='ltr' id='par_1_103' title="bbox 2243 2442 3709 2517">
     <span class='ocr_line' id='line_1_103' title="bbox 2243 2442 3709 2517; baseline 0.008 -25"><span class='ocrx_word' id='word_1_759' title='bbox 2243 2442 2419 2517; x_wconf 78' lang='lat' dir='ltr'><strong>Davidi</strong></span> <span class='ocrx_word' id='word_1_760' title='bbox 2447 2461 2537 2512; x_wconf 82' lang='lat' dir='ltr'><strong>pro</strong></span> <span class='ocrx_word' id='word_1_761' title='bbox 2575 2457 2766 2496; x_wconf 83' lang='lat' dir='ltr'><strong>centum</strong></span> <span class='ocrx_word' id='word_1_762' title='bbox 2810 2449 3063 2514; x_wconf 78' lang='lat' dir='ltr'><strong>prceputiis</strong></span> <span class='ocrx_word' id='word_1_763' title='bbox 3113 2446 3538 2503; x_wconf 79' lang='lat' dir='ltr'><strong>Philisthinorum</strong></span> <span class='ocrx_word' id='word_1_764' title='bbox 3589 2452 3709 2517; x_wconf 67' lang='lat' dir='ltr'><strong>ﬁlia</strong></span> 
     </span>
    </p>
   </div>
   <div class='ocr_carea' id='block_1_104' title="bbox 2240 2514 3643 2580">
    <p class='ocr_par' dir='ltr' id='par_1_104' title="bbox 2240 2514 3643 2580">
     <span class='ocr_line' id='line_1_104' title="bbox 2240 2514 3643 2580; baseline 0.004 -19"><span class='ocrx_word' id='word_1_765' title='bbox 2240 2514 2478 2580; x_wconf 83' lang='lat' dir='ltr'><strong>promittit</strong></span> <span class='ocrx_word' id='word_1_766' title='bbox 2503 2517 2817 2566; x_wconf 77' lang='lat' dir='ltr'><strong>connubium.</strong></span> <span class='ocrx_word' id='word_1_767' title='bbox 3590 2514 3600 2517; x_wconf 70' lang='grc'><em>”</em></span> <span class='ocrx_word' id='word_1_768' title='bbox 3641 2528 3643 2530; x_wconf 80' lang='grc'>·</span> 
     </span>
    </p>
   </div>
   <div class='ocr_carea' id='block_1_105' title="bbox 2248 2601 3706 2676">
    <p class='ocr_par' dir='ltr' id='par_1_105' title="bbox 2248 2601 3706 2676">
     <span class='ocr_line' id='line_1_105' title="bbox 2248 2601 3706 2676; baseline 0.009 -24"><span class='ocrx_word' id='word_1_769' title='bbox 2248 2601 2453 2676; x_wconf 76' lang='lat' dir='ltr'><strong>Interea</strong></span> <span class='ocrx_word' id='word_1_770' title='bbox 2501 2601 2659 2676; x_wconf 78' lang='lat' dir='ltr'><strong>David</strong></span> <span class='ocrx_word' id='word_1_771' title='bbox 2704 2603 3183 2676; x_wconf 72' lang='lat' dir='ltr'><strong>victoriaaniinum</strong></span> <span class='ocrx_word' id='word_1_772' title='bbox 3232 2607 3354 2661; x_wconf 87' lang='lat' dir='ltr'><strong>Saul</strong></span> <span class='ocrx_word' id='word_1_773' title='bbox 3385 2609 3523 2676; x_wconf 83' lang='lat' dir='ltr'><strong>regis</strong></span> <span class='ocrx_word' id='word_1_774' title='bbox 3549 2609 3706 2664; x_wconf 62' lang='lat' dir='ltr'><strong>oden-</strong></span> 
     </span>
    </p>
   </div>
   <div class='ocr_carea' id='block_1_106' title="bbox 2175 2668 3700 2738">
    <p class='ocr_par' dir='ltr' id='par_1_106' title="bbox 2175 2668 3700 2738">
     <span class='ocr_line' id='line_1_106' title="bbox 2175 2668 3700 2738; baseline 0.009 -19"><span class='ocrx_word' id='word_1_775' title='bbox 2175 2668 2268 2730; x_wconf 86' lang='lat' dir='ltr'><strong>dit,</strong></span> <span class='ocrx_word' id='word_1_776' title='bbox 2297 2669 2610 2738; x_wconf 86' lang='lat' dir='ltr'><strong>indignantis</strong></span> <span class='ocrx_word' id='word_1_777' title='bbox 2633 2672 2767 2736; x_wconf 90' lang='lat' dir='ltr'><strong>quod</strong></span> <span class='ocrx_word' id='word_1_778' title='bbox 2797 2673 2894 2724; x_wconf 88' lang='lat' dir='ltr'><strong>sibi</strong></span> <span class='ocrx_word' id='word_1_779' title='bbox 2924 2674 2972 2728; x_wconf 88' lang='lat' dir='ltr'><strong>in</strong></span> <span class='ocrx_word' id='word_1_780' title='bbox 3001 2675 3160 2738; x_wconf 89' lang='lat' dir='ltr'><strong>mille,</strong></span> <span class='ocrx_word' id='word_1_781' title='bbox 3187 2686 3239 2729; x_wconf 91' lang='lat' dir='ltr'><strong>et</strong></span> <span class='ocrx_word' id='word_1_782' title='bbox 3263 2677 3420 2729; x_wconf 91' lang='lat' dir='ltr'><strong>David</strong></span> <span class='ocrx_word' id='word_1_783' title='bbox 3445 2668 3502 2729; x_wconf 86' lang='lat' dir='ltr'><strong>in</strong></span> <span class='ocrx_word' id='word_1_784' title='bbox 3525 2679 3700 2732; x_wconf 84' lang='lat' dir='ltr'><strong>decem</strong></span> 
     </span>
    </p>
   </div>
   <div class='ocr_carea' id='block_1_107' title="bbox 2174 2735 3697 2812">
    <p class='ocr_par' dir='ltr' id='par_1_107' title="bbox 2174 2735 3697 2812">
     <span class='ocr_line' id='line_1_107' title="bbox 2174 2735 3697 2812; baseline 0.008 -24"><span class='ocrx_word' id='word_1_785' title='bbox 2174 2735 2403 2812; x_wconf 80' lang='lat' dir='ltr'><strong>millibus</strong></span> <span class='ocrx_word' id='word_1_786' title='bbox 2452 2735 3168 2812; x_wconf 9' lang='lat' dir='ltr'><strong>conclamantiuing_publicze</strong></span> <span class='ocrx_word' id='word_1_787' title='bbox 3235 2748 3697 2812; x_wconf 79' lang='lat' dir='ltr'><strong>congratulationis</strong></span> 
     </span>
    </p>
   </div>
   <div class='ocr_carea' id='block_1_108' title="bbox 2168 2805 3696 2875">
    <p class='ocr_par' dir='ltr' id='par_1_108' title="bbox 2168 2805 3696 2875">
     <span class='ocr_line' id='line_1_108' title="bbox 2168 2805 3696 2875; baseline 0.009 -19"><span class='ocrx_word' id='word_1_788' title='bbox 2168 2821 2258 2857; x_wconf 88' lang='lat' dir='ltr'><strong>ora</strong></span> <span class='ocrx_word' id='word_1_789' title='bbox 2288 2805 2584 2860; x_wconf 89' lang='lat' dir='ltr'><strong>insonarent</strong></span> <span class='ocrx_word' id='word_1_790' title='bbox 2609 2827 2618 2858; x_wconf 93' lang='lat'>:</span> <span class='ocrx_word' id='word_1_791' title='bbox 2653 2810 2774 2863; x_wconf 87' lang='lat' dir='ltr'><strong>hinc</strong></span> <span class='ocrx_word' id='word_1_792' title='bbox 2796 2805 2983 2862; x_wconf 83' lang='lat' dir='ltr'><strong>invidia</strong></span> <span class='ocrx_word' id='word_1_793' title='bbox 3013 2813 3156 2875; x_wconf 86' lang='lat' dir='ltr'><strong>Saul,</strong></span> <span class='ocrx_word' id='word_1_794' title='bbox 3181 2823 3232 2864; x_wconf 91' lang='lat' dir='ltr'><strong>et</strong></span> <span class='ocrx_word' id='word_1_795' title='bbox 3254 2805 3433 2867; x_wconf 73' lang='lat' dir='ltr'><strong>semen</strong></span> <span class='ocrx_word' id='word_1_796' title='bbox 3460 2816 3696 2870; x_wconf 90' lang='lat' dir='ltr'><strong>odiorum</strong></span> 
     </span>
    </p>
   </div>
   <div class='ocr_carea' id='block_1_109' title="bbox 2169 2875 3696 2945">
    <p class='ocr_par' dir='ltr' id='par_1_109' title="bbox 2169 2875 3696 2945">
     <span class='ocr_line' id='line_1_109' title="bbox 2169 2875 3696 2945; baseline 0.009 -21"><span class='ocrx_word' id='word_1_797' title='bbox 2169 2875 2418 2945; x_wconf 85' lang='lat' dir='ltr'><strong>adversus</strong></span> <span class='ocrx_word' id='word_1_798' title='bbox 2450 2876 2632 2930; x_wconf 90' lang='lat' dir='ltr'><strong>David.</strong></span> <span class='ocrx_word' id='word_1_799' title='bbox 2664 2880 2828 2944; x_wconf 78' lang='lat' dir='ltr'><strong>Quem</strong></span> <span class='ocrx_word' id='word_1_800' title='bbox 2853 2880 3209 2933; x_wconf 75' lang='lat' dir='ltr'><strong>dissimulator</strong></span> <span class='ocrx_word' id='word_1_801' title='bbox 3237 2883 3478 2945; x_wconf 89' lang='lat' dir='ltr'><strong>callidus,</strong></span> <span class='ocrx_word' id='word_1_802' title='bbox 3509 2896 3561 2935; x_wconf 90' lang='lat' dir='ltr'><strong>ut</strong></span> <span class='ocrx_word' id='word_1_803' title='bbox 3587 2887 3696 2939; x_wconf 86' lang='lat' dir='ltr'><strong>sine</strong></span> 
     </span>
    </p>
   </div>
   <div class='ocr_carea' id='block_1_110' title="bbox 2169 2944 3696 3012">
    <p class='ocr_par' dir='ltr' id='par_1_110' title="bbox 2169 2944 3696 3012">
     <span class='ocr_line' id='line_1_110' title="bbox 2169 2944 3696 3012; baseline 0.008 -18"><span class='ocrx_word' id='word_1_804' title='bbox 2169 2944 2366 2995; x_wconf 90' lang='lat' dir='ltr'><strong>insidiis</strong></span> <span class='ocrx_word' id='word_1_805' title='bbox 2417 2946 2524 2997; x_wconf 91' lang='lat' dir='ltr'><strong>suis</strong></span> <span class='ocrx_word' id='word_1_806' title='bbox 2566 2960 2740 3011; x_wconf 89' lang='lat' dir='ltr'><strong>posset</strong></span> <span class='ocrx_word' id='word_1_807' title='bbox 2783 2948 2968 3000; x_wconf 76' lang='lat' dir='ltr'><strong>olferre</strong></span> <span class='ocrx_word' id='word_1_808' title='bbox 3013 2950 3323 3012; x_wconf 87' lang='lat' dir='ltr'><strong>discrimini,</strong></span> <span class='ocrx_word' id='word_1_809' title='bbox 3369 2957 3552 3004; x_wconf 87' lang='lat' dir='ltr'><strong>statuit</strong></span> <span class='ocrx_word' id='word_1_810' title='bbox 3579 2969 3696 3007; x_wconf 90' lang='lat' dir='ltr'><strong>eum</strong></span> 
     </span>
    </p>
   </div>
   <div class='ocr_carea' id='block_1_111' title="bbox 2173 3012 3696 3086">
    <p class='ocr_par' dir='ltr' id='par_1_111' title="bbox 2173 3012 3696 3086">
     <span class='ocr_line' id='line_1_111' title="bbox 2173 3012 3696 3086; baseline 0.007 -22"><span class='ocrx_word' id='word_1_811' title='bbox 2173 3012 2359 3086; x_wconf 67' lang='lat' dir='ltr'><strong>illicliol</strong></span> <span class='ocrx_word' id='word_1_812' title='bbox 2405 3015 2524 3068; x_wconf 63' lang='lat' dir='ltr'><strong>lilia:</strong></span> <span class='ocrx_word' id='word_1_813' title='bbox 2558 3030 2665 3067; x_wconf 69' lang='lat' dir='ltr'><strong>sua:</strong></span> <span class='ocrx_word' id='word_1_814' title='bbox 2696 3021 2885 3086; x_wconf 84' lang='lat' dir='ltr'><strong>nuptiis</strong></span> <span class='ocrx_word' id='word_1_815' title='bbox 2913 3018 3132 3086; x_wconf 87' lang='lat' dir='ltr'><strong>alligari,</strong></span> <span class='ocrx_word' id='word_1_816' title='bbox 3167 3019 3209 3071; x_wconf 88' lang='lat' dir='ltr'><strong>si</strong></span> <span class='ocrx_word' id='word_1_817' title='bbox 3239 3027 3450 3072; x_wconf 87' lang='lat' dir='ltr'><strong>centum</strong></span> <span class='ocrx_word' id='word_1_818' title='bbox 3483 3023 3578 3074; x_wconf 90' lang='lat' dir='ltr'><strong>sibi</strong></span> <span class='ocrx_word' id='word_1_819' title='bbox 3613 3025 3696 3074; x_wconf 74' lang='lat' dir='ltr'><strong>Al-</strong></span> 
     </span>
    </p>
   </div>
   <div class='ocr_carea' id='block_1_112' title="bbox 2170 3079 3700 3157">
    <p class='ocr_par' dir='ltr' id='par_1_112' title="bbox 2170 3079 3700 3157">
     <span class='ocr_line' id='line_1_112' title="bbox 2170 3079 3700 3157; baseline 0.008 -26"><span class='ocrx_word' id='word_1_820' title='bbox 2170 3079 2495 3149; x_wconf 82' lang='lat' dir='ltr'><strong>lopbyloruiu</strong></span> <span class='ocrx_word' id='word_1_821' title='bbox 2545 3079 2797 3157; x_wconf 64' lang='lat' dir='ltr'><strong>praeputia</strong></span> <span class='ocrx_word' id='word_1_822' title='bbox 2841 3079 3028 3157; x_wconf 52' lang='lat' dir='ltr'><strong>victor&#39;</strong></span> <span class='ocrx_word' id='word_1_823' title='bbox 3048 3087 3260 3139; x_wconf 73' lang='lat' dir='ltr'><strong>afferret</strong></span> <span class='ocrx_word' id='word_1_824' title='bbox 3303 3107 3313 3140; x_wconf 94' lang='lat'><strong>:</strong></span> <span class='ocrx_word' id='word_1_825' title='bbox 3369 3104 3463 3156; x_wconf 87' lang='lat' dir='ltr'><strong>pro</strong></span> <span class='ocrx_word' id='word_1_826' title='bbox 3517 3095 3700 3157; x_wconf 77' lang='lat' dir='ltr'><strong>quibus</strong></span> 
     </span>
    </p>
   </div>
   <div class='ocr_carea' id='block_1_113' title="bbox 2168 3155 3699 3226">
    <p class='ocr_par' dir='ltr' id='par_1_113' title="bbox 2168 3155 3699 3226">
     <span class='ocr_line' id='line_1_113' title="bbox 2168 3155 3699 3226; baseline 0.007 -25"><span class='ocrx_word' id='word_1_827' title='bbox 2168 3159 2400 3226; x_wconf 81' lang='lat' dir='ltr'><strong>centum,</strong></span> <span class='ocrx_word' id='word_1_828' title='bbox 2433 3157 2651 3226; x_wconf 80' lang='lat' dir='ltr'><strong>ducenta</strong></span> <span class='ocrx_word' id='word_1_829' title='bbox 2685 3155 2822 3205; x_wconf 86' lang='lat' dir='ltr'><strong>dedit</strong></span> <span class='ocrx_word' id='word_1_830' title='bbox 2853 3155 2961 3216; x_wconf 91' lang='lat' dir='ltr'><strong>illi;</strong></span> <span class='ocrx_word' id='word_1_831' title='bbox 2994 3164 3044 3206; x_wconf 89' lang='lat' dir='ltr'><strong>ct</strong></span> <span class='ocrx_word' id='word_1_832' title='bbox 3093 3159 3229 3208; x_wconf 87' lang='lat' dir='ltr'><strong>unde</strong></span> <span class='ocrx_word' id='word_1_833' title='bbox 3284 3155 3514 3210; x_wconf 85' lang='lat' dir='ltr'><strong>creditur</strong></span> <span class='ocrx_word' id='word_1_834' title='bbox 3535 3155 3699 3226; x_wconf 50' lang='lat' dir='ltr'><strong>&#39;regio</strong></span> 
     </span>
    </p>
   </div>
   <div class='ocr_carea' id='block_1_114' title="bbox 2170 3221 3699 3294">
    <p class='ocr_par' dir='ltr' id='par_1_114' title="bbox 2170 3221 3699 3294">
     <span class='ocr_line' id='line_1_114' title="bbox 2170 3221 3699 3294; baseline 0.009 -26"><span class='ocrx_word' id='word_1_835' title='bbox 2170 3221 2350 3294; x_wconf 72' lang='lat' dir='ltr'><strong>perire</strong></span> <span class='ocrx_word' id='word_1_836' title='bbox 2378 3235 2519 3294; x_wconf 79' lang='lat' dir='ltr'><strong>voto,</strong></span> <span class='ocrx_word' id='word_1_837' title='bbox 2554 3222 2673 3273; x_wconf 90' lang='lat' dir='ltr'><strong>inde</strong></span> <span class='ocrx_word' id='word_1_838' title='bbox 2702 3232 2880 3274; x_wconf 88' lang='lat' dir='ltr'><strong>auctus</strong></span> <span class='ocrx_word' id='word_1_839' title='bbox 2909 3232 2989 3294; x_wconf 83' lang='lat' dir='ltr'><strong>est</strong></span> <span class='ocrx_word' id='word_1_840' title='bbox 3017 3225 3307 3291; x_wconf 79' lang='lat' dir='ltr'><strong>gloriosiori</strong></span> <span class='ocrx_word' id='word_1_841' title='bbox 3364 3238 3578 3294; x_wconf 61' lang='lat' dir='ltr'><strong>tropeo.</strong></span> <span class='ocrx_word' id='word_1_842' title='bbox 3619 3221 3699 3281; x_wconf 70' lang='lat' dir='ltr'><strong>ita</strong></span> 
     </span>
    </p>
   </div>
   <div class='ocr_carea' id='block_1_115' title="bbox 2167 3287 3696 3349">
    <p class='ocr_par' dir='ltr' id='par_1_115' title="bbox 2167 3287 3696 3349">
     <span class='ocr_line' id='line_1_115' title="bbox 2167 3287 3696 3349; baseline 0.007 -11"><span class='ocrx_word' id='word_1_843' title='bbox 2167 3296 2220 3338; x_wconf 92' lang='lat' dir='ltr'><strong>et</strong></span> <span class='ocrx_word' id='word_1_844' title='bbox 2255 3287 2417 3342; x_wconf 74' lang='lat' dir='ltr'><strong>.ludzei</strong></span> <span class='ocrx_word' id='word_1_845' title='bbox 2461 3292 2582 3343; x_wconf 91' lang='lat' dir='ltr'><strong>dum</strong></span> <span class='ocrx_word' id='word_1_846' title='bbox 2631 3302 2809 3343; x_wconf 89' lang='lat' dir='ltr'><strong>contra</strong></span> <span class='ocrx_word' id='word_1_847' title='bbox 2857 3287 3172 3346; x_wconf 59' lang='lat' dir='ltr'><strong>volunt&#39;atem</strong></span> <span class='ocrx_word' id='word_1_848' title='bbox 3207 3296 3294 3347; x_wconf 87' lang='lat' dir='ltr'><strong>Dei</strong></span> <span class='ocrx_word' id='word_1_849' title='bbox 3326 3287 3584 3348; x_wconf 77' lang='lat' dir='ltr'><strong>Christum</strong></span> <span class='ocrx_word' id='word_1_850' title='bbox 3616 3300 3696 3349; x_wconf 89' lang='lat' dir='ltr'><strong>in-</strong></span> 
     </span>
    </p>
   </div>
   <div class='ocr_carea' id='block_1_116' title="bbox 2168 3357 3695 3432">
    <p class='ocr_par' dir='ltr' id='par_1_116' title="bbox 2168 3357 3695 3432">
     <span class='ocr_line' id='line_1_116' title="bbox 2168 3357 3695 3432; baseline 0.009 -27"><span class='ocrx_word' id='word_1_851' title='bbox 2168 3357 2685 3432; x_wconf 78' lang='lat' dir='ltr'><strong>terlicerenituntur,</strong></span> <span class='ocrx_word' id='word_1_852' title='bbox 2729 3375 2817 3426; x_wconf 88' lang='lat' dir='ltr'><strong>per</strong></span> <span class='ocrx_word' id='word_1_853' title='bbox 2843 3361 2892 3412; x_wconf 89' lang='lat' dir='ltr'><strong>id</strong></span> <span class='ocrx_word' id='word_1_854' title='bbox 2924 3364 3142 3432; x_wconf 83' lang='lat' dir='ltr'><strong>salutem</strong></span> <span class='ocrx_word' id='word_1_855' title='bbox 3195 3366 3425 3432; x_wconf 82' lang='lat' dir='ltr'><strong>gentium</strong></span> <span class='ocrx_word' id='word_1_856' title='bbox 3478 3378 3695 3429; x_wconf 70' lang='lat' dir='ltr'><strong>egerunt</strong></span> 
     </span>
    </p>
   </div>
   <div class='ocr_carea' id='block_1_117' title="bbox 2168 3428 3693 3496">
    <p class='ocr_par' dir='ltr' id='par_1_117' title="bbox 2168 3428 3693 3496">
     <span class='ocr_line' id='line_1_117' title="bbox 2168 3428 3693 3496; baseline 0.008 -20"><span class='ocrx_word' id='word_1_857' title='bbox 2168 3438 2257 3496; x_wconf 86' lang='lat' dir='ltr'><strong>per</strong></span> <span class='ocrx_word' id='word_1_858' title='bbox 2280 3428 2418 3492; x_wconf 90' lang='lat' dir='ltr'><strong>quod</strong></span> <span class='ocrx_word' id='word_1_859' title='bbox 2445 3428 2775 3481; x_wconf 88' lang='lat' dir='ltr'><strong>crediderunt</strong></span> <span class='ocrx_word' id='word_1_860' title='bbox 2804 3430 3152 3496; x_wconf 80' lang='lat' dir='ltr'><strong>exstinguere.</strong></span> <span class='ocrx_word' id='word_1_861' title='bbox 3187 3428 3336 3496; x_wconf 83' lang='lat' dir='ltr'><strong>Quod</strong></span> <span class='ocrx_word' id='word_1_862' title='bbox 3382 3428 3693 3488; x_wconf 21' lang='lat' dir='ltr'><strong>vero’David</strong></span> 
     </span>
    </p>
   </div>
   <div class='ocr_carea' id='block_1_118' title="bbox 2168 3495 3702 3566">
    <p class='ocr_par' dir='ltr' id='par_1_118' title="bbox 2168 3495 3702 3566">
     <span class='ocr_line' id='line_1_118' title="bbox 2168 3495 3702 3566; baseline 0.01 -23"><span class='ocrx_word' id='word_1_863' title='bbox 2168 3495 2310 3566; x_wconf 81' lang='lat' dir='ltr'><strong>prius</strong></span> <span class='ocrx_word' id='word_1_864' title='bbox 2337 3497 2744 3566; x_wconf 75' lang='lat' dir='ltr'><strong>alienigenarum</strong></span> <span class='ocrx_word' id='word_1_865' title='bbox 2787 3495 3033 3566; x_wconf 57' lang='lat' dir='ltr'><strong>prteputia</strong></span> <span class='ocrx_word' id='word_1_866' title='bbox 3081 3503 3278 3563; x_wconf 88' lang='lat' dir='ltr'><strong>attulit,</strong></span> <span class='ocrx_word' id='word_1_867' title='bbox 3321 3512 3376 3554; x_wconf 87' lang='lat' dir='ltr'><strong>et</strong></span> <span class='ocrx_word' id='word_1_868' title='bbox 3418 3504 3494 3553; x_wconf 79' lang='lat' dir='ltr'><strong>sic</strong></span> <span class='ocrx_word' id='word_1_869' title='bbox 3532 3505 3702 3558; x_wconf 78' lang='lat' dir='ltr'><strong>denuo</strong></span> 
     </span>
    </p>
   </div>
   <div class='ocr_carea' id='block_1_119' title="bbox 2166 3561 3699 3635">
    <p class='ocr_par' dir='ltr' id='par_1_119' title="bbox 2166 3561 3699 3635">
     <span class='ocr_line' id='line_1_119' title="bbox 2166 3561 3699 3635; baseline 0.01 -24"><span class='ocrx_word' id='word_1_870' title='bbox 2166 3561 2282 3615; x_wconf 76' lang='lat' dir='ltr'><strong>lilia:</strong></span> <span class='ocrx_word' id='word_1_871' title='bbox 2330 3564 2453 3620; x_wconf 87' lang='lat' dir='ltr'><strong>Saul</strong></span> <span class='ocrx_word' id='word_1_872' title='bbox 2500 3561 2693 3632; x_wconf 81' lang='lat' dir='ltr'><strong>nuptiis</strong></span> <span class='ocrx_word' id='word_1_873' title='bbox 2733 3561 2909 3628; x_wconf 53' lang='lat' dir='ltr'><strong>haesit;</strong></span> <span class='ocrx_word' id='word_1_874' title='bbox 2940 3561 3275 3634; x_wconf 78' lang='lat' dir='ltr'><strong>signiﬁcabat</strong></span> <span class='ocrx_word' id='word_1_875' title='bbox 3295 3572 3430 3634; x_wconf 86' lang='lat' dir='ltr'><strong>quod</strong></span> <span class='ocrx_word' id='word_1_876' title='bbox 3461 3573 3699 3635; x_wconf 81' lang='lat' dir='ltr'><strong>Christus</strong></span> 
     </span>
    </p>
   </div>
   <div class='ocr_carea' id='block_1_120' title="bbox 2164 3635 3689 3705">
    <p class='ocr_par' dir='ltr' id='par_1_120' title="bbox 2164 3635 3689 3705">
     <span class='ocr_line' id='line_1_120' title="bbox 2164 3635 3689 3705; baseline 0.01 -24"><span class='ocrx_word' id='word_1_877' title='bbox 2164 3645 2265 3682; x_wconf 88' lang='lat' dir='ltr'><strong>non</strong></span> <span class='ocrx_word' id='word_1_878' title='bbox 2316 3637 2458 3700; x_wconf 89' lang='lat' dir='ltr'><strong>prius</strong></span> <span class='ocrx_word' id='word_1_879' title='bbox 2497 3635 2818 3703; x_wconf 74' lang='lat' dir='ltr'><strong>Synagogani</strong></span> <span class='ocrx_word' id='word_1_880' title='bbox 2847 3638 3106 3688; x_wconf 88' lang='lat' dir='ltr'><strong>connubio</strong></span> <span class='ocrx_word' id='word_1_881' title='bbox 3133 3652 3230 3690; x_wconf 92' lang='lat' dir='ltr'><strong>suo</strong></span> <span class='ocrx_word' id='word_1_882' title='bbox 3259 3644 3562 3705; x_wconf 88' lang='lat' dir='ltr'><strong>sponderet,</strong></span> <span class='ocrx_word' id='word_1_883' title='bbox 3593 3645 3689 3695; x_wconf 85' lang='lat' dir='ltr'><strong>nisi</strong></span> 
     </span>
    </p>
   </div>
   <div class='ocr_carea' id='block_1_121' title="bbox 2165 3705 3692 3771">
    <p class='ocr_par' dir='ltr' id='par_1_121' title="bbox 2165 3705 3692 3771">
     <span class='ocr_line' id='line_1_121' title="bbox 2165 3705 3692 3771; baseline 0.01 -22"><span class='ocrx_word' id='word_1_884' title='bbox 2165 3708 2313 3771; x_wconf 85' lang='lat' dir='ltr'><strong>antea</strong></span> <span class='ocrx_word' id='word_1_885' title='bbox 2357 3706 2616 3770; x_wconf 82' lang='lat' dir='ltr'><strong>gloriosus</strong></span> <span class='ocrx_word' id='word_1_886' title='bbox 2663 3705 2712 3756; x_wconf 91' lang='lat' dir='ltr'><strong>in</strong></span> <span class='ocrx_word' id='word_1_887' title='bbox 2760 3708 2996 3771; x_wconf 83' lang='lat' dir='ltr'><strong>gentibus</strong></span> <span class='ocrx_word' id='word_1_888' title='bbox 3047 3707 3213 3759; x_wconf 89' lang='lat' dir='ltr'><strong>lieret.</strong></span> <span class='ocrx_word' id='word_1_889' title='bbox 3263 3708 3413 3762; x_wconf 90' lang='lat' dir='ltr'><strong>Prius</strong></span> <span class='ocrx_word' id='word_1_890' title='bbox 3455 3712 3593 3762; x_wconf 88' lang='lat' dir='ltr'><strong>enim</strong></span> <span class='ocrx_word' id='word_1_891' title='bbox 3641 3715 3692 3765; x_wconf 86' lang='lat' dir='ltr'><strong>in</strong></span> 
     </span>
    </p>
   </div>
   <div class='ocr_carea' id='block_1_122' title="bbox 2161 3770 3691 3845">
    <p class='ocr_par' dir='ltr' id='par_1_122' title="bbox 2161 3770 3691 3845">
     <span class='ocr_line' id='line_1_122' title="bbox 2161 3770 3691 3845; baseline 0.01 -26"><span class='ocrx_word' id='word_1_892' title='bbox 2161 3770 2454 3845; x_wconf 80' lang='lat' dir='ltr'><strong>nationibus</strong></span> <span class='ocrx_word' id='word_1_893' title='bbox 2505 3770 2776 3845; x_wconf 28' lang='lat' dir='ltr'><strong>resecavit&#39;</strong></span> <span class='ocrx_word' id='word_1_894' title='bbox 2810 3778 2982 3845; x_wconf 84' lang='lat' dir='ltr'><strong>carnis</strong></span> <span class='ocrx_word' id='word_1_895' title='bbox 3038 3777 3399 3841; x_wconf 89' lang='lat' dir='ltr'><strong>pollutionem,</strong></span> <span class='ocrx_word' id='word_1_896' title='bbox 3433 3790 3488 3831; x_wconf 89' lang='lat' dir='ltr'><strong>et</strong></span> <span class='ocrx_word' id='word_1_897' title='bbox 3519 3790 3691 3845; x_wconf 76' lang='lat' dir='ltr'><strong>postea</strong></span> 
     </span>
    </p>
   </div>
   <div class='ocr_carea' id='block_1_123' title="bbox 2163 3841 3694 3913">
    <p class='ocr_par' dir='ltr' id='par_1_123' title="bbox 2163 3841 3694 3913">
     <span class='ocr_line' id='line_1_123' title="bbox 2163 3841 3694 3913; baseline 0.01 -25"><span class='ocrx_word' id='word_1_898' title='bbox 2163 3841 2434 3911; x_wconf 74' lang='lat' dir='ltr'><strong>copulatus</strong></span> <span class='ocrx_word' id='word_1_899' title='bbox 2465 3850 2546 3913; x_wconf 85' lang='lat' dir='ltr'><strong>est</strong></span> <span class='ocrx_word' id='word_1_900' title='bbox 2572 3842 2875 3913; x_wconf 68' lang='lat' dir='ltr'><strong>Synagogae.</strong></span> <span class='ocrx_word' id='word_1_901' title='bbox 2915 3844 3188 3909; x_wconf 75' lang='lat' dir='ltr'><strong>Postquam</strong></span> <span class='ocrx_word' id='word_1_902' title='bbox 3209 3850 3360 3913; x_wconf 87' lang='lat' dir='ltr'><strong>enim,</strong></span> <span class='ocrx_word' id='word_1_903' title='bbox 3409 3841 3544 3902; x_wconf 79' lang='lat' dir='ltr'><strong>sicut</strong></span> <span class='ocrx_word' id='word_1_904' title='bbox 3568 3852 3694 3902; x_wconf 81' lang='lat' dir='ltr'><strong>scri-</strong></span> 
     </span>
    </p>
   </div>
   <div class='ocr_carea' id='block_1_124' title="bbox 2161 3911 3693 3980">
    <p class='ocr_par' dir='ltr' id='par_1_124' title="bbox 2161 3911 3693 3980">
     <span class='ocr_line' id='line_1_124' title="bbox 2161 3911 3693 3980; baseline 0.009 -23"><span class='ocrx_word' id='word_1_905' title='bbox 2161 3914 2301 3980; x_wconf 71' lang='lat' dir='ltr'><strong>ptum</strong></span> <span class='ocrx_word' id='word_1_906' title='bbox 2346 3918 2442 3972; x_wconf 88' lang='lat' dir='ltr'><strong>est,</strong></span> <span class='ocrx_word' id='word_1_907' title='bbox 2492 3911 2732 3964; x_wconf 82' lang='lat' dir='ltr'><strong>introierit</strong></span> <span class='ocrx_word' id='word_1_908' title='bbox 2778 3914 3035 3975; x_wconf 84' lang='lat' dir='ltr'><strong>plenitudo</strong></span> <span class='ocrx_word' id='word_1_909' title='bbox 3077 3918 3319 3980; x_wconf 85' lang='lat' dir='ltr'><strong>gentium,</strong></span> <span class='ocrx_word' id='word_1_910' title='bbox 3349 3911 3496 3967; x_wconf 59' lang='lat' dir='ltr'><strong>tunc</strong></span> <span class='ocrx_word' id='word_1_911' title='bbox 3538 3921 3693 3972; x_wconf 69' lang='lat' dir='ltr'><strong>omnis</strong></span> 
     </span>
    </p>
   </div>
   <div class='ocr_carea' id='block_1_125' title="bbox 2158 3974 3684 4052">
    <p class='ocr_par' dir='ltr' id='par_1_125' title="bbox 2158 3974 3684 4052">
     <span class='ocr_line' id='line_1_125' title="bbox 2158 3974 3684 4052; baseline 0.01 -26"><span class='ocrx_word' id='word_1_912' title='bbox 2158 3974 2318 4052; x_wconf 77' lang='lat' dir='ltr'><strong>Israel</strong></span> <span class='ocrx_word' id='word_1_913' title='bbox 2345 3981 2509 4030; x_wconf 73' lang='lat' dir='ltr'><strong>salvus</strong></span> <span class='ocrx_word' id='word_1_914' title='bbox 2537 3980 2621 4046; x_wconf 82' lang='lat' dir='ltr'><strong>ﬁet</strong></span> <span class='ocrx_word' id='word_1_915' title='bbox 2650 3974 2820 4052; x_wconf 69' lang='lat' dir='ltr'><strong>(llam.</strong></span> <span class='ocrx_word' id='word_1_916' title='bbox 2850 3997 2923 4042; x_wconf 73' lang='grc' dir='ltr'><strong>ιι,</strong></span> <span class='ocrx_word' id='word_1_917' title='bbox 2953 3983 3041 4045; x_wconf 75' lang='lat'><strong>‘25,</strong></span> <span class='ocrx_word' id='word_1_918' title='bbox 3071 3974 3179 4052; x_wconf 66' lang='lat' dir='ltr'><strong>i6).</strong></span> <span class='ocrx_word' id='word_1_919' title='bbox 3213 3983 3374 4049; x_wconf 84' lang='lat' dir='ltr'><strong>Dupla</strong></span> <span class='ocrx_word' id='word_1_920' title='bbox 3405 3995 3600 4046; x_wconf 77' lang='lat' dir='ltr'><strong>autem.</strong></span> <span class='ocrx_word' id='word_1_921' title='bbox 3636 3991 3684 4041; x_wconf 76' lang='lat' dir='ltr'><strong>id</strong></span> 
     </span>
    </p>
   </div>
   <div class='ocr_carea' id='block_1_126' title="bbox 2155 4049 3686 4123">
    <p class='ocr_par' dir='ltr' id='par_1_126' title="bbox 2155 4049 3686 4123">
     <span class='ocr_line' id='line_1_126' title="bbox 2155 4049 3686 4123; baseline 0.01 -28"><span class='ocrx_word' id='word_1_922' title='bbox 2155 4055 2233 4123; x_wconf 80' lang='lat' dir='ltr'><strong>est</strong></span> <span class='ocrx_word' id='word_1_923' title='bbox 2252 4049 2744 4123; x_wconf 36' lang='lat' dir='ltr'><strong>ducenta-praeputia</strong></span> <span class='ocrx_word' id='word_1_924' title='bbox 2772 4053 2962 4123; x_wconf 85' lang='lat' dir='ltr'><strong>attulit,</strong></span> <span class='ocrx_word' id='word_1_925' title='bbox 2996 4060 3104 4123; x_wconf 71' lang='lat' dir='ltr'><strong>Sive</strong></span> <span class='ocrx_word' id='word_1_926' title='bbox 3134 4049 3224 4115; x_wconf 82' lang='lat' dir='ltr'><strong>pro</strong></span> <span class='ocrx_word' id='word_1_927' title='bbox 3252 4054 3447 4106; x_wconf 63' lang='lat' dir='ltr'><strong>Judaeis</strong></span> <span class='ocrx_word' id='word_1_928' title='bbox 3474 4067 3531 4107; x_wconf 85' lang='lat' dir='ltr'><strong>et</strong></span> <span class='ocrx_word' id='word_1_929' title='bbox 3557 4073 3686 4123; x_wconf 79' lang='lat' dir='ltr'><strong>gen-</strong></span> 
     </span>
    </p>
   </div>
   <div class='ocr_carea' id='block_1_127' title="bbox 2158 4116 3691 4186">
    <p class='ocr_par' dir='ltr' id='par_1_127' title="bbox 2158 4116 3691 4186">
     <span class='ocr_line' id='line_1_127' title="bbox 2158 4116 3691 4186; baseline 0.009 -23"><span class='ocrx_word' id='word_1_930' title='bbox 2158 4116 2292 4186; x_wconf 84' lang='lat' dir='ltr'><strong>tibus</strong></span> <span class='ocrx_word' id='word_1_931' title='bbox 2318 4118 2623 4186; x_wconf 18' lang='lat' dir='ltr'><strong>Aacquisitis,</strong></span> <span class='ocrx_word' id='word_1_932' title='bbox 2665 4120 2776 4170; x_wconf 88' lang='lat' dir='ltr'><strong>sive</strong></span> <span class='ocrx_word' id='word_1_933' title='bbox 2810 4121 2928 4186; x_wconf 76' lang='lat' dir='ltr'><strong>quia</strong></span> <span class='ocrx_word' id='word_1_934' title='bbox 3016 4120 3142 4184; x_wconf 86' lang='lat' dir='ltr'><strong>iajor</strong></span> <span class='ocrx_word' id='word_1_935' title='bbox 3191 4133 3272 4171; x_wconf 84' lang='lat' dir='ltr'><strong>est</strong></span> <span class='ocrx_word' id='word_1_936' title='bbox 3314 4116 3584 4178; x_wconf 49' lang='lat' dir='ltr'><strong>numerusv</strong></span> <span class='ocrx_word' id='word_1_937' title='bbox 3605 4141 3691 4178; x_wconf 84' lang='lat' dir='ltr'><strong>ac-</strong></span> 
     </span>
    </p>
   </div>
   <div class='ocr_carea' id='block_1_128' title="bbox 2153 4184 3687 4254">
    <p class='ocr_par' dir='ltr' id='par_1_128' title="bbox 2153 4184 3687 4254">
     <span class='ocr_line' id='line_1_128' title="bbox 2153 4184 3687 4254; baseline 0.011 -23"><span class='ocrx_word' id='word_1_938' title='bbox 2153 4184 2444 4248; x_wconf 87' lang='lat' dir='ltr'><strong>qnisitionis</strong></span> <span class='ocrx_word' id='word_1_939' title='bbox 2499 4187 2671 4254; x_wconf 87' lang='lat' dir='ltr'><strong>populi</strong></span> <span class='ocrx_word' id='word_1_940' title='bbox 2728 4184 2955 4254; x_wconf 83' lang='lat' dir='ltr'><strong>gentium</strong></span> <span class='ocrx_word' id='word_1_941' title='bbox 3012 4203 3164 4254; x_wconf 85' lang='lat' dir='ltr'><strong>quam</strong></span> <span class='ocrx_word' id='word_1_942' title='bbox 3215 4193 3540 4247; x_wconf 87' lang='lat' dir='ltr'><strong>credentium</strong></span> <span class='ocrx_word' id='word_1_943' title='bbox 3593 4195 3687 4248; x_wconf 79' lang='lat' dir='ltr'><strong>Ju-</strong></span> 
     </span>
    </p>
   </div>
   <div class='ocr_carea' id='block_1_129' title="bbox 2153 4255 2398 4306">
    <p class='ocr_par' dir='ltr' id='par_1_129' title="bbox 2153 4255 2398 4306">
     <span class='ocr_line' id='line_1_129' title="bbox 2153 4255 2398 4306; baseline 0.012 -3"><span class='ocrx_word' id='word_1_944' title='bbox 2153 4255 2398 4306; x_wconf 61' lang='lat' dir='ltr'><strong>diuorum.</strong></span> 
     </span>
    </p>
   </div>
   <div class='ocr_carea' id='block_1_130' title="bbox 2739 4344 3090 4401">
    <p class='ocr_par' dir='ltr' id='par_1_130' title="bbox 2739 4344 3090 4401">
     <span class='ocr_line' id='line_1_130' title="bbox 2739 4344 3090 4401; baseline 0.014 -5"><span class='ocrx_word' id='word_1_945' title='bbox 2739 4344 2959 4400; x_wconf 81' lang='lat' dir='ltr'><strong>CAPUT</strong></span> <span class='ocrx_word' id='word_1_946' title='bbox 3007 4346 3090 4401; x_wconf 82' lang='lat' dir='ltr'><strong>XI.</strong></span> 
     </span>
    </p>
   </div>
   <div class='ocr_carea' id='block_1_131' title="bbox 2154 4433 3688 4507">
    <p class='ocr_par' dir='ltr' id='par_1_131' title="bbox 2154 4433 3688 4507">
     <span class='ocr_line' id='line_1_131' title="bbox 2154 4433 3688 4507; baseline 0.005 -22"><span class='ocrx_word' id='word_1_947' title='bbox 2154 4433 2317 4486; x_wconf 85' lang='lat' dir='ltr'><strong>David</strong></span> <span class='ocrx_word' id='word_1_948' title='bbox 2369 4450 2546 4488; x_wconf 80' lang='lat' dir='ltr'><strong>canens</strong></span> <span class='ocrx_word' id='word_1_949' title='bbox 2589 4437 2814 4505; x_wconf 76' lang='lat' dir='ltr'><strong>spiritum</strong></span> <span class='ocrx_word' id='word_1_950' title='bbox 2863 4440 3170 4489; x_wconf 87' lang='lat' dir='ltr'><strong>immundum</strong></span> <span class='ocrx_word' id='word_1_951' title='bbox 3209 4456 3238 4489; x_wconf 86' lang='grc' dir='ltr'><em>α</em></span> <span class='ocrx_word' id='word_1_952' title='bbox 3269 4440 3424 4493; x_wconf 86' lang='lat' dir='ltr'><strong>Saule</strong></span> <span class='ocrx_word' id='word_1_953' title='bbox 3470 4443 3688 4507; x_wconf 76' lang='lat' dir='ltr'><strong>repellit.</strong></span> 
     </span>
    </p>
   </div>
   <div class='ocr_carea' id='block_1_132' title="bbox 2222 4524 3686 4591">
    <p class='ocr_par' dir='ltr' id='par_1_132' title="bbox 2222 4524 3686 4591">
     <span class='ocr_line' id='line_1_132' title="bbox 2222 4524 3686 4591; baseline 0.005 -17"><span class='ocrx_word' id='word_1_954' title='bbox 2222 4524 2368 4576; x_wconf 76' lang='lat' dir='ltr'><strong>Auxit</strong></span> <span class='ocrx_word' id='word_1_955' title='bbox 2399 4527 2574 4578; x_wconf 84' lang='lat' dir='ltr'><strong>deinde</strong></span> <span class='ocrx_word' id='word_1_956' title='bbox 2597 4528 2763 4577; x_wconf 88' lang='lat' dir='ltr'><strong>odium</strong></span> <span class='ocrx_word' id='word_1_957' title='bbox 2793 4527 2919 4578; x_wconf 82' lang='lat' dir='ltr'><strong>Saul</strong></span> <span class='ocrx_word' id='word_1_958' title='bbox 2944 4527 3175 4578; x_wconf 79' lang='lat' dir='ltr'><strong>adversus</strong></span> <span class='ocrx_word' id='word_1_959' title='bbox 3204 4529 3366 4580; x_wconf 79' lang='lat' dir='ltr'><strong>David</strong></span> <span class='ocrx_word' id='word_1_960' title='bbox 3396 4530 3444 4582; x_wconf 84' lang='lat' dir='ltr'><strong>in</strong></span> <span class='ocrx_word' id='word_1_961' title='bbox 3470 4541 3686 4591; x_wconf 59' lang='lat' dir='ltr'><strong>tantur,</strong></span> 
     </span>
    </p>
   </div>
   <div class='ocr_carea' id='block_1_133' title="bbox 2151 4597 3690 4663">
    <p class='ocr_par' dir='ltr' id='par_1_133' title="bbox 2151 4597 3690 4663">
     <span class='ocr_line' id='line_1_133' title="bbox 2151 4597 3690 4663; baseline 0.005 -20"><span class='ocrx_word' id='word_1_962' title='bbox 2151 4604 2204 4643; x_wconf 85' lang='lat' dir='ltr'><strong>ut</strong></span> <span class='ocrx_word' id='word_1_963' title='bbox 2234 4609 2321 4644; x_wconf 54' lang='lat' dir='ltr'><strong>rex</strong></span> <span class='ocrx_word' id='word_1_964' title='bbox 2350 4598 2408 4645; x_wconf 79' lang='lat' dir='ltr'><strong>ab</strong></span> <span class='ocrx_word' id='word_1_965' title='bbox 2436 4599 2673 4647; x_wconf 86' lang='lat' dir='ltr'><strong>mede/am</strong></span> <span class='ocrx_word' id='word_1_966' title='bbox 2695 4599 2770 4646; x_wconf 76' lang='lat' dir='ltr'><strong>sui</strong></span> <span class='ocrx_word' id='word_1_967' title='bbox 2799 4598 3004 4655; x_wconf 77' lang='lat' dir='ltr'><strong>spiritus</strong></span> <span class='ocrx_word' id='word_1_968' title='bbox 3035 4597 3192 4649; x_wconf 70' lang='lat' dir='ltr'><strong>David</strong></span> <span class='ocrx_word' id='word_1_969' title='bbox 3224 4615 3286 4650; x_wconf 75' lang='lat' dir='ltr'><strong>ea:</strong></span> <span class='ocrx_word' id='word_1_970' title='bbox 3315 4616 3446 4650; x_wconf 88' lang='lat' dir='ltr'><strong>more</strong></span> <span class='ocrx_word' id='word_1_971' title='bbox 3473 4603 3690 4663; x_wconf 69' lang='lat' dir='ltr'><strong>psalla-</strong></span> 
     </span>
    </p>
   </div>
   <div class='ocr_carea' id='block_1_134' title="bbox 2149 4666 3687 4736">
    <p class='ocr_par' dir='ltr' id='par_1_134' title="bbox 2149 4666 3687 4736">
     <span class='ocr_line' id='line_1_134' title="bbox 2149 4666 3687 4736; baseline 0.007 -26"><span class='ocrx_word' id='word_1_972' title='bbox 2149 4671 2266 4736; x_wconf 77' lang='lat' dir='ltr'><strong>t_em,</strong></span> <span class='ocrx_word' id='word_1_973' title='bbox 2303 4666 2477 4730; x_wconf 87' lang='lat' dir='ltr'><strong>jaculo</strong></span> <span class='ocrx_word' id='word_1_974' title='bbox 2524 4677 2785 4716; x_wconf 84' lang='lat' dir='ltr'><strong>conaretur</strong></span> <span class='ocrx_word' id='word_1_975' title='bbox 2811 4668 3091 4736; x_wconf 10' lang='lat' dir='ltr'><strong>icon/igere.</strong></span> <span class='ocrx_word' id='word_1_976' title='bbox 3139 4671 3240 4720; x_wconf 76' lang='lat' dir='ltr'><strong>Sed</strong></span> <span class='ocrx_word' id='word_1_977' title='bbox 3291 4672 3410 4734; x_wconf 87' lang='lat' dir='ltr'><strong>quid</strong></span> <span class='ocrx_word' id='word_1_978' title='bbox 3441 4678 3518 4720; x_wconf 64' lang='lat' dir='ltr'><strong>est</strong></span> <span class='ocrx_word' id='word_1_979' title='bbox 3546 4673 3687 4736; x_wconf 84' lang='lat' dir='ltr'><strong>quod</strong></span> 
     </span>
    </p>
   </div>
   <div class='ocr_carea' id='block_1_135' title="bbox 2147 4730 3684 4801">
    <p class='ocr_par' dir='ltr' id='par_1_135' title="bbox 2147 4730 3684 4801">
     <span class='ocr_line' id='line_1_135' title="bbox 2147 4730 3684 4801; baseline 0.005 -19"><span class='ocrx_word' id='word_1_980' title='bbox 2147 4730 2266 4801; x_wconf 66' lang='lat' dir='ltr'><strong>dum</strong></span> <span class='ocrx_word' id='word_1_981' title='bbox 2293 4734 2497 4785; x_wconf 63' lang='lat' dir='ltr'><strong>baulem</strong></span> <span class='ocrx_word' id='word_1_982' title='bbox 2521 4736 2729 4797; x_wconf 82' lang='lat' dir='ltr'><strong>Spiritus</strong></span> <span class='ocrx_word' id='word_1_983' title='bbox 2759 4730 3006 4788; x_wconf 73' lang='lat' dir='ltr'><strong>adversus</strong></span> <span class='ocrx_word' id='word_1_984' title='bbox 3036 4730 3325 4797; x_wconf 72' lang='lat' dir='ltr'><strong>invaderet,</strong></span> <span class='ocrx_word' id='word_1_985' title='bbox 3356 4730 3684 4801; x_wconf 67' lang='lat' dir='ltr'><strong>apprehensa</strong></span> 
     </span>
    </p>
   </div>
   <div class='ocr_carea' id='block_1_136' title="bbox 2149 4799 3685 4868">
    <p class='ocr_par' dir='ltr' id='par_1_136' title="bbox 2149 4799 3685 4868">
     <span class='ocr_line' id='line_1_136' title="bbox 2149 4799 3685 4868; baseline 0.006 -19"><span class='ocrx_word' id='word_1_986' title='bbox 2149 4799 2308 4868; x_wconf 81' lang='lat' dir='ltr'><strong>David</strong></span> <span class='ocrx_word' id='word_1_987' title='bbox 2343 4803 2537 4853; x_wconf 83' lang='lat' dir='ltr'><strong>cithara</strong></span> <span class='ocrx_word' id='word_1_988' title='bbox 2568 4803 2678 4867; x_wconf 84' lang='lat' dir='ltr'><strong>ejus</strong></span> <span class='ocrx_word' id='word_1_989' title='bbox 2709 4805 2965 4854; x_wconf 81' lang='lat' dir='ltr'><strong>vesaniam</strong></span> <span class='ocrx_word' id='word_1_990' title='bbox 3008 4805 3319 4868; x_wconf 75' lang='lat' dir='ltr'><strong>mitigabat?</strong></span> <span class='ocrx_word' id='word_1_991' title='bbox 3350 4799 3443 4857; x_wconf 80' lang='lat' dir='ltr'><strong>Per</strong></span> <span class='ocrx_word' id='word_1_992' title='bbox 3469 4807 3685 4859; x_wconf 86' lang='lat' dir='ltr'><strong>Saulem</strong></span> 
     </span>
    </p>
   </div>
   <div class='ocr_carea' id='block_1_137' title="bbox 2146 4867 3686 4938">
    <p class='ocr_par' dir='ltr' id='par_1_137' title="bbox 2146 4867 3686 4938">
     <span class='ocr_line' id='line_1_137' title="bbox 2146 4867 3686 4938; baseline 0.006 -19"><span class='ocrx_word' id='word_1_993' title='bbox 2146 4867 2318 4938; x_wconf 70' lang='lat' dir='ltr'><strong>itaque</strong></span> <span class='ocrx_word' id='word_1_994' title='bbox 2347 4869 2643 4921; x_wconf 60' lang='lat' dir='ltr'><strong>JUdiDOI‘lllll</strong></span> <span class='ocrx_word' id='word_1_995' title='bbox 2674 4873 2850 4933; x_wconf 86' lang='lat' dir='ltr'><strong>elatio,</strong></span> <span class='ocrx_word' id='word_1_996' title='bbox 2884 4888 2976 4938; x_wconf 88' lang='lat' dir='ltr'><strong>per</strong></span> <span class='ocrx_word' id='word_1_997' title='bbox 3010 4867 3172 4923; x_wconf 83' lang='lat' dir='ltr'><strong>David</strong></span> <span class='ocrx_word' id='word_1_998' title='bbox 3206 4885 3378 4926; x_wconf 85' lang='lat' dir='ltr'><strong>autem</strong></span> <span class='ocrx_word' id='word_1_999' title='bbox 3421 4877 3686 4929; x_wconf 80' lang='lat' dir='ltr'><strong>humilitas</strong></span> 
     </span>
    </p>
   </div>
   <div class='ocr_carea' id='block_1_138' title="bbox 2143 4935 3686 5006">
    <p class='ocr_par' dir='ltr' id='par_1_138' title="bbox 2143 4935 3686 5006">
     <span class='ocr_line' id='line_1_138' title="bbox 2143 4935 3686 5006; baseline 0.006 -20"><span class='ocrx_word' id='word_1_1000' title='bbox 2143 4935 2335 4990; x_wconf 83' lang='lat' dir='ltr'><strong>Christi</strong></span> <span class='ocrx_word' id='word_1_1001' title='bbox 2381 4939 2715 5003; x_wconf 64' lang='lat' dir='ltr'><strong>signiﬁcatur.</strong></span> <span class='ocrx_word' id='word_1_1002' title='bbox 2767 4935 2898 4992; x_wconf 77' lang='lat' dir='ltr'><strong>Curti</strong></span> <span class='ocrx_word' id='word_1_1003' title='bbox 2951 4956 3076 5006; x_wconf 83' lang='lat' dir='ltr'><strong>ergo</strong></span> <span class='ocrx_word' id='word_1_1004' title='bbox 3129 4942 3246 4992; x_wconf 84' lang='lat' dir='ltr'><strong>Saul</strong></span> <span class='ocrx_word' id='word_1_1005' title='bbox 3301 4943 3367 4994; x_wconf 89' lang='lat' dir='ltr'><strong>ab</strong></span> <span class='ocrx_word' id='word_1_1006' title='bbox 3416 4947 3686 4996; x_wconf 82' lang='lat' dir='ltr'><strong>inummdo</strong></span> 
     </span>
    </p>
   </div>
   <div class='ocr_carea' id='block_1_139' title="bbox 2142 5007 3687 5078">
    <p class='ocr_par' dir='ltr' id='par_1_139' title="bbox 2142 5007 3687 5078">
     <span class='ocr_line' id='line_1_139' title="bbox 2142 5007 3687 5078; baseline 0.008 -24"><span class='ocrx_word' id='word_1_1007' title='bbox 2142 5009 2324 5066; x_wconf 82' lang='lat' dir='ltr'><strong>Spiritu</strong></span> <span class='ocrx_word' id='word_1_1008' title='bbox 2355 5007 2618 5071; x_wconf 78' lang='lat' dir='ltr'><strong>arripitur,</strong></span> <span class='ocrx_word' id='word_1_1009' title='bbox 2648 5009 2805 5059; x_wconf 78' lang='lat' dir='ltr'><strong>David</strong></span> <span class='ocrx_word' id='word_1_1010' title='bbox 2833 5021 3070 5078; x_wconf 74' lang='lat' dir='ltr'><strong>canente,</strong></span> <span class='ocrx_word' id='word_1_1011' title='bbox 3106 5009 3217 5075; x_wconf 77' lang='lat' dir='ltr'><strong>ejus</strong></span> <span class='ocrx_word' id='word_1_1012' title='bbox 3249 5014 3455 5063; x_wconf 75' lang='lat' dir='ltr'><strong>veSania</strong></span> <span class='ocrx_word' id='word_1_1013' title='bbox 3482 5024 3687 5078; x_wconf 82' lang='lat' dir='ltr'><strong>tempe-</strong></span> 
     </span>
    </p>
   </div>
   <div class='ocr_carea' id='block_1_140' title="bbox 2143 5076 3682 5146">
    <p class='ocr_par' dir='ltr' id='par_1_140' title="bbox 2143 5076 3682 5146">
     <span class='ocr_line' id='line_1_140' title="bbox 2143 5076 3682 5146; baseline 0.003 -23"><span class='ocrx_word' id='word_1_1014' title='bbox 2143 5085 2315 5146; x_wconf 69' lang='lat' dir='ltr'><strong>ratur:</strong></span> <span class='ocrx_word' id='word_1_1015' title='bbox 2349 5079 2464 5141; x_wconf 82' lang='lat' dir='ltr'><strong>quia</strong></span> <span class='ocrx_word' id='word_1_1016' title='bbox 2495 5092 2610 5127; x_wconf 82' lang='lat' dir='ltr'><strong>cunt</strong></span> <span class='ocrx_word' id='word_1_1017' title='bbox 2639 5076 3150 5146; x_wconf 66' lang='lat' dir='ltr'><strong>sensusludmorum</strong></span> <span class='ocrx_word' id='word_1_1018' title='bbox 3189 5095 3278 5143; x_wconf 83' lang='lat' dir='ltr'><strong>per</strong></span> <span class='ocrx_word' id='word_1_1019' title='bbox 3311 5076 3682 5146; x_wconf 68' lang='lat' dir='ltr'><strong>liittSplterttinn</strong></span> 
     </span>
    </p>
   </div>
   <div class='ocr_carea' id='block_1_141' title="bbox 2143 5140 3684 5210">
    <p class='ocr_par' dir='ltr' id='par_1_141' title="bbox 2143 5140 3684 5210">
     <span class='ocr_line' id='line_1_141' title="bbox 2143 5140 3684 5210; baseline 0.006 -20"><span class='ocrx_word' id='word_1_1020' title='bbox 2143 5140 2192 5191; x_wconf 89' lang='lat' dir='ltr'><strong>in</strong></span> <span class='ocrx_word' id='word_1_1021' title='bbox 2244 5140 2472 5195; x_wconf 82' lang='lat' dir='ltr'><strong>furorem</strong></span> <span class='ocrx_word' id='word_1_1022' title='bbox 2517 5147 2752 5204; x_wconf 85' lang='lat' dir='ltr'><strong>vertitur,</strong></span> <span class='ocrx_word' id='word_1_1023' title='bbox 2784 5141 2996 5210; x_wconf 83' lang='lat' dir='ltr'><strong>dignum</strong></span> <span class='ocrx_word' id='word_1_1024' title='bbox 3023 5159 3096 5196; x_wconf 90' lang='lat' dir='ltr'><strong>est</strong></span> <span class='ocrx_word' id='word_1_1025' title='bbox 3135 5140 3446 5200; x_wconf 26' lang='lat' dir='ltr'><strong>utisalutem</strong></span> <span class='ocrx_word' id='word_1_1026' title='bbox 3489 5150 3684 5200; x_wconf 75' lang='lat' dir='ltr'><strong>mentis</strong></span> 
     </span>
    </p>
   </div>
   <div class='ocr_carea' id='block_1_142' title="bbox 2141 5214 3685 5283">
    <p class='ocr_par' dir='ltr' id='par_1_142' title="bbox 2141 5214 3685 5283">
     <span class='ocr_line' id='line_1_142' title="bbox 2141 5214 3685 5283; baseline 0.007 -23"><span class='ocrx_word' id='word_1_1027' title='bbox 2141 5224 2320 5261; x_wconf 87' lang='lat' dir='ltr'><strong>eorum</strong></span> <span class='ocrx_word' id='word_1_1028' title='bbox 2345 5215 2486 5278; x_wconf 89' lang='lat' dir='ltr'><strong>quasi</strong></span> <span class='ocrx_word' id='word_1_1029' title='bbox 2512 5214 2782 5265; x_wconf 86' lang='lat' dir='ltr'><strong>dulcedine</strong></span> <span class='ocrx_word' id='word_1_1030' title='bbox 2809 5216 3043 5276; x_wconf 66' lang='lat' dir='ltr'><strong>citharae,</strong></span> <span class='ocrx_word' id='word_1_1031' title='bbox 3067 5215 3341 5268; x_wconf 79' lang='lat' dir='ltr'><strong>locutionis</strong></span> <span class='ocrx_word' id='word_1_1032' title='bbox 3367 5220 3685 5283; x_wconf 60' lang='lat' dir='ltr'><strong>evangelia:</strong></span> 
     </span>
    </p>
   </div>
   <div class='ocr_carea' id='block_1_143' title="bbox 2143 5283 3219 5349">
    <p class='ocr_par' dir='ltr' id='par_1_143' title="bbox 2143 5283 3219 5349">
     <span class='ocr_line' id='line_1_143' title="bbox 2143 5283 3219 5349; baseline 0.005 -21"><span class='ocrx_word' id='word_1_1033' title='bbox 2143 5283 2516 5349; x_wconf 84' lang='lat' dir='ltr'><strong>tranquillitate</strong></span> <span class='ocrx_word' id='word_1_1034' title='bbox 2542 5292 2878 5334; x_wconf 87' lang='lat' dir='ltr'><strong>revocentur.</strong></span> <span class='ocrx_word' id='word_1_1035' title='bbox 3215 5297 3219 5299; x_wconf 91' lang='grc'>·</span> 
     </span>
    </p>
   </div>
   <div class='ocr_carea' id='block_1_144' title="bbox 2433 5395 3078 5469">
    <p class='ocr_par' dir='ltr' id='par_1_144' title="bbox 2433 5395 3078 5469">
     <span class='ocr_line' id='line_1_144' title="bbox 2433 5395 3078 5469; baseline 0.003 -24"><span class='ocrx_word' id='word_1_1036' title='bbox 2433 5467 2436 5469; x_wconf 8' lang='grc' dir='ltr'><strong>Α</strong></span> <span class='ocrx_word' id='word_1_1037' title='bbox 2715 5395 2932 5449; x_wconf 82' lang='lat' dir='ltr'><strong>CAPUT</strong></span> <span class='ocrx_word' id='word_1_1038' title='bbox 2972 5396 3078 5448; x_wconf 83' lang='lat' dir='ltr'><strong>xu.</strong></span> 
     </span>
    </p>
   </div>
   <div class='ocr_carea' id='block_1_145' title="bbox 2303 5483 3519 5556">
    <p class='ocr_par' dir='ltr' id='par_1_145' title="bbox 2303 5483 3519 5556">
     <span class='ocr_line' id='line_1_145' title="bbox 2303 5483 3519 5556; baseline -0.002 -18"><span class='ocrx_word' id='word_1_1039' title='bbox 2303 5483 2430 5538; x_wconf 87' lang='lat' dir='ltr'><strong>Saul</strong></span> <span class='ocrx_word' id='word_1_1040' title='bbox 2457 5484 2606 5534; x_wconf 85' lang='lat' dir='ltr'><strong>mittit</strong></span> <span class='ocrx_word' id='word_1_1041' title='bbox 2634 5485 2860 5556; x_wconf 77' lang='lat' dir='ltr'><strong>custodes</strong></span> <span class='ocrx_word' id='word_1_1042' title='bbox 2886 5487 2950 5535; x_wconf 90' lang='lat' dir='ltr'><strong>ad</strong></span> <span class='ocrx_word' id='word_1_1043' title='bbox 2973 5486 3176 5556; x_wconf 79' lang='lat' dir='ltr'><strong>domum</strong></span> <span class='ocrx_word' id='word_1_1044' title='bbox 3202 5483 3432 5544; x_wconf 78' lang='lat' dir='ltr'><strong>Davidis,</strong></span> <span class='ocrx_word' id='word_1_1045' title='bbox 3464 5493 3519 5535; x_wconf 78' lang='lat' dir='ltr'><strong>ut</strong></span> 
     </span>
    </p>
   </div>
   <div class='ocr_carea' id='block_1_146' title="bbox 2716 5555 3092 5620">
    <p class='ocr_par' dir='ltr' id='par_1_146' title="bbox 2716 5555 3092 5620">
     <span class='ocr_line' id='line_1_146' title="bbox 2716 5555 3092 5620; baseline 0 -16"><span class='ocrx_word' id='word_1_1046' title='bbox 2716 5555 3092 5620; x_wconf 78' lang='lat' dir='ltr'><strong>interﬁceretur.</strong></span> 
     </span>
    </p>
   </div>
   <div class='ocr_carea' id='block_1_147' title="bbox 2203 5637 3678 5703">
    <p class='ocr_par' dir='ltr' id='par_1_147' title="bbox 2203 5637 3678 5703">
     <span class='ocr_line' id='line_1_147' title="bbox 2203 5637 3678 5703; baseline 0.003 -15"><span class='ocrx_word' id='word_1_1047' title='bbox 2203 5637 2363 5692; x_wconf 71' lang='lat' dir='ltr'><strong>Mittit</strong></span> <span class='ocrx_word' id='word_1_1048' title='bbox 2411 5640 2539 5695; x_wconf 86' lang='lat' dir='ltr'><strong>Saul</strong></span> <span class='ocrx_word' id='word_1_1049' title='bbox 2566 5643 2794 5694; x_wconf 76' lang='lat' dir='ltr'><strong>custodes</strong></span> <span class='ocrx_word' id='word_1_1050' title='bbox 2826 5644 2890 5692; x_wconf 87' lang='lat' dir='ltr'><strong>ad</strong></span> <span class='ocrx_word' id='word_1_1051' title='bbox 2917 5643 3118 5693; x_wconf 90' lang='lat' dir='ltr'><strong>domum</strong></span> <span class='ocrx_word' id='word_1_1052' title='bbox 3147 5640 3328 5703; x_wconf 80' lang='lat' dir='ltr'><strong>David,</strong></span> <span class='ocrx_word' id='word_1_1053' title='bbox 3365 5652 3416 5693; x_wconf 86' lang='lat' dir='ltr'><strong>ut</strong></span> <span class='ocrx_word' id='word_1_1054' title='bbox 3445 5645 3678 5694; x_wconf 78' lang='lat' dir='ltr'><strong>custodi-</strong></span> 
     </span>
    </p>
   </div>
   <div class='ocr_carea' id='block_1_148' title="bbox 2150 5710 3681 5777">
    <p class='ocr_par' dir='ltr' id='par_1_148' title="bbox 2150 5710 3681 5777">
     <span class='ocr_line' id='line_1_148' title="bbox 2150 5710 3681 5777; baseline 0.002 -20"><span class='ocrx_word' id='word_1_1055' title='bbox 2150 5722 2443 5775; x_wconf 83' lang='lat' dir='ltr'><strong>rent-eum,</strong></span> <span class='ocrx_word' id='word_1_1056' title='bbox 2489 5723 2531 5762; x_wconf 77' lang='lat' dir='ltr'><strong>et</strong></span> <span class='ocrx_word' id='word_1_1057' title='bbox 2582 5711 2962 5777; x_wconf 76' lang='lat' dir='ltr'><strong>interﬁceretur.</strong></span> <span class='ocrx_word' id='word_1_1058' title='bbox 3011 5710 3250 5761; x_wconf 69' lang='lat' dir='ltr'><strong>Abscessit</strong></span> <span class='ocrx_word' id='word_1_1059' title='bbox 3297 5723 3459 5764; x_wconf 77' lang='lat' dir='ltr'><strong>autem</strong></span> <span class='ocrx_word' id='word_1_1060' title='bbox 3511 5711 3681 5762; x_wconf 71' lang='lat' dir='ltr'><strong>llasid</strong></span> 
     </span>
    </p>
   </div>
   <div class='ocr_carea' id='block_1_149' title="bbox 2138 5780 3675 5850">
    <p class='ocr_par' dir='ltr' id='par_1_149' title="bbox 2138 5780 3675 5850">
     <span class='ocr_line' id='line_1_149' title="bbox 2138 5780 3675 5850; baseline 0.003 -23"><span class='ocrx_word' id='word_1_1061' title='bbox 2138 5788 2292 5844; x_wconf 70' lang='lat' dir='ltr'><strong>nocte,</strong></span> <span class='ocrx_word' id='word_1_1062' title='bbox 2339 5792 2380 5833; x_wconf 78' lang='lat' dir='ltr'><strong>et</strong></span> <span class='ocrx_word' id='word_1_1063' title='bbox 2411 5783 2556 5849; x_wconf 80' lang='lat' dir='ltr'><strong>fugit,</strong></span> <span class='ocrx_word' id='word_1_1064' title='bbox 2587 5791 2731 5846; x_wconf 70' lang='lat' dir='ltr'><strong>atque</strong></span> <span class='ocrx_word' id='word_1_1065' title='bbox 2763 5782 2977 5832; x_wconf 73' lang='lat' dir='ltr'><strong>salvatus</strong></span> <span class='ocrx_word' id='word_1_1066' title='bbox 3024 5787 3115 5833; x_wconf 81' lang='lat' dir='ltr'><strong>est.</strong></span> <span class='ocrx_word' id='word_1_1067' title='bbox 3161 5780 3383 5850; x_wconf 79' lang='lat' dir='ltr'><strong>Cumque</strong></span> <span class='ocrx_word' id='word_1_1068' title='bbox 3425 5783 3675 5833; x_wconf 73' lang='lat' dir='ltr'><strong>tritiser</strong></span> 
     </span>
    </p>
   </div>
  </div>
