3914 6228
282 375 382 430 437

283 492 443 542 nuntii
499 491 647 549 Saul,
686 491 970 540 invenerunt
1006 497 1219 539 statuam
1249 491 1297 540 in
1325 491 1445 539 lecto
1479 485 1635 536 David
1668 487 1805 550 posi-
1842 481 1886 534 Α

282 571 405 621 tant,
433 572 474 612 ct
504 559 679 626 pellem
717 559 926 618 pilosam
956 573 1220 624 caprarum
1249 561 1314 607 ad
1345 564 1511 626 caput_
1531 557 1656 626 ejus.
1689 558 1809 626 ΝΛιιῖ

280 621 636 693 ιιίιιιιιιιιέιτεο
666 627 782 687 quid
829 627 924 677 hoc
971 621 1226 688 significet
1268 627 1404 692 quod
1445 621 1646 675 miserit
1685 621 1808 672 Sanl

281 695 346 744 ad
375 696 766 746 custodiendum
797 696 1005 747 dommn
1037 696 1216 753 David,
1249 707 1302 744 ιιι
1331 693 1806 746 euminterficeret.

282 764 393 813 IIoe
421 782 521 813 non
551 765 612 815 ad
643 780 848 815 crucem
898 765 1118 822 Domini,
1172 765 1261 816 sed
1313 774 1482 813 tamen
1513 761 1574 810 ad
1606 758 1806 821 passio-

281 848 404 882 nem
453 832 566 899 ejus
613 833 850 896 pertinet.
905 833 1188 884 Crucifixus
1240 834 1376 883 enim
1426 829 1698 887 Christus,
1758 836 1808 879 et

282 912 544 963 infirmus,
575 910 626 952 et
651 902 882 966 sepultus
924 911 1022 951 est.
1076 900 1195 951 Erat
1239 915 1364 962 ergo
1412 899 1496 950 illa
1546 900 1808 960 sepultura

283 976 532 1034 tanquam
576 968 782 1032 domus,
832 971 895 1020 ad
926 984 1076 1032 quam
1107 969 1494 1020 custodiendam
1545 966 1684 1016 misit
1731 980 1810 1016 re-

283 1051 444 1100 gnum
495 1037 812 1095 .IIItIJ’Ol’UIII,
865 1040 1071 1104 quando
1123 1039 1365 1090 custodes
1415 1035 1631 1104 adhibiti
1691 1043 1812 1084 stint

283 1107 528 1166 sepulcro
545 1106 755 1158 Clu-isti.
781 1103 1049 1169 Quomodo
1075 1122 1199 1173 ergo
1229 1106 1478 1158 custodita
1503 1114 1581 1155 est
1604 1103 1807 1173 domus,

282 1175 326 1222 si
364 1173 520 1224 David
552 1175 801 1240 ﬁgurabat
827 1178 1087 1226 Christum
1129 1172 1182 1226 ut
1220 1176 1455 1226 Christus
1495 1172 1810 1223 interficere-

283 1252 390 1300 tur,
419 1243 540 1292 dum
575 1239 672 1293 non
705 1242 753 1294 in
783 1245 1046 1308 sepultura
1077 1244 1332 1303 Christus,
1362 1243 1449 1296 sed
1483 1242 1533 1293 in
1563 1255 1716 1291 cruce
1747 1239 1812 1289 sit

281 1311 633 1362 interfectus?
665 1311 907 1364 Refertur
938 1329 1074 1375 ergo
1123 1315 1217 1363 hoc
1260 1313 1323 1363 ad
1369 1325 1559 1376 corpus
1592 1309 1808 1364 Christi,

273 1381 402 1439 quia
441 1380 731 1432 interficere
759 1382 1019 1432 Christum
1044 1391 1156 1432 erat
1184 1382 1364 1432 tollere
1387 1393 1571 1431 nomen
1595 1376 1808 1429 Christi.

271 1446 457 1510 Neque
486 1450 622 1500 enim
655 1450 954 1501 crederetur
994 1450 1042 1500 in
1085 1449 1374 1512 Christum,
1409 1448 1451 1502 si
1483 1447 1809 1498 mendacium

276 1517 584 1579 prmvaleret
614 1520 910 1579 custodum,
935 1519 1020 1583 qui
1045 1520 1271 1576 corrupti
1296 1528 1433 1578 sunt,
1465 1527 1517 1566 nt
1545 1516 1806 1567 dicereut:

277 1584 414 1643 Quia
443 1586 796 1636 dormientibus
838 1587 975 1637 nobis
1025 1595 1257 1638 venerunt
1305 1587 1537 1649 discipuli
1581 1587 1708 1652 ejus,
1765 1592 1810 1632 et

271 1652 584 1704 abstulerunt
631 1670 742 1705 eum
783 1653 995 1714 (Matth.
1045 1670 1224 1714 xxvul,
1261 1658 1368 1721 I5).
1401 1657 1506 1707 IIoc
1536 1663 1614 1706 est
1641 1655 1810 1714 itaque

274 1722 412 1773 velle
438 1721 700 1774 Christum
726 1724 1036 1785 interficere,
1062 1739 1247 1774 nomen
1277 1723 1672 1776 resurrectionis
1699 1722 1810 1785 ejus

273 1791 635 1857 exstinguere,
681 1802 735 1843 ut
775 1792 1099 1844 mendacium
1147 1793 1424 1858 Evangelia
1455 1791 1803 1858 prmferretur.
1840 1801 1880 1857 Β

271 1858 378 1911 Sed
412 1861 545 1910 sicut
574 1860 696 1911 illud
723 1876 822 1911 non
857 1863 1014 1912 valuit
1041 1862 1160 1914 Sani
1194 1871 1248 1913 ttt
1279 1863 1591 1914 interficeret
1623 1859 1797 1923 David,

273 1928 354 1977 sic
377 1942 468 2001 nec
493 1927 589 2001 hoc
611 1931 778 2001 potuit
802 1930 1576 2001 regnumdudmorumbellicere
1611 1938 1663 1978 ut
1696 1945 1802 2001 me:

273 1997 498 2046 moriam
526 1998 718 2049 Christi
751 1997 971 2050 deleret.
1019 1999 1103 2050 Isti
1137 2001 1220 2060 qui
1246 2001 1310 2052 de
1339 1998 1460 2052 Sani
1495 2000 1705 2059 virtute,
1755 1997 1803 2047 id

269 2072 356 2115 est
399 2066 463 2116 de
509 2081 667 2118 reano
705 2067 1000 2119 Iudaeorum
1033 2069 1081 2118 in
1113 2068 1319 2119 Christo
1369 2083 1684 2130 prtesumere
1712 2081 1802 2116 vo-

273 2135 511 2209 luerunt,
536 2135 863 2209 offenderunt
888 2137 938 2187 in
973 2138 1191 2209 lapidem
1224 2137 1528 2189 offensionis
1560 2145 1801 2209 tanquam

271 2205 325 2251 in
360 2215 578 2255 Statuam
605 2222 619 2255 :
647 2215 698 2258 et
733 2205 909 2274 haedus
935 2205 1047 2269 ejus
1079 2205 1217 2256 visus
1245 2216 1356 2258 erat
1389 2221 1574 2274 agnus,
1604 2211 1721 2271 Quia
1753 2206 1801 2255 in

264 2287 374 2334 quo
422 2283 691 2334 peccatum
742 2289 842 2325 non
897 2273 1224 2335 invenerunt,
1279 2273 1438 2342 quasi
1478 2286 1802 2341 peceatorem

265 2343 528 2402 persecuti
571 2353 710 2394 sunt.
744 2342 908 2409 Igitur
942 2342 1100 2393 David
1133 2345 1282 2408 regite
1311 2360 1485 2395 manus
1525 2344 1675 2394 ictum
1703 2345 1800 2394 evi-

263 2419 402 2480 taus,
435 2414 637 2477 ejusque
676 2411 1066 2476 persecutionem
1104 2413 1358 2463 declinans
1397 2414 1546 2480 fugit,
1578 2415 1804 2476 uenitque

263 2479 332 2527 uti
368 2478 669 2539 Samuelem,
710 2492 753 2533 et
780 2483 911 2531 misit
944 2480 1070 2532 Saul
1102 2484 1319 2544 nuntios,
1353 2483 1436 2548 qui
1460 2478 1802 2548 apprehende-

261 2556 374 2596 rent
409 2548 585 2598 David.
620 2550 822 2601 Samuel
848 2562 1012 2600 autem
1043 2559 1146 2601 erat
1187 2553 1311 2602 in'er
1333 2551 1598 2618 praphetas
1630 2559 1670 2600 et
1702 2564 1800 2600 cae-

263 2626 376 2685 lum
423 2619 812 2684 prophetarum,
867 2619 948 2682 qui
1006 2619 1098 2669 isto
1149 2630 1366 2684 tempore
1423 2619 1800 2685 praphetabant.

267 2682 453 2756 Nuntii
495 2682 658 2738 autem
697 2690 782 2756 qui
814 2689 962 2740 .missi
1004 2698 1138 2746 sunt,
1182 2682 1381 2753 accep'o
1417 2682 1585 2740 eodea
1625 2691 1802 2752 spiritu

267 2755 707 2825 prophetauerunt.
737 2757 1001 2822 Missisque
1034 2760 1168 2816 aliis,
1215 2760 1304 2809 hoc
1346 2760 1546 2825 contigit
1574 2768 1618 2810 et
1649 2759 1804 2808 lc’I'tIfS

263 2823 610 2878 nihilominus.
656 2825 832 2879 Postea
862 2841 973 2876 vero
1021 2843 1133 2878 cum
1172 2837 1215 2877 et
1263 2829 1366 2889 ipse
1415 2823 1540 2878 Saul
1573 2829 1798 2890 venisset,

261 2890 428 2964 factus
449 2903 518 2945 est
557 2912 704 2964 super
736 2913 846 2946 eum
880 2896 1083 2958 spiritus
1120 2897 1228 2959 Dei,
1258 2908 1300 2947 et
1327 2896 1608 2948 ambulabat
1640 2899 1803 2963 inqrc-

262 2961 425 3036 diem,
471 2974 513 3013 et
555 2961 901 3032 prbphetabat.
946 2965 1203 3027 Quatritur
1247 2975 1418 3016 autem
1462 2961 1721 3028 quomodo
1752 2975 1804 3017 et

263 3029 337 3079 illi
370 3044 485 3082 eum
519 3029 656 3084 missi
695 3041 873 3087 essent
917 3036 978 3085 ad
1023 3036 1298 3087 tenendum
1345 3035 1628 3097 hominem,
1661 3044 1711 3088 et
1738 3037 1799 3086 ad

264 3111 450 3168 necem
497 3100 809 3161 ducendum.
854 3104 978 3155 tales
1006 3105 1188 3168 spiritu
1216 3104 1348 3155 effici
1384 3116 1719 3158 meruerunt:
1751 3115 1800 3156 et

262 3164 387 3240 Sanl
423 3168 532 3236 ipse
572 3172 657 3232 qui
690 3174 917 3232 miserat,
958 3164 1185 3230 veniens,
1246 3183 1296 3224 et
1349 3176 1455 3236 ipse
1496 3176 1798 3240 sanguinem

267 3239 598 3288 innocentem
662 3256 900 3302 quaerens
951 3242 1257 3302 clI'undere,
1315 3243 1554 3304 accipere
1607 3239 1803 3295 meruit

263 3305 504 3375 spiritum
560 3308 722 3369 ilhtm,
775 3319 827 3360 et
874 3315 1203 3375 prophetare.
1257 3313 1514 3371 Quantum
1566 3314 1702 3363 enim
1741 3315 1802 3362 ad

265 3373 493 3445 litteram
526 3380 728 3440 attinet,
767 3393 864 3428 non
896 3373 979 3427 est
1008 3379 1485 3445 tnit'ntllhominem
1522 3383 1800 3445 reprobtnn

260 3444 325 3492 :ttI
373 3459 692 3497 momentum
727 3446 1020 3498 transitorie
1073 3443 1429 3512 j‘ii'opI'telasse,
1478 3443 1596 3499 dum
1645 3460 1801 3502 etiam

261 3513 409 3583 multi
444 3515 627 3583 simile
676 3519 958 3581 prOpIthltB
1006 3515 1197 3566 donum
1242 3518 1473 3583 legantur
1517 3521 1798 3572 habuisse:

258 3580 395 3632 sicut
444 3581 650 3650 Balaam
680 3580 782 3635 ille
817 3585 1092 3649 reprobus,
1137 3580 1429 3650 quem'non
1485 3597 1617 3638 tacet
1666 3591 1803 3641 Scri-

270 3661 422 3721 ptura
447 3649 643 3716 judicio
672 3655 845 3705 divino
872 3668 986 3706 csse
1007 3649 1326 3717 damnatum,
1362 3655 1450 3706 sed
1482 3666 1650 3707 tamen
1685 3673 1802 3721 pro-

261 3717 492 3789 phetiam
538 3721 776 3773 habebat.
813 3724 915 3774 Nec
949 3723 1034 3773 illa
1069 3726 1219 3775 vcrb:
1271 3739 1448 3789 parutn
1494 3717 1803 3778 attestantur

259 3787 384 3864 linic
405 3791 698 3864 sententize,
723 3807 834 3864 quae
856 3793 908 3864 in
937 3794 1213 3864 I'lvangeho
1236 3787 1423 3858 scripta
1451 3806 1588 3854 sunt,
1613 3797 1801 3847 multos

257 3853 491 3907 dicturos
527 3858 575 3909 in
606 3860 687 3910 illa
717 3853 836 3912 die:
871 3853 1112 3921 Domine:
1150 3853 1384 3924 Domine,
1412 3867 1460 3913 in
1490 3853 1686 3915 nomine
1717 3874 1800 3916 tuo

260 3927 691 3989 manducavimus,
723 3941 768 3978 et
806 3931 1030 3988 bibimus,
1077 3941 1120 3981 et
1151 3935 1198 3981 in
1233 3934 1428 3982 nomine
1469 3942 1552 3982 tuo
1595 3936 1798 3985 virtutes

255 3995 445 4063 multas
482 3997 711 4061 fecimus.
757 3999 954 4063 Quibus
983 4001 1212 4050 dictat-us
1242 4011 1321 4052 est
1349 4019 1357 4050 :
1394 4001 1510 4051 Non
1539 4005 1648 4052 novi
1673 4018 1753 4052 vos
1781 4019 1799 4054 :

253 4060 495 4138 discedite
531 4081 561 4114 a
603 4083 698 4130 me,
728 4060 943 4130 operarii
975 4069 1250 4133 iniquitatis
1278 4069 1486 4134 (Matth.
1537 4087 1656 4128 xxv,
1685 4071 1792 4138 41).

257 4131 476 4206 biystice
505 4144 674 4206 autem
707 4139 1000 4204 exemplum
1032 4131 1184 4205 hujus
1218 4131 1336 4190 Sani
1390 4131 1797 4206 nuntiorumqtie

252 4201 372 4276 ejus
403 4201 468 4276 in
513 4201 611 4276 hac
656 4201 912 4276 sententia
962 4201 1144 4274 figurat
1188 4208 1459 4258 nctmnllos
1501 4201 1792 4270 haereticos,

250 4270 342 4343 qui
367 4270 556 4333 aliquid
583 4272 702 4323 boni
727 4276 790 4325 de
814 4270 1117 4326 muneribus
1142 4277 1304 4327 sancti
1327 4278 1548 4343 Spiritus
1577 4277 1789 4343 habent,

254 4345 396 4388 sicut
443 4348 748 4412 testamenta
800 4344 925 4410 legis
955 4352 1007 4394 et
1036 4345 1320 4410 Evangelii.
1371 4349 1505 4398 sicut
1550 4347 1787 4412 baptismi

251 4417 664 4482 sacramentum.
714 4411 976 4482 Quicum
1025 4413 1086 4462 ad
1141 4414 1422 4465 I‘lcclcsiatn
1477 4411 1784 4468 cautelicam

253 4480 489 4552 veniunt,
546 4489 774 4552 nonest
818 4480 868 4532 in
909 4481 985 4552 eis
1019 4483 1122 4552 ullo
1152 4485 1302 4532 modo
1344 4484 1660 4546 violandum,
1702 4496 1792 4537 aut

252 4548 548 4618 quasimou
600 4548 821 4600 habeant
861 4550 1168 4600 tradendtnn
1199 4567 1207 4600 :
1237 4551 1328 4601 sed
1364 4562 1535 4604 tamen
1567 4570 1656 4604 eos
1690 4570 1797 4606 non

254 4611 378 4663 ideo
404 4612 595 4686 debere
644 4617 877 4670 confiteri
927 4620 1173 4678 salutem,
1223 4620 1338 4683 quia
1389 4636 1488 4671 non
1538 4623 1796 4686 improba-

253 4695 373 4730 mus
419 4684 553 4745 quod
587 4685 701 4737 illos
727 4688 995 4751 accepiSse
1025 4690 1302 4739 credimus.
1335 4687 1436 4739 Sed
1469 4684 1674 4755 opOt-tet
1703 4707 1796 4744 eos

251 4762 573 4825 cognoscere
626 4758 876 4808 unitatem
907 4768 955 4806 et
989 4757 1293 4807 societatem
1335 4759 1538 4810 vincqu
1573 4761 1798 4812 charita-

253 4820 361 4877 tis,
413 4820 524 4897 sine
577 4839 676 4888 qua
728 4827 941 4876 omnino
986 4825 1232 4890 (jUIlIIjllid
1283 4825 1476 4897 habere
1533 4839 1792 4894 poterunt,

257 4894 503 4964 quamvis
541 4905 773 4945 sanetum
802 4897 870 4964 sit
895 4905 1049 4964 atque
1083 4894 1459 4964 venerandum,
1494 4897 1586 4961 ipsi
1621 4907 1790 4951 tamen

259 4956 392 5007 nillil
444 4969 584 5022 sunt,
637 4971 778 5015 tanto
831 4956 1148 5027 indignior-cs
1203 4961 1370 5014 effecti
1429 4956 1639 5030 prannio
1683 4967 1797 5018 vite

257 5037 718 5104 atteritaa,_quanto
765 5031 864 5083 illis
911 5033 1060 5104 donis
1110 5045 1210 5080 non
1261 5032 1391 5082 bene
1430 5035 1506 5082 nsi
1538 5043 1796 5099 δυιιιιιιιίε

260 5096 312 5145 in
348 5096 442 5146 hac
470 5098 591 5159 vita,
638 5113 752 5163 qua:
798 5100 1090 5153 transitoria
1139 5107 1235 5161 est,
1294 5114 1623 5167 acceperunt.
1668 5096 1792 5156 Item

257 5168 557 5241 e_.\etitp|utn
605 5177 756 5241 atque
804 5170 976 5241 imago
1025 5173 1176 5234 hujus
1224 5169 1343 5222 Saul
1396 5171 1798 5238 nuntiorumque

250 5236 390 5298 ejus,
423 5236 472 5286 in
512 5240 607 5288 hoc
644 5239 757 5307 loco
798 5239 1096 5290 linteorum
1152 5256 1250 5289 non
1299 5241 1577 5305 incongrue
1630 5236 1800 5307 gestat

254 5315 536 5366 personam
563 5322 577 5366 ;
625 5306 708 5372 qui
756 5309 876 5358 dum
906 5310 1171 5360 adversari
1200 5308 1413 5373 emuniit
1440 5306 1672 5373 Christo,
1705 5313 1796 5362 ha-

256 5378 384 5444 bent
433 5373 482 5421 in
511 5387 618 5445 _ore
664 5389 985 5445 sacramenta
1031 5381 1156 5445 legis
1193 5388 1244 5430 et
1289 5379 1650 5444 prapbetarum
1686 5399 1696 5429 :
1731 5383 1796 5432 ad

251 5441 613 5517 testimonium
673 5443 884 5517 Christi,
914 5457 965 5498 et
1017 5441 1133 5499 cuin
1191 5441 1416 5500 Ecclesia
1472 5453 1620 5514 quasi
1675 5465 1794 5501 cum

250 5507 524 5586 prophetis
574 5515 649 5586 de»
687 5507 966 5586 Scripturis
1021 5517 1316 5586 diSputant,
1371 5507 1505 5572 sicui
1556 5521 1624 5572 illi
1677 5535 1792 5572 cum

251 5576 527 5645 prophetis
553 5576 980 5639 vaticmab‘antur.

1121 370 1556 438 QUIESTIONES
1599 367 1657 421 IN
1702 366 1936 420 LIBROS
1981 366 2226 419 ιιιίουιι.
2272 395 2335 402 —
2367 364 2490 416 Llil.
2536 363 2573 416 I.

3347 362 3445 418 433

2487 473 2704 526 CAI’U'I‘
2746 472 2881 526 XIII.

2097 570 2170 620 Ad
2208 568 2436 618 Davidem
2469 565 2636 625 missi,
2668 564 2961 631 prophetare
2990 564 3250 628 incipiunt.

1983 657 2212 711 Surrexit
2239 657 2402 720 itaque
2432 653 2610 713 David,
2641 664 2684 702 et
2713 652 2888 720 iterum
2918 652 3036 717 fugit
3061 667 3092 702 a
3120 651 3403 720 facieSattl
3427 667 3444 703 :

1911 729 2130 785 venitque
2170 727 2236 774 ad
2279 719 2576 773 sacerdotem
2617 719 2914 776 Abimeleeh,
2948 736 2976 768 a
3005 735 3099 785 quo
3145 727 3188 769 et
3218 719 3440 784 gladium

1913 796 2075 847 (.‘olitr
2102 793 2317 850 sustulit,
2351 803 2393 842 et
2425 806 2573 856 panes
2606 791 2951 852 propositionis
2979 789 3186 852 accepit.
3209 793 3333 852 Quae
3359 804 3441 840 res

1912 874 1963 916 et
1989 863 2244 914 sacerdmi
2273 878 2320 911 ιιι
2347 873 2492 908 ψιειη
2521 859 2712 920 attulit,
2741 868 2790 908 et
2819 857 3324 910 animadversionem
3355 872 3440 909 re-

1915 933 2106 1000 Iigiosa!
2136 930 2305 981 intulit
2328 926 2542 1000 civitati.
2573 925 2690 977 "2P0
2717 926 2889 991 itaque
2910 935 3170 1000 gestorum
3195 927 3321 1000 fides
3341 936 3441 978 est.

1912 995 2016 1054 scd
2047 1011 2293 1065 quantum
2333 996 2394 1047 ad
2441 1002 2821 1059 sacramentum
2855 995 3143 1065 prophetiae
3184 996 3440 1065 pertinet,

1913 1072 1961 1121 in
1993 1064 2198 1119 Christo
2233 1065 2451 1116 IIotnino
2490 1073 2666 1114 nostro
2697 1064 3012 1128 completum
3043 1073 3155 1124 est,
3188 1065 3272 1128 qui
3305 1064 3443 1125 posi-

1914 1147 1996 1188 tus
2023 1141 2072 1188 in
2102 1150 2260 1185 carne
2284 1135 2403 1185 dum
2428 1133 2822 1184 insectationem
2846 1131 3127 1184 declinaret
3156 1131 3445 1193 Iudaicam,

1912 1208 1974 1258 ad
2024 1206 2286 1270 apostolos
2329 1201 2581 1270 transiit,
2615 1215 2728 1250 cum
2770 1203 2956 1270 quibus
3003 1209 3055 1270 et
3096 1200 3443 1270 desideratum

1910 1276 2004 1325 sibi
2054 1269 2224 1325 cibum
2258 1272 2477 1334 sumpsit
2509 1286 2519 1318 ε
2557 1269 2816 1319 desiderio
2846 1270 2980 1319 enim
3012 1269 3330 1321 desideravit
3357 1283 3448 1334 pa-

1913 1345 2038 1392 scha
2073 1340 2406 1393 manducare.
2443 1337 2516 1388 Ex
2547 1337 2731 1401 quibus
2762 1336 2943 1397 Goliae,
2978 1337 3026 1388 id
3058 1345 3136 1387 est
3163 1352 3303 1388 arma
3332 1339 3446 1388 dia-

1912 1409 2015 1462 boli
2039 1449 2053 1472 ,
2085 1410 2294 1461 SUSIIIIII.
2327 1426 2336 1458 :
2371 1408 2514 1458 fortis
2546 1407 2683 1457 enim
2729 1406 2894 1458 snolia
2942 1407 3049 1471 ipse
3078 1405 3306 1466 diripuit.
3361 1405 3449 1456 His

1911 1494 2036 1543 ergo
2076 1493 2102 1527 a
2145 1478 2330 1542 quibus
2375 1485 2608 1535 receptus
2647 1483 2727 1524 est
2770 1472 3046 1537 Christus,
3094 1475 3449 1526 tribulationes

1913 1548 2113 1598 induxit
2158 1546 2434 1598 diabolus.
2467 1552 2519 1594 et
2567 1553 2808 1594 mortem.
2854 1544 3033 1594 Umnes
3077 1543 3213 1594 enim
3241 1581 3256 1604 ,
3296 1551 3349 1594 ut
3379 1544 3449 1593 ait

1912 1617 2187 1679 Apostolus
2213 1652 2226 1672 ,
2260 1615 2341 1676 qui
2367 1615 2416 1665 in
2443 1611 2644 1679 Christo
2691 1612 2770 1676 pie
2798 1609 2966 1662 volunt
2997 1613 3152 1663 vivere
3175 1649 3189 1672 ,
3225 1627 3451 1678 persecu-

1913 1678 2092 1736 tiOnem
2120 1686 2377 1744 patiuntur
2404 1678 2483 1744 (Il
2509 1679 2639 1731 Tim.
2669 1695 2741 1745 tu,
2775 1679 2874 1747 ἰαὶ).
2904 1681 2966 1731 lit
2989 1680 3234 1730 liotniuus
3255 1682 3364 1732 ait:
3391 1679 3451 1732 Si

1917 1770 1990 1803 me
2020 1755 2259 1815 persecuti
2289 1761 2424 1812 sunt,
2454 1761 2495 1800 et
2534 1765 2613 1800 vos
2643 1761 2989 1814 persequentur
3018 1747 3194 1804 (Joan.
3229 1764 3310 1810 xv,
3333 1749 3446 1816 20).

1913 1823 1964 1873 In
2003 1822 2173 1874 Doech
2214 1833 2382 1872 autem
2428 1821 2650 1869 lduuneo
2677 1861 2689 1878 ,
2730 1817 2874 1869 Iudae
2909 1818 3184 1883 proditoris
3227 1832 3444 1883 persona

1904 1894 2166 1947 consistit,
2195 1906 2281 1952 per
2310 1905 2458 1954 quem
2491 1890 2555 1938 ita
2587 1898 2833 1950 epotatus
2854 1898 2935 1939 est
2964 1887 3220 1947 diabolus,
3253 1895 3307 1937 ut
3333 1887 3446 1952 ejus

1907 1960 2129 2021 proditio
2159 1968 2236 2009 est
2270 1958 2398 2008 facta
2444 1958 2490 2006 in
2533 1956 2765 2014 Christo,
2805 1965 2980 2019 postea
3030 1958 3439 2022 persecutionem

1908 2029 2139 2080 Eccleda
2193 2033 2496 2089 pateretur,
2557 2035 2606 2075 et
2663 2024 3022 2074 occiderentur
3080 2024 3443 2088 quamplurimi

1906 2098 2142 2159 discipuli
2175 2096 2364 2146 Christi
2396 2103 2446 2144 ct
2473 2094 2796 2155 sacerdmes,
2830 2102 2880 2143 et
2910 2107 3000 2159 pro
3032 2092 3246 2146 nomine
3273 2107 3445 2161 perse-

1905 2169 2140 2218 eutiones
2167 2165 2498 2231 gravissimas
2530 2162 2836 2227 perferrent.

2481 2274 2698 2328 CAPUT
2741 2275 2871 2328 XIV.

2141 2367 2296 2418 David
2326 2367 2452 2417 venit
2477 2366 2542 2416 ad
2574 2364 2849 2416 Abimelech
2879 2363 3203 2420 sacerdotem.

1976 2455 2176 2507 Interea
2209 2455 2369 2506 Dat'id
2397 2471 2507 2504 cum
2537 2457 2724 2521 fugeret
2757 2453 2912 2513 Saul,
2944 2456 3097 2506 latere
3123 2456 3274 2506 voluit
3306 2458 3441 2518 apud

1905 2542 2064 2590 regem
2097 2528 2361 2593 quemdam
2405 2523 2531 2575 Geth
2562 2526 2759 2575 namine
2800 2526 2966 2574 Achis.
3004 2525 3106 2576 Sed
3144 2541 3252 2574 cum
3283 2525 3444 2591 gloria

1903 2597 1944 2645 ei
1976 2595 2146 2657 fuisset
2177 2595 2265 2645 sibi
2304 2604 2682 2642 commemorata
2706 2633 2718 2646 .
2761 2609 2820 2644 ne
2844 2610 2930 2660 per
2971 2594 3170 2645 livorem
3201 2610 3286 2645 rex
3312 2595 3442 2644 idem

1904 2665 1968 2712 ad
2017 2679 2158 2726 queat
2208 2665 2498 2730 emi/agerat
2545 2662 2736 2726 aliquid
2779 2662 2823 2712 ei
2869 2663 2989 2712 mali
3033 2664 3442 2724 marhinareur;

1905 2733 2046 2796 finxit
2087 2734 2352 2793 insaniam,
2381 2742 2423 2782 et
2453 2732 2593 2798 quasi
2626 2732 2793 2797 furore
2827 2741 3080 2796 correptus
3100 2769 3113 2789 ,
3160 2732 3359 2781 mutavit
3390 2748 3444 2782 os

1905 2818 2049 2851 suum
2080 2818 2096 2851 :
2127 2803 2497 2868 defluebantque
2551 2801 2718 2852 saliva:
2758 2800 2807 2850 in
2839 2798 3037 2850 barbam
3070 2800 3197 2860 eius,
3227 2799 3440 2851 collabe—

1906 2869 2143 2936 baturque
2175 2875 2222 2920 in
2253 2869 2475 2920 manibus
2523 2886 2687 2920 eorum
2714 2885 2728 2928 ,'
2759 2878 2803 2919 et
2830 2869 2894 2920 ad
2936 2871 3061 2920 ostia
3082 2879 3236 2934 porta:
3264 2885 3438 2934 proce-

1905 2938 2068 2998 dnbat;
2099 2949 2140 2988 et
2167 2940 2292 2988 dixit
2324 2939 2471 2989 Achis
2499 2954 2583 2988 rex
2614 2954 2632 2988 :
2663 2939 2792 2999 Quid
2820 2938 2940 2988 mihi
2969 2938 3221 2989 adduxisti
3254 2939 3441 2990 istum?

1911 3007 2147 3071 Nunquid
2190 3012 2385 3057 deerant
2432 3007 2570 3056 nobis
2611 3009 2831 3071 furiosi?
2873 3007 2936 3058 Et
2979 3010 3048 3058 sic
3079 3023 3190 3058 cum
3231 3006 3438 3059 dimisit.

1909 3078 2061 3128 Achis
2107 3079 2474 3140 interpretatur
2530 3077 2772 3139 quomodo
2814 3085 2905 3125 est.
2953 3076 3048 3127 Per
3080 3077 3213 3138 quod
3245 3075 3441 3141 signifi-

1906 3157 2053 3196 catur
2084 3145 2368 3212 ignorantia
2419 3144 2479 3194 ad
2513 3144 2724 3196 verbum
2774 3143 3008 3194 mirantis
3053 3154 3104 3194 et
3137 3160 3236 3195 non
3285 3160 3446 3207 agno-

1906 3217 2116 3275 scentis,
2151 3215 2283 3277 quotl
2321 3215 2370 3264 in
2402 3223 2555 3277 gente
2593 3213 2888 3264 .IIItItBOl‘lIm
2925 3213 3190 3276 impletum
3223 3221 3324 3275 est,
3358 3216 3443 3278 qui

1906 3284 2026 3334 dum
2059 3284 2296 3333 viderunt
2322 3283 2580 3333 Christum
2615 3298 2713 3331 non
2746 3289 3085 3341 agnoverunt.
3114 3280 3300 3331 Coram
3327 3285 3439 3348 qui-

1906 3355 1999 3404 bus
2031 3361 2242 3403 mut:th
2282 3367 2339 3401 os
2370 3366 2538 3412 suum,
2573 3360 2622 3403 et
2660 3350 2804 3400 abiit.
2843 3349 2998 3399 Erant
3028 3349 3163 3399 enim
3200 3348 3266 3399 ibi
3313 3365 3440 3414 prte-

1905 3433 2051 3488 cepta
2101 3422 2226 3488 legis
2271 3421 2532 3480 carnalia,
2572 3432 2717 3470 erant
2762 3427 2810 3469 et
2856 3419 3103 3488 sacrificia
3153 3420 3434 3470 secundum

1904 3486 2357 3543 ori—lincm'Aaron
2395 3507 2404 3539 :
2439 3500 2482 3540 et
2521 3498 2694 3554 postea
2727 3488 2834 3553 ipse
2867 3486 2930 3537 de
2972 3499 3187 3550 corpore
3216 3496 3267 3537 et
3308 3501 3430 3536 sau-

1903 3560 2057 3620 [tuine
2108 3576 2199 3610 suo
2248 3559 2466 3608 instituit
2509 3558 2815 3608 sacrificium
2865 3557 3148 3607 secundum
3193 3555 3426 3606 ordinem

1905 3628 2306 3680 Melchisedech.
2359 3627 2570 3676 Mutavit
2616 3641 2737 3691 ergo
2787 3641 2843 3675 os
2901 3639 3052 3675 suum
3099 3623 3388 3675 sacerdotio
3417 3663 3433 3688 ,

1904 3699 2120 3747 mntavit
2151 3697 2198 3746 in
2233 3696 2500 3761 praeceptis
2530 3712 2539 3743 :
2572 3697 2700 3762 dans
2727 3694 2863 3745 aliud
2898 3702 3280 3753 testamentum,
3312 3707 3431 3744 eva-

1903 3778 2050 3815 cuala
2096 3766 2291 3816 carnali
2341 3761 2658 3828 operatiOne.
2696 3765 2858 3823 Atque
2903 3761 3019 3811 inde
3047 3762 3307 3825 collapsus
3356 3773 3434 3814 est

1905 3836 1952 3884 itt
2002 3834 2238 3885 inanibus
2267 3849 2442 3885 eorum
2470 3873 2482 3892 ,
2533 3833 2737 3898 quando
2785 3846 2900 3880 eum
2933 3831 3433 3896 comprehendentes

1902 3905 2286 3952 crucifixerunt.
2325 3903 2386 3951 Iit
2431 3901 2741 3965 procedebat
2779 3900 2843 3951 ad
2875 3901 3061 3950 ostium
3100 3908 3258 3961 porta:
3283 3939 3295 3957 ,
3332 3900 3440 3960 hoc,

1899 3980 1980 4022 est
2030 3971 2331 4021 hmniliabat
2376 3983 2433 4020 se
2487 3985 2647 4033 usque
2701 3970 2761 4020 ad
2810 3970 2998 4017 ostium
3055 3969 3171 4018 fidei
3223 3978 3428 4020 nostrtc.

1900 4041 2098 4090 Ostium
2142 4054 2278 4089 enim
2339 4048 2496 4103 porta:
2552 4037 2748 4087 initium
2791 4047 2869 4085 est
2903 4036 3038 4085 fidei.
3081 4036 3209 4103 Inde
3255 4036 3429 4098 incip:t

1900 4107 2150 4168 Ecclesia,
2178 4117 2222 4159 et
2251 4117 2486 4173 pervenit
2517 4119 2677 4172 u3quc
2705 4106 2762 4154 ad
2794 4105 3041 4168 Speciem.
3078 4102 3140 4173 Ut
3170 4116 3283 4152 cum
3316 4120 3432 4153 cre-

1897 4178 1968 4228 dit
2003 4193 2060 4228 ea
2094 4192 2207 4240 quae
2238 4171 2375 4226 nunc
2405 4176 2544 4225 videt
2568 4171 2873 4237 ,inereatur
2906 4171 3093 4236 perfrui
3122 4211 3134 4232 ,
3167 4186 3280 4222 cum
3310 4188 3426 4223 eum

1899 4248 2072 4298 \idere
2119 4244 2248 4295 facie
2278 4244 2338 4295 ad
2388 4244 2572 4294 faciem
2614 4241 2848 4307 cmperit.
2896 4242 3040 4306 Quod
3073 4254 3195 4291 vero
3242 4241 3290 4290 in
3341 4241 3429 4293 ιιι..

1896 4316 2040 4379 quasi
2074 4314 2250 4364 furore
2281 4312 2459 4364 saliva:
2485 4312 2827 4364 decurrebant
2855 4327 3010 4375 super
3041 4310 3252 4363 barbam
3292 4309 3427 4373 ejus,

1895 4385 2167 4448 Apostolus
2201 4383 2310 4433 hcce
2357 4381 2525 4446 aperit
2559 4381 2736 4432 dicens
2770 4398 2780 4428 :
2821 4379 2986 4448 Judtei
3034 4383 3174 4447 signa
3220 4387 3428 4443 petunt,

1893 4447 1950 4503 et
1969 4452 2129 4503 (ἐνίησι
2160 4452 2455 4514 sapientiora
2484 4459 2729 4514 quierunt.
2779 4447 2827 4497 Ν
2836 4465 2885 4498 0s
2913 4459 3074 4500 autem
3104 4450 3430 4515 pra‘dicamus

1899 4521 2146 4572 Christum
2177 4520 2489 4577 cruci/imum,
2521 4516 2713 4568 Judteis
2742 4518 2935 4582 quidem
2966 4520 3272 4576 scandalum,
3306 4535 3421 4584 gen-

1897 4591 2023 4640 tibus
2070 4598 2233 4640 autem
2276 4589 2555 4638 stultitiam.
2603 4584 2734 4652 Ipsis
2775 4600 2886 4636 vero
2929 4589 3107 4638 vocatis
3153 4585 3341 4636 Judwis
3381 4598 3427 4635 et

1897 4658 2083 4710 ercis
2113 4657 2365 4708 Christum
2397 4655 2488 4706 Dei
2514 4657 2736 4705 virtutem
2764 4663 2806 4704 et
2838 4653 2927 4704 Dei
2955 4656 3246 4718 sapientiam
3270 4670 3287 4704 .'
3309 4657 3425 4717 quia

1898 4729 2027 4792 quod
2057 4728 2259 4778 stultitia
2289 4735 2357 4776 est
2385 4724 2477 4774 Dei
2505 4726 2773 4789 sapientius
2799 4732 2866 4774 est
2896 4725 3191 4792 hominibus,
3217 4732 3260 4792 et
3291 4724 3423 4786 quod

1898 4788 2151 4862 inﬁrmum
2196 4803 2265 4844 est
2316 4795 2406 4844 Dei
2452 4788 2628 4857 fortius
2674 4805 2741 4844 est
2788 4791 3062 4841 hominibus
3105 4789 3160 4862 ‘(l
3207 4788 3423 4862 (Σονζι3

1896 4856 2107 4930 23-25).
2156 4863 2343 4914 Salivze
2387 4856 2521 4914 enim
2566 4864 2909 4930 infirmitatem
2959 4860 3267 4930 significant.
3317 4856 3420 4910 Sed

1899 4935 2033 5000 quod
2064 4928 2275 4985 stultum
2305 4942 2384 4984 est
2415 4933 2501 4984 Dei
2527 4931 2707 4983 fortius
2739 4938 2816 4982 est
2841 4928 3152 5000 hominibus,
3181 4941 3281 4978 non
3305 4936 3419 5000 tan-

1896 4996 2050 5070 quam
2082 5004 2293 5054 salivam
2328 5002 2563 5053 attendas
2587 5039 2600 5060 ,
2635 5000 2721 5050 sed
2751 4998 2955 5070 attende
2983 4998 3288 5070 quiasuper
3311 4996 3423 5046 bar-

1899 5067 2015 5123 bam
2045 5071 2292 5125 decurrit.
2328 5070 2599 5133 Quomodo
2630 5069 2766 5119 enim
2796 5068 2845 5119 in
2887 5068 3060 5120 salivis
3107 5067 3374 5117 infirmitas
3407 5103 3422 5124 ,

1903 5142 1979 5194 sic
2011 5144 2060 5193 in
2108 5142 2261 5192 barba
2293 5142 2454 5190 virtus
2497 5137 2808 5189 ostenditur.
2841 5136 2989 5189 Texit
3018 5151 3138 5203 ergo
3188 5135 3424 5184 virtutem

1897 5224 2042 5261 suam
2089 5223 2305 5275 corpore
2360 5207 2673 5260 infirmitatis
2705 5221 2828 5258 sum.
2881 5207 2943 5255 Et
2969 5210 3102 5272 quod
3145 5204 3426 5275 forinsecus

1898 5273 2273 5337 ittfirtttabatur,
2306 5288 2549 5340 tanquam
2582 5278 2629 5327 in
2658 5276 2815 5325 Saliva
2842 5279 3141 5339 apparebat.
3173 5273 3311 5324 Intus
3331 5286 3424 5324 au-

1902 5357 2002 5401 tem
2036 5347 2209 5400 divina
2242 5347 2402 5398 virtus
2435 5355 2676 5411 tanquam
2713 5345 2866 5394 barba
2901 5349 3185 5411 tegebatur.

2473 5454 2693 5509 CAI’U'I‘
2733 5455 2844 5509 XV.

2249 5550 2411 5602 David
2441 5551 2503 5598 ad
2532 5553 2716 5614 regem
2736 5547 2914 5599 Lac/tis
2941 5546 3088 5615 fugit.

1971 5641 2158 5693 Dehinc
2181 5644 2229 5694 in
2258 5659 2418 5692 eremo
2452 5641 2704 5707 Engaddi,
2730 5656 2839 5689 cum
2869 5635 3244 5707 persequendam
3267 5629 3433 5707 David

1901 5715 2023 5768 Sattl
2053 5723 2326 5779 oppeteret,
2362 5702 2607 5777 iagrrsitts
2644 5709 2798 5759 David
2831 5702 2877 5758 ia
2920 5709 3176 5772 speluura,
3211 5702 3274 5752 ibi
3304 5702 3432 5752 latc-
