3914 6228
513 388 620 443 459

969 388 1171 445 ΒΕῧιΕ
1210 389 1654 447 VENERABILIS
1690 389 1839 447 OPP.
1883 388 2057 444 PARS
2096 390 2157 444 ιι.
2198 389 2387 444 SECT.
2415 392 2450 446 Ι.
2481 423 2547 432 -
2577 394 2777 450 DUBIA
2822 394 2905 448 ET
2945 393 3208 452 SPIJRIA.

3599 396 3713 453 ιιο

514 504 594 557 bat
621 518 638 559 :
667 504 760 575 sed,
796 521 885 575 rea:
911 505 1192 568 impromis
1228 515 1456 572 exceptus
1484 507 1701 570 insidiis,
1729 505 1862 569 quod
1904 507 2048 575 inno-
2078 506 2127 562 A
2155 503 2292 575 unde
2319 519 2376 558 se
2404 505 2742 575 protegebant
2773 508 3148 574 temporaliter,
3180 517 3232 560 et
3259 522 3414 575 quam
3444 511 3704 568 adversus

510 589 607 626 suo
645 574 936 627 moliebatur
978 575 1239 628 inciderat.
1285 575 1544 642 Scriptum
1588 585 1667 629 est
1709 575 1849 627 enim
1896 593 1907 626 :
1946 574 2046 637 Qui

511 642 641 708 fodit
668 647 858 713 foveant
889 647 1114 713 proximo
1149 660 1242 698 suo
1262 684 1280 707 ,
1309 646 1414 712 ipse
1441 645 1620 698 incidet
1647 645 1698 696 in
1723 659 1831 695 eam
1862 642 2042 706 (Ereti.

511 725 671 774 xxv",
703 711 816 781 20).
848 711 1008 764 David
1034 723 1218 777 autem,
1249 711 1376 766 bona
1421 729 1512 780 pro
1540 714 1687 765 malis
1719 713 1999 764 "tribuens
2027 752 2042 775 ,

508 781 762 852 inimicum
794 798 892 834 non
920 783 1099 835 occidit
1125 821 1149 852 ,Α
1185 784 1271 835 sed
1312 799 1402 852 pro
1431 784 1711 835 testimonio
1741 782 1858 850 facti
1905 797 2045 833 oram

505 848 789 921 chlamydis
811 852 962 921 regia:
987 850 1189 904 abstulit
1216 865 1235 904 :
1260 848 1373 903 cum
1414 852 1612 921 facilius
1639 848 1763 921 esset
1787 861 2045 921 exceptum

507 920 702 972 insidiis
725 919 1060 989 adversarium
1089 923 1292 984 perdere
1318 919 1478 989 magis
1506 937 1656 986 quam
1683 920 1879 987 fallere.
1909 919 2042 983 Quid

509 1002 635 1045 orco
661 997 739 1040 est
768 988 905 1055 quod
945 988 1044 1043 iste
1085 989 1286 1051 fugiens
1314 1005 1341 1041 a
1370 988 1503 1043 facie
1545 989 1671 1044 Sani
1713 989 1766 1042 in
1796 989 2041 1050 Spelunca

509 1056 699 1109 latuit?
741 1057 911 1124 Quare
940 1068 1111 1112 autem
1142 1060 1288 1112 latuit
1316 1097 1330 1119 ,
1361 1058 1457 1110 nisi
1492 1058 1546 1110 ut
1573 1059 1944 1121 occultaretur,
1991 1064 2044 1110 et

509 1140 610 1179 non
657 1126 1186 1193 inveniretur?Quid
1235 1138 1315 1181 est
1357 1131 1562 1196 contegi
1608 1128 1890 1194 spelunca,
1941 1126 2041 1180 nisi

506 1199 707 1258 contegi
735 1207 871 1251 terra
894 1197 920 1248 ’ν
959 1199 1056 1262 Οιιί
1085 1199 1220 1252 enim
1254 1196 1380 1256 fugit
1425 1199 1472 1250 in
1518 1197 1823 1261 speluncam
1851 1234 1866 1255 .
1904 1204 2040 1248 terra

505 1267 712 1332 tegitur,
747 1282 810 1318 ne
840 1268 1097 1320 videatur.
1141 1268 1386 1322 Portabat
1413 1275 1587 1319 autem
1620 1277 1810 1318 terram
1840 1263 1991 1317 Jesus
2021 1306 2036 1330 ,

503 1334 553 1386 id
584 1344 663 1387 est
690 1351 921 1400 carnem,
953 1351 1106 1405 quam
1138 1344 1411 1400 acceperat
1452 1337 1518 1389 de
1546 1348 1704 1399 terra,
1730 1344 1781 1386 et
1811 1333 1860 1385 in
1893 1349 1954 1386 ea
1983 1349 2040 1389 se

505 1405 838 1466 occultabat,
863 1420 927 1458 ne
955 1420 982 1457 a
1010 1406 1204 1459 Judmis
1234 1406 1574 1458 inveniretur.
1608 1405 1665 1455 Si
1695 1405 1824 1455 enim
1853 1419 2042 1469 cogno-

499 1473 973 1546 uissenttnunquam
993 1474 1254 1527 Dominum
1275 1475 1829 1546 gloritecrueiﬁxissent
1846 1471 1899 1541 (Ι
1916 1473 2035 1546 Cor,

503 1554 561 1612 ι).
589 1542 662 1612 8).
691 1542 861 1607 Quare
888 1558 1012 1608 ergo
1040 1542 1312 1596 Dominum
1340 1544 1519 1612 gloria!
1549 1557 1650 1596 non
1682 1543 2039 1612 invenerunt?

500 1609 629 1672 Quia
659 1614 907 1678 spelunca
932 1627 990 1666 se
1020 1622 1246 1674 texerat.
1280 1613 1329 1666 id
1347 1609 1454 1674 est,
1478 1613 1650 1666 carnis
1681 1611 2036 1665 infirmitatem

501 1680 664 1750 uculis
693 1681 1002 1748 objiciehat,
1033 1694 1086 1736 et
1127 1683 1456 1750 majestatem
1488 1681 1770 1734 divinitatis
1801 1681 2037 1750 corporis
2063 1717 2066 1719 -

501 1748 553 1800 in
581 1751 804 1814 tegmine
831 1759 1072 1817 tanquam
1102 1748 1364 1818 speluncae
1405 1751 1579 1804 abdito
1603 1750 1936 1817 contegebat;
1961 1748 2033 1802 llli

500 1832 625 1879 ergo
655 1836 754 1872 non
791 1833 1166 1888 cognoscentes
1197 1819 1358 1874 Deum
1385 1861 1399 1884 ,
1427 1821 1683 1887 persecuti
1713 1831 1834 1872 sunt
1862 1819 2031 1888 hoini-
2070 1829 2112 1887 Β

502 1902 642 1958 ncm.
674 1888 779 1942 Nec
808 1887 935 1943 meri
967 1890 1152 1958 potuit,
1186 1891 1281 1943 nisi
1313 1893 1361 1943 in
1395 1889 1639 1953 homine,
1682 1904 1778 1942 nec
1806 1887 2035 1955 crucifigi

501 1957 668 2020 putuit
698 1961 794 2012 nasi
838 1961 889 2012 in
938 1957 1169 2023 homine,
1215 1960 1330 2025 quia
1363 1974 1460 2012 nec
1490 1967 1671 2012 tenere
1720 1969 1896 2025 posset
1937 1958 2034 2010 nisi

498 2040 615 2077 cum
651 2025 880 2080 homine.
927 2030 1177 2094 Opposuit
1206 2042 1333 2097 ergo
1363 2029 1496 2081 male
1533 2027 1884 2097 quterentibus
1933 2035 2037 2079 ter-

499 2107 650 2158 ram,
676 2097 910 2166 servavit
941 2098 1071 2151 bene
1109 2096 1468 2166 quaerentibus
1506 2097 1686 2166 vitam.
1719 2096 1868 2160 Fugit
1911 2111 2036 2162 ergo

494 2164 779 2218 secundum
822 2181 1030 2221 carnem
1063 2164 1455 2233 in'speluncam
1485 2180 1513 2217 a
1552 2165 1680 2219 facie
1717 2167 1840 2219 Saul
1864 2207 1877 2226 ,
1913 2168 2029 2230 quia

498 2246 681 2294 passus
709 2238 807 2297 est,
844 2250 1006 2303 usque
1031 2237 1161 2290 adeo
1189 2249 1246 2289 se
1285 2237 1551 2289 occultans
1577 2235 1770 2288 ludatis
1790 2277 1805 2301 ,
1836 2244 1890 2287 ut
1921 2251 2031 2287 mo-

499 2312 718 2356 rerctur.
751 2303 853 2358 Sed
883 2322 1039 2370 quare
1070 2319 1231 2371 usque
1260 2306 1322 2357 ad
1355 2314 1573 2358 mortem
1603 2307 1765 2356 voluit
1794 2319 1910 2356 esse
1943 2319 2030 2369 pa-

492 2371 625 2423 tiens
646 2412 660 2435 ,
693 2382 750 2425 nt
779 2373 976 2437 fugeret
1006 2389 1032 2426 a
1082 2373 1210 2429 facie
1239 2375 1363 2428 Saul
1396 2375 1445 2427 in
1485 2374 1778 2438 spelunca?
1828 2374 2029 2426 Etenim

495 2443 760 2513 spelunca.
791 2444 1003 2498 inferior
1032 2460 1149 2513 pars
1179 2452 1331 2497 terra:
1362 2452 1535 2511 potest
1555 2442 1721 2513 accipi
1746 2459 1760 2505 ;
1787 2452 1838 2495 et
1864 2451 2027 2513 certe,

493 2511 630 2570 quod
657 2513 985 2567 manifestum
1015 2511 1093 2567 est
1115 2525 1165 2567 et
1195 2523 1374 2566 notum
1405 2512 1668 2577 omnibus,
1701 2527 1890 2576 corpus
1918 2511 2031 2576 ejus

491 2581 542 2630 in
592 2593 929 2635 monumento
978 2585 1200 2650 positum
1231 2593 1344 2646 est,
1392 2581 1529 2648 quod
1562 2589 1673 2633 erat
1710 2583 1943 2650 excisum
1979 2582 2026 2634 iu

491 2658 636 2708 retra
670 2666 684 2704 :
718 2650 814 2704 hoc
843 2648 1399 2717 ergo—monumentum
1442 2649 1687 2708 spelunca
1738 2659 1869 2702 erat.
1904 2648 2029 2702 llluc

491 2718 620 2783 fugit
649 2729 823 2772 noster
853 2720 1012 2772 David
1039 2735 1066 2772 a
1113 2720 1241 2773 facie
1265 2721 1408 2774 Saul.
1442 2719 1645 2772 Tandiu
1682 2721 1820 2771 enim
1855 2734 2027 2785 perse-

490 2787 595 2856 t'uti
619 2799 737 2840 sunt
766 2788 909 2842 illum
932 2789 1118 2856 .ludzei,
1151 2791 1491 2856 quoadusque
1519 2799 1801 2854 poneretur
1829 2789 1879 2840 in
1909 2803 2028 2851 spe-

492 2853 665 2909 lunca.
705 2858 806 2912 Sed
838 2860 958 2926 quid
990 2873 1070 2913 est
1105 2853 1251 2926 quod
1301 2853 1423 2914 Saul
1467 2853 1768 2925 persecutor
1795 2859 1859 2910 ad
1907 2873 2026 2921 βυτ·

489 2926 712 2995 standum
758 2939 988 2982 ventrem
1035 2933 1336 2995 speluncam
1389 2927 1695 2995 ingreditur,
1744 2926 1841 2978 nisi
1888 2927 2023 2993 quod

489 2993 653 3049 Judaei
684 2996 732 3048 in
760 2995 1024 3062 Christum
1055 2993 1357 3062 conceptam
1387 2993 1576 3049 mentis
1602 2996 1850 3047 malitiam
1876 2998 2023 3063 quasi

489 3065 703 3119 odorem
732 3066 941 3118 fetidum
968 3067 1272 3130 emiserunt,
1301 3075 1349 3119 et
1375 3067 1596 3132 cogitata
1623 3065 1757 3133 apud
1784 3080 1846 3119 se
1870 3066 2021 3118 noxia

2157 568 2316 646 Deum
2342 568 2865 646 perincfeululitalem
2884 568 3161 646 gerebant.
3187 568 3388 631 Deinde
3411 591 3460 632 et
3487 580 3698 646 ingres-

2143 653 2231 717 sus
2255 643 2594 717 victorltavid
2610 654 2797 717 noster
2823 645 2888 699 de
2910 645 3319 717 castriseorum,
3344 657 3396 700 et
3425 643 3705 717 regressus

2144 714 2466 766 transcendit
2494 716 2546 767 in
2573 714 2901 768 altitudinem
2947 715 3138 769 montis
3165 716 3446 770 calorum.

2698 820 2919 878 CAPUT
2965 820 3125 876 XVII.

2467 890 2758 945 Amalecitce
2785 909 2815 944 a
2843 892 3036 945 Decide
3056 902 3374 958 superantur.

2210 971 2411 1049 interea
2439 980 2632 1045 fugiens
2659 977 2845 1044 David,
2873 981 2993 1031 dum
3018 990 3237 1049 pergeret
3258 997 3371 1032 cum
3399 981 3550 1034 Achis
3574 998 3698 1049 rege

2142 1042 2560 1120 Philisthiuorum
2589 1049 2640 1120 in
2667 1042 2894 1120 praelium
2929 1042 3357 1120 aduersusfsrael
3375 1090 3394 1114 ,
3425 1042 3696 1120 insurgen-

2142 1121 2211 1165 tes
2259 1115 2543 1167 Amaleeitte
2584 1118 2836 1169 irruerunt
2879 1119 2930 1170 in
2974 1117 3195 1171 Siceleclt
3220 1158 3234 1180 ,
3283 1129 3329 1171 et
3372 1115 3695 1173 succident”

2139 1197 2271 1248 eam,
2332 1187 2695 1252 captivaverunt
2721 1188 2888 1238 omnia
2914 1198 3028 1252 quia
3053 1195 3193 1238 erant
3235 1186 3394 1239 Dauid
3419 1200 3463 1239 et
3499 1205 3691 1253 puero-

2139 1266 2252 1323 rum
2283 1254 2411 1322 ejus.
2447 1253 2686 1323 Reversus
2710 1271 2826 1323 ergo
2857 1254 3018 1306 David
3043 1257 3109 1306 ad
3142 1258 3504 1323 persequendos
3533 1258 3696 1312 ΑΜ-

2140 1319 2332 1392 Ιςεὶιαὲ,
2362 1323 2546 1374 invenit
2575 1319 2874 1392 Egyp'ium
2912 1339 3120 1387 pio-rum
3145 1319 3506 1387 lasseseentem,
3538 1343 3692 1391 quens

2140 1389 2698 1460 Antalecittewgrotuni
2717 1389 2769 1444 in
2798 1393 2971 1444 itinere
2995 1395 3292 1460 reliquerant
3319 1410 3338 1445 :
3363 1394 3496 1445 hunc
3521 1389 3691 1448 autem

2137 1458 2388 1530 invenmnt
2416 1458 2574 1530 David
2596 1463 2914 1530 cibo-refecit,
2940 1458 3210 1530 ducemque
3228 1464 3306 1514 sui
3332 1464 3529 1515 itineris
3551 1467 3689 1530 fecit,

2137 1528 2304 1598 sict/ue
2330 1528 2631 1581 Ama/cenas
2659 1528 2985 1598 persequitur,
3013 1528 3366 1597 epulantesque
3393 1528 3577 1592 reperit
3597 1574 3610 1592 ,
3638 1543 3693 1586 et

2139 1597 2365 1668 funditus
2412 1599 2700 1665 exstinguit.
2754 1599 2884 1665 Quid
2933 1609 3013 1652 est
3061 1602 3199 1652 enim
3242 1602 3378 1667 quod
3428 1600 3693 1668 Egyptus

2139 1667 2446 1719 Amalecitai
2475 1683 2600 1733 pm-r
2626 1670 2674 1720 in
2705 1669 2887 1719 itinere
2915 1669 3156 1729 lassatur,
3187 1670 3286 1721 nisi
3314 1673 3453 1736 quod
3481 1667 3688 1723 amator

2140 1737 2418 1800 praesentis
2446 1738 2622 1790 sa-culi
2654 1738 2847 1802 peccati
2871 1738 2946 1788 sui
2980 1738 3251 1805 nigredine
3275 1749 3511 1802 opertus,
3541 1753 3686 1803 saepe

2141 1805 2206 1855 ah
2235 1805 2422 1857 eodem
2451 1805 2644 1858 saecqu
2675 1807 2913 1858 infirmus
2939 1808 3319 1879 despectusque
3351 1809 3682 1879 relinquitur,

2140 1883 2197 1943 ut
2238 1888 2355 1925 cmn
2386 1888 2449 1926 eo
2489 1889 2813 1942 nequaquam
2844 1890 3058 1927 currere
3099 1876 3302 1943 valeat,
3354 1878 3448 1928 sed
3491 1876 3686 1929 fractus

2137 1942 2449 1995 adversitate
2480 1952 2739 2009 torpescat
2761 1945 2781 1995 ?
2807 1945 2910 1997 Sed
2949 1948 3081 1999 hunc
3115 1944 3272 1996 David
3306 1944 3532 2009 invenit,
3563 1947 3681 2010 quia

2138 2011 2457 2078 Redemptor
2507 2023 2685 2065 noster
2731 2015 2983 2066 veraciter
3013 2029 3164 2064 manu
3209 2015 3395 2075 fortis,
3440 2029 3681 2068 nonnun-

2084 2113 2089 2118 -
2135 2095 2291 2145 quam
2322 2094 2454 2149 quos
2481 2081 2754 2147 despectos
2784 2099 2809 2132 a
2844 2083 3018 2134 mundi
3049 2082 3208 2147 gloria
3239 2085 3468 2143 reperit,
3501 2083 3600 2136 hos
3629 2086 3681 2136 in

2136 2164 2232 2200 suo
2260 2165 2439 2202 amore
2459 2151 2734 2202 convertit.
2765 2152 2893 2202 Cibo
2917 2153 3100 2216 pascit,
3134 2151 3254 2216 quia
3286 2153 3432 2204 verbi
3462 2153 3683 2205 scientia

2138 2220 2324 2270 reficit.
2361 2219 2551 2272 Ducem
2585 2221 2786 2272 itineris
2818 2220 2978 2287 eligit.
3009 2234 3129 2287 quia
3164 2234 3314 2272 suum
3358 2225 3521 2272 etiam
3553 2234 3683 2287 pra.

2134 2287 2417 2357 dicatnrem
2452 2288 2594 2340 facit.
2619 2289 2689 2357 Ει
2716 2290 2801 2355 qui
2837 2290 3153 2354 Atnalccitas
3182 2289 3330 2357 sequi
3360 2304 3467 2341 non
3489 2292 3681 2356 —valuit,

2132 2356 2236 2408 dux
2290 2357 2447 2409 David
2493 2356 2761 2410 efficitur:
2805 2360 2923 2425 quia
2955 2359 2998 2410 is
3027 2373 3184 2426 queui
3235 2356 3375 2411 velut
3416 2359 3684 2426 indignum

2139 2427 2364 2477 mundus
2388 2426 2639 2489 deseruit,
2670 2442 2772 2480 non
2804 2430 2970 2479 solum
2997 2441 3280 2479 conversus
3311 2430 3360 2477 in
3387 2441 3484 2478 sua
3515 2440 3685 2481 tuente

2138 2493 2298 2564 Deum
2330 2496 2547 2562 recipit,
2579 2495 2671 2548 sed
2700 2496 3037 2562 pradicando
3069 2498 3203 2547 hunc
3230 2498 3389 2548 etiam
3423 2512 3588 2564 usque
3617 2497 3681 2549 ad

2127 2563 2298 2616 aliena
2346 2565 2502 2617 corda
2555 2565 2808 2630 perducit.
2862 2565 2974 2631 Quo
3012 2565 3250 2618 videlicet
3292 2565 3426 2618 duce
3458 2605 3473 2621 .
3506 2563 3681 2618 David

2132 2631 2474 2689 Amalecitam
2501 2636 2866 2688 convivantem
2898 2637 3095 2686 invenit
3127 2644 3179 2687 et
3203 2634 3529 2699 exstinguit,
3564 2635 3676 2700 quia

2127 2701 2253 2762 ipsis
2301 2702 2563 2756 Christum
2615 2703 3017 2770 praedicantibus
3073 2704 3254 2763 rutundi
3307 2704 3547 2756 thitiam
3593 2705 3682 2758 de-

2127 2772 2302 2836 struit,
2335 2786 2466 2839 quos
2495 2774 2717 2825 mundus
2745 2775 2963 2825 comites
2995 2772 3188 2826 habere
3216 2773 3484 2841 despexit.

2675 2882 2897 2936 CAPUT
2939 2881 3121 2935 XVIII.

2510 2971 2638 3025 Saul
2670 2970 3025 3040 Pythonissam
3050 2971 3284 3026 consulit.

2195 3057 2316 3138 Post
2362 3069 2570 3141 mortem
2624 3070 2792 3141 autem
2841 3059 3094 3141 suntuelis
3130 3063 3460 3141 _cq\ngre~gatis
3517 3060 3681 3116 Plrif’s-

489 3135 638 3220 fuctis
666 3134 868 3220 deterio
899 3136 1008 3187 ihns
1031 3176 1046 3200 ,
1069 3128 1494 3220 '(‘ItlttlICllriS‘ttlfn
1539 3128 1802 3220 perimunt
1827 3145 2022 3220 losten-
2054 3153 2102 3220 ο
2129 3128 2296 3178 siluit"
2317 3140 2488 3220 ξῼξιηζα
2515 3129 2694 3220 {fr-761..
2723 3131 2980 3220 ξοηδιξιιιίῑ
2998 3129 3140 3220 (ξαιίι
3167 3128 3446 3220 ,ροξξιίίιξηπ
3473 3171 3490 3194 ν
3511 3143 3556 3184 ει
3583 3149 3684 3184 ποι

488 3201 680 3254 derunt
709 3221 720 3254 :
749 3205 840 3256 scd
872 3213 1039 3257 tamen
1069 3205 1225 3258 David
1257 3205 1463 3258 Saulem
1490 3204 1727 3256 occidere
1756 3203 1941 3265 noluit,
1975 3213 2027 3256 et

490 3287 610 3323 cum
638 3287 756 3324 cum
789 3274 838 3325 in
870 3274 1046 3325 abdito
1087 3276 1378 3327 occultatus
1407 3284 1556 3324 antro
1597 3272 1813 3324 haberet
1856 3273 1907 3323 in
1941 3288 2032 3338 po-

493 3349 696 3403 testate,
729 3357 999 3395 reservare
1029 3345 1200 3410 potius
1228 3357 1382 3409 quam
1427 3340 1667 3393 occidere
1700 3342 1880 3394 maluit
1911 3358 1922 3392 :
1959 3343 2032 3393 ita

491 3420 546 3460 et
573 3410 812 3463 (lliristus
832 3412 967 3470 ,dum
998 3420 1137 3464 esset
1165 3412 1215 3463 in
1246 3413 1491 3478 spelunca
1536 3410 1708 3463 carnis
1733 3450 1747 3473 ,
1790 3425 2034 3478 persecu-

491 3485 656 3530 torem
687 3481 930 3547 populum
962 3480 1012 3533 in
1061 3489 1316 3547 potestate
1356 3482 1526 3531 halmit
1555 3517 1569 3541 ,
1600 3489 1652 3532 et
1681 3494 1782 3533 non
1815 3479 2034 3532 occidit.

489 3548 751 3614 Scriptum
779 3552 916 3603 enim
947 3558 1059 3604 erat
1083 3550 1148 3602 de
1177 3551 1252 3603 eis
1284 3565 1373 3616 per
1404 3550 1710 3614 pmphetam
1743 3565 1756 3598 :
1791 3547 1874 3599 Ne
1903 3549 2038 3599 occi-

488 3617 622 3670 deris
647 3634 747 3672 eos.
777 3619 995 3674 Tantum
1036 3619 1256 3685 denique
1303 3619 1460 3670 David
1491 3616 1842 3668 summitatem
1887 3617 2033 3669 chla-

495 3687 664 3753 invdis
692 3688 806 3755 ejus
847 3690 1060 3741 silenter
1087 3687 1305 3741 abscidit
1329 3725 1344 3749 ,
1376 3695 1432 3738 ut
1460 3686 1760 3739 ostenderet
1788 3700 1880 3754 per
1911 3701 2032 3755 pro-

492 3754 728 3820 phetiam
767 3757 1030 3810 Christum
1071 3758 1281 3811 Judajos
1325 3770 1427 3809 non
1476 3755 1773 3821 occidisse,
1820 3755 1909 3807 sed
1959 3754 2034 3807 eis

493 3834 694 3895 tantum
741 3829 880 3895 regni
911 3826 1125 3890 gloriam
1157 3827 1431 3879 abstulisse
1455 3868 1468 3888 ,
1501 3825 1681 3895 sicque
1722 3838 1812 3895 eus
1840 3836 2035 3895 vacuos

494 3894 620 3946 sede
650 3895 727 3945 vel
770 3892 988 3962 ititperio
1027 3897 1318 3961 reliquisse.
1361 3892 1674 3962 Clilamydis
1691 3893 1830 3962 enim
1866 3892 2037 3962 absci-

488 3961 588 4023 sio,
623 3963 764 4030 regni
805 3960 882 4016 est
911 3960 1194 4026 amputatio
1225 3982 1236 4014 :
1273 3963 1369 4016 hoc
1410 3965 1566 4015 etiam
1611 3960 1714 4013 alio
1743 3960 1858 4012 loco
1896 3960 2032 4030 idem

493 4032 616 4084 Saul
644 4029 759 4085 cum
789 4047 878 4100 per
907 4034 1306 4086 inobedieutiam
1336 4040 1601 4097 peccasset
1625 4031 1870 4082 ostendit.
1904 4029 2032 4085 Nam

494 4116 610 4154 cum
642 4103 846 4155 veniam
879 4113 1179 4170 precaretur
1211 4110 1517 4169 rogaretque
1545 4100 1840 4151 Samue'em
1873 4109 1928 4170 ut
1952 4114 2036 4152 re-

493 4183 782 4225 verteretur
807 4169 922 4225 cum
955 4173 1043 4225 illo
1071 4172 1133 4223 ad
1168 4172 1473 4239 placandum
1507 4170 1666 4222 Deum
1691 4208 1710 4234 ,
1739 4177 1794 4220 et
1835 4169 2037 4220 noluis-

492 4249 574 4291 sct
600 4279 613 4299 ,
657 4251 809 4307 atque
838 4250 1148 4294 convertens
1192 4241 1376 4292 faciem
1425 4252 1580 4307 suam,
1620 4240 1828 4298 abiret,
1871 4241 2039 4291 tenuit

492 4311 614 4360 Saul
650 4306 910 4376 pitiuulam
957 4309 1250 4361 vestimenti
1292 4310 1403 4374 ejus
1430 4347 1443 4367 ,
1475 4318 1526 4359 et
1555 4306 1752 4373 dirupit
1790 4321 1905 4358 eam
1933 4345 1949 4370 ,
1973 4316 2038 4376 ιι

495 4380 624 4430 dixit
652 4375 724 4430 ad
756 4393 873 4432 eum
904 4377 1111 4431 Samuel
1147 4394 1158 4427 :
1195 4377 1390 4442 Dirupit
1434 4376 1675 4427 Dominus
1714 4392 1920 4444 regnum
1956 4375 2038 4427 ls-

492 4450 596 4497 sael
624 4449 684 4498 de
712 4463 863 4498 manu
893 4458 977 4498 tua
1005 4446 1170 4508 hodie,
1198 4457 1242 4497 et
1278 4446 1412 4495 dabit
1442 4444 1569 4495 illud
1600 4445 1828 4510 proximo
1855 4454 1962 4505 tuo,
1991 4453 2036 4496 et

433 4558 445 4568 .
497 4515 741 4567 dividetur
773 4518 934 4570 Israel
979 4518 1027 4567 in
1061 4520 1186 4567 duos
1231 4516 1461 4580 populos.
1510 4513 1644 4575 Ergo
1677 4513 1881 4565 lsraelis
1921 4529 2038 4579 per-

493 4600 674 4636 sonant
707 4587 924 4653 ﬁgurate
952 4586 1170 4650 gerebat
1207 4600 1296 4637 rex
1340 4585 1466 4645 iste,
1508 4584 1594 4648 qui
1629 4583 1847 4648 populus
1877 4585 2039 4636 amis-

497 4669 649 4708 surus
676 4665 788 4708 erat
817 4670 1054 4721 regnum,
1089 4658 1208 4706 dum
1252 4653 1576 4720 persequitur
1606 4653 1895 4705 Christum.

1065 4759 1285 4815 CAPUT
1323 4761 1458 4814 XVI.

707 4831 901 4896 David,
936 4831 1209 4883 dornneute
1245 4831 1432 4892 Saule,
1467 4832 1659 4880 hastam
1691 4829 1822 4880 tulit.

570 4923 716 4986 Quod
773 4932 825 4976 et
875 4931 1154 4989 sequenter
1213 4920 1401 4970 iterum
1455 4917 1864 4989 demonstratum
1919 4927 2037 4975 est.

424 5029 425 5032 η
502 4993 707 5060 quando
735 4990 868 5042 idem
902 4987 1064 5042 David
1097 4991 1288 5060 fugiens
1313 5005 1343 5039 a
1381 4988 1508 5060 facie
1541 4987 1670 5060 Saul
1698 4989 1947 5054 ingressus
1969 4995 2040 5037 cst

498 5057 547 5111 in
580 5068 744 5110 castra
772 5061 918 5126 regis.
956 5060 1079 5111 Cum
1120 5057 1444 5111 dormientem
1476 5057 1756 5115 invenisset,
1803 5071 1899 5105 non
1931 5071 2038 5120 pcr-

499 5137 651 5183 eussit
678 5173 690 5193 ,
725 5125 1026 5180 nonoccidit
1059 5145 1076 5180 :
1102 5130 1186 5180 sed
1213 5127 1370 5179 solam
1401 5128 1623 5177 lanceam
1648 5166 1662 5185 ,
1693 5139 1804 5190 qua!
1843 5135 1946 5174 crat
1975 5125 2042 5174 ad

497 5210 644 5270 caput
672 5202 799 5270 ejus,
826 5210 870 5248 ct
896 5200 1184 5270 lenticttlum
1207 5195 1426 5270 sustulit,
1453 5196 1808 5270 dormientibus
1830 5196 2038 5270 cunctis.

503 5265 842 5338 Egressiisque
870 5268 929 5317 de
967 5266 1163 5338 castris
1186 5267 1405 5338 transivit
1447 5265 1510 5313 in.
1542 5265 1795 5313 cacumine
1838 5265 2037 5338 montis.

497 5332 627 5402 Quid
678 5332 802 5408 σεο
837 5340 930 5388 hoc
964 5335 1089 5408 est?
1133 5332 2038 5408 Persequehantur_namqueChri-

500 5400 633 5459 stum
663 5400 849 5470 Judaei,
883 5406 972 5458 sed
1007 5409 1367 5468 persequendo
1393 5400 1752 5470 dormiebant,
1788 5400 1902 5470 quia
1938 5416 2038 5451 nutu

500 5478 775 5543 vigilabant
808 5467 984 5528 corde.
1010 5467 1208 5526 Duritia
1241 5469 1376 5518 enim
1407 5467 1578 5543 cordis
1600 5469 1914 5543 ululormitio
1935 5479 2036 5522 est.

506 5537 772 5599 Itin-miunt
803 5547 851 5596 in
883 5547 1036 5593 vitam
1064 5550 1314 5600 veterem,
1348 5549 1449 5588 non
1479 5537 1727 5601 evigilant
1754 5539 1803 5588 in
1831 5552 2036 5589 Itovatn.

505 5616 653 5667 \eni't
699 5615 933 5667 Christus
961 5653 975 5674 ,
1023 5625 1124 5661 non
1169 5622 1258 5659 eos
1287 5605 1472 5658 occidit
1503 5647 1514 5668 ,
1562 5606 1650 5666 sed
1702 5606 1817 5656 tulit
1862 5606 1927 5657 ah
1964 5621 2040 5658 eis

506 5685 751 5749 scyphum
782 5700 947 5748 aqtta',
984 5681 1029 5730 Id
1059 5689 1133 5730 est
1165 5677 1377 5745 gratiam
1409 5678 1552 5743 legis.
1585 5675 1923 5749 Tulitregale
1956 5691 2039 5725 te-

503 5745 624 5819 δάι’,
661 5753 746 5804 sed
783 5745 1113 5821 potestatem,
1149 5762 1299 5814 quant
1332 5762 1422 5814 pro
1451 5763 1634 5814 magno
1664 5745 1956 5805 habebant,
1990 5753 2041 5796 ct

2130 3199 2388 3262 respondit
2419 3199 2480 3251 ei.
2516 3199 2752 3259 Quwsivit
2795 3208 2961 3249 autem
2993 3199 3120 3251 Saul
3159 3197 3540 3264 Pytlionissain,
3571 3217 3682 3267 qua

2133 3267 2391 3317 suscitaret
2433 3268 2476 3318 ei
2524 3268 2813 3320 Samuelem
2841 3282 2858 3320 :
2885 3269 3150 3332 statimque
3189 3270 3458 3322 suscitatus
3500 3271 3569 3321 ait
3613 3271 3678 3322 ad

2132 3350 2264 3394 cum,
2312 3336 2475 3397 Quare
2512 3335 2797 3400 inquietasti
2839 3353 2915 3388 me
2959 3344 3012 3386 ut
3056 3337 3373 3391 suscitaret?
3420 3340 3685 3402 Qucritur

2135 3405 2420 3455 secundum
2455 3404 2725 3457 histodatn
2747 3445 2760 3465 ,
2795 3417 2963 3456 utrum
2996 3405 3306 3474 Pythonissa
3341 3408 3513 3473 ipsum
3560 3422 3675 3472 pro-

2135 3476 2340 3536 phetam
2371 3477 2437 3525 de
2475 3477 2678 3524 interno
2701 3475 3021 3538 evocaverit,
3064 3488 3130 3525 an
3171 3476 3400 3541 aliquam
3430 3478 3678 3541 imaginao

2134 3541 2261 3592 riam
2293 3541 2584 3592 illusionem
2633 3541 2834 3593 fallacia
2870 3544 3166 3595 daemonum
3215 3545 3426 3596 factam.
3476 3544 3550 3596 De
3575 3559 3675 3610 qua

2133 3612 2424 3680 quastione
2480 3610 2667 3680 beatas
2699 3613 2963 3664 memoriae
3016 3612 3340 3677 Augustinus
3406 3612 3676 3680 episc0pus

2133 3678 2469 3745 Simpliciano
2494 3718 2508 3741 ,
2560 3679 2930 3733 Mediolaueusi
2975 3682 3262 3747 episcopo,
3303 3681 3373 3734 ita
3423 3678 3631 3748 scripsit
3658 3700 3674 3733 :

2141 3765 2158 3795 ι
2193 3748 2435 3813 Inquiris,
2465 3749 2697 3814 inqnatn.
2730 3760 2899 3801 utrum
2931 3749 3154 3814 potuerit
3184 3749 3443 3818 malignus
3466 3753 3681 3816 spiritus

2135 3817 2364 3868 excitare
2393 3818 2619 3868 animam
2653 3818 2807 3882 justi,
2843 3828 2895 3870 et
2926 3829 3168 3884 tanquam
3206 3819 3269 3871 de
3306 3817 3503 3873 abditis
3544 3835 3676 3870 mor-

2139 3894 2344 3935 tuorum
2376 3887 2718 3951 receptaculis
2747 3902 2995 3947 evocare,
3030 3896 3084 3938 ut
3111 3887 3378 3946 videretur
3407 3900 3462 3940 et
3499 3888 3676 3955 loque-

2139 3963 2282 4024 retur
2319 3968 2436 4024 cum
2478 3955 2623 4007 Saul.
2672 3955 2853 4008 Nonne
2897 3959 3061 4022 magis
3095 3957 3388 4008 mirandum
3428 3957 3494 4009 sit
3540 3957 3674 4024 quod

2136 4022 2355 4075 Satanas
2403 4023 2570 4090 ipsum
2624 4024 2898 4078 Dominum
2944 4027 3264 4089 assumpsit,
3313 4035 3365 4077 et
3410 4022 3677 4080 constituit

2136 4105 2291 4161 supra
2332 4093 2538 4158 pinnam
2568 4093 2790 4160 templi?
2829 4095 3072 4158 Quolibet
3105 4095 3244 4146 enim
3273 4093 3429 4146 modo
3459 4096 3635 4149 fecerit
3657 4136 3676 4161 ,

2137 4159 2329 4212 factum
2364 4171 2441 4213 est
2475 4179 2486 4211 :
2520 4164 2588 4213 ita
2621 4159 2756 4216 utet
2793 4163 3001 4215 Samuel
3029 4162 3389 4223 suscitaretur,
3437 4159 3676 4218 similiter

2140 4233 2280 4282 latet.
2311 4229 2416 4282 Nisi
2445 4229 2580 4283 forte
2601 4232 2718 4298 quis
2742 4232 2950 4292 diXerit,
2982 4231 3267 4282 faciliorem
3294 4231 3492 4285 diaboli
3521 4233 3680 4287 fuisse

2138 4299 2401 4351 licentiam
2425 4300 2486 4349 ad
2515 4300 2793 4352 Dominum
2824 4301 3020 4362 vivum,
3052 4304 3188 4352 unde
3215 4301 3379 4353 νυιυὶι
3407 4316 3676 4354 assumen-

2139 4368 2285 4430 dum,
2306 4378 2358 4420 et
2379 4368 2463 4418 ubi
2486 4369 2651 4420 voluit
2678 4368 3121 4434 constituendum,
3144 4383 3298 4435 quam
3328 4369 3391 4420 ad
3419 4370 3674 4423 Samuelis

2141 4437 2368 4488 defuncti
2411 4439 2646 4504 spir.tmn
2679 4452 2707 4488 e
2743 4440 2849 4492 suis
2886 4440 3093 4491 sedibus
3122 4440 3480 4490 excitandum.
3532 4440 3677 4505 Quod

2145 4506 2187 4555 si
2220 4505 2342 4555 illud
2374 4507 2422 4556 in
2468 4507 2746 4572 Evangelia
2788 4523 2882 4559 nos
2914 4509 3029 4558 ideo
3073 4522 3175 4558 non
3206 4511 3488 4560 conturbat
3512 4549 3526 4566 ,
3558 4525 3673 4574 quia

2147 4574 2395 4626 Dutninns
2430 4575 2587 4626 voluit
2637 4585 2790 4641 atque
2830 4577 3102 4642 permisit,
3150 4577 3288 4628 nulla
3332 4577 3674 4630 diminutione

2143 4657 2252 4695 sua:
2297 4646 2562 4708 potestatis
2591 4654 2643 4696 et
2671 4646 2954 4695 divinitatis
2995 4645 3042 4695 id
3085 4645 3191 4696 fieri
3218 4683 3231 4706 ,
3280 4647 3418 4698 sicut
3443 4647 3510 4696 ab
3553 4648 3674 4709 ipsis

2142 4710 2334 4764 Judatia
2357 4728 2647 4778 quanquam
2674 4716 2932 4779 perversis
2959 4723 3114 4781 atque
3135 4716 3440 4776 immundis,
3464 4724 3517 4765 et
3542 4716 3674 4766 facta

2142 4782 2332 4831 diaboli
2363 4781 2692 4842 facientibus,
2723 4790 2774 4832 et
2806 4782 2968 4835 teneri
2999 4799 3075 4844 se,
3108 4792 3159 4834 et
3187 4782 3396 4845 vinciri,
3425 4792 3476 4832 et
3507 4783 3670 4846 illudi,

2141 4858 2193 4918 et
2220 4851 2450 4916 crucifigi
2480 4860 2633 4912 atque
2664 4851 2881 4903 interfici
2913 4867 3096 4918 passus
3123 4863 3220 4909 οδε,
3253 4864 3357 4901 non
3386 4863 3466 4902 (εει
3494 4853 3672 4903 absur-

2142 4915 2264 4987 dum
2286 4915 2500 4968 medere
2524 4935 2585 4970 ex
2613 4919 2780 4986 aliqua
2808 4915 3194 4987 dispensatione
3219 4918 3408 4970 divina:
3435 4921 3669 4972 volunta-

2144 4984 2207 5034 tis
2237 4988 2544 5050 permissunt
2583 4984 2742 5040 fuisse
2768 4997 2824 5040 ut
2865 4984 2967 5040 non
3012 4989 3202 5039 invitus
3237 5002 3333 5039 nec
3375 4990 3672 5042 dominante

2144 5055 2336 5124 magica
2370 5060 2594 5124 potentia
2616 5097 2631 5115 ,
2661 5058 2750 5109 sed
2788 5059 3155 5122 volens-atque
3197 5057 3562 5124 obtemperans
3586 5073 3674 5111 oc-

2142 5122 2294 5192 cultae
2331 5122 2700 5188 oispensationi
2749 5126 2858 5185 Dei,
2887 5141 3000 5191 qme
3048 5122 3410 5192 Pythonissam
3459 5129 3671 5180 illamet

2140 5189 2347 5242 Saulem
2382 5193 2588 5256 latebat,
2619 5196 2830 5259 Spiritus
2861 5189 3126 5260 prophetia
3160 5196 3324 5248 sancti
3345 5210 3404 5248 se
3432 5196 3668 5248 ostende-

2143 5269 2218 5309 ret
2248 5261 2537 5322 aSpectilms
2568 5266 2721 5330 regis,
2751 5263 2922 5313 divina
2952 5277 3070 5314 eum
3115 5267 3368 5316 sententia
3400 5279 3667 5330 percussu-

2140 5341 2258 5399 rus.
2278 5331 2577 5394 Quanquam
2607 5332 2656 5382 iu
2687 5334 2782 5383 hoc
2813 5332 2948 5384 facto
2975 5343 3141 5399 potest
3171 5348 3286 5385 esse
3315 5333 3450 5384 alius
3475 5333 3672 5385 facilior

2143 5398 2450 5459 intellectus,
2481 5414 2530 5450 ut
2558 5415 2659 5450 non
2687 5416 2810 5452 vere
2837 5398 3075 5468 Spiritum
3105 5402 3366 5453 Samuelis
3385 5405 3668 5455 excitatum

2140 5480 2166 5536 a
2200 5469 2377 5532 requie
2402 5484 2506 5536 sua
2539 5471 2839 5536 credamus,
2874 5471 2965 5524 sed
3013 5471 3214 5536 aliquod
3248 5472 3587 5534 phantasma,
3619 5481 3674 5525 et

2142 5534 2496 5599 imaginariam
2543 5534 2834 5595 iliusionetu
2863 5541 3053 5592 diaboli
3083 5534 3551 5593 machinationibus
3595 5542 3674 5593 fa-

2139 5615 2296 5652 ctam.
2331 5609 2492 5666 Quam
2535 5621 2806 5672 propterea
2853 5611 3117 5673 Seriptura
3163 5611 3374 5662 nomine
3416 5613 3674 5664 Samuelis

2140 5673 2384 5746 appellat,
2415 5674 2534 5746 quia
2566 5683 2732 5731 solent
2762 5683 3010 5746 imagines
3039 5693 3215 5730 earum
3247 5693 3421 5732 rerum
3452 5685 3671 5735 uomitth

2144 5740 2235 5792 bus
2283 5745 2522 5808 appellari
2558 5762 2771 5814 quarum
2823 5740 3071 5815 imagines
3110 5757 3245 5801 sunt.
3295 5749 3384 5805 διε
3413 5765 3462 5806 et
3500 5763 3671 5806 omnia
