3914 6228
179 379 276 431 ΔΗ

1013 380 1456 448 QUASSTIONES
1495 382 1556 435 IN
1597 377 1832 435 LIBROS
1874 383 2125 437 RECUM.
2169 415 2232 425 —
2265 385 2389 438 Llli.
2419 385 2476 436 ll.

3249 386 3353 440 N1

183 507 302 554 quae
332 494 608 558 ninguitur
651 504 805 561 atque
835 494 1113 558 tinguntur,
1159 509 1337 547 earum
1384 511 1556 547 rerum
1589 511 1715 559 qua-
1747 494 1790 550 A
1821 496 1881 546 lis
1914 496 1963 546 in
1994 495 2270 559 Evangelio
2299 496 2514 562 legimus
2539 538 2554 556 ,
2587 509 2703 547 eum
2735 489 3176 560 inter'superbum
3205 498 3346 552 illum

185 577 302 613 tum
330 562 580 627 imagines
609 570 748 623 sunt,
797 563 1090 615 nominibus
1131 565 1471 628 appellantur.
1509 565 1594 618 Sic
1626 564 1712 616 ho-

182 630 342 681 minis
375 631 566 685 tictura
610 646 725 683 cum
771 632 1008 695 ﬁngitur,
1048 634 1308 698 proprium
1345 635 1584 699 quodque
1624 649 1712 682 no-

182 715 306 749 men
353 701 712 752 incunctanter
738 701 1034 760 adhibetur,
1062 710 1113 752 et
1154 701 1377 752 dicitur:
1413 701 1502 752 llle
1530 703 1712 754 Cicero

180 777 265 817 est
291 808 306 828 ,
340 769 424 819 ille
451 767 746 832 Sallustius,
796 771 882 820 ille
925 770 1185 827 Achilles.
1235 770 1316 820 ille
1354 770 1540 821 llertor
1572 788 1581 821 :
1616 769 1713 819 hoc

180 834 375 887 ﬂumen
403 836 614 898 Simois,
643 838 727 887 illa
757 838 914 890 Roma
935 876 950 898 ,
979 853 1095 890 cum
1119 839 1254 890 aliud
1278 838 1402 889 nihil
1431 843 1535 890 sint
1555 853 1710 904 quam

180 907 332 965 pictai
364 904 632 966 imagines.
661 905 808 958 Unde
834 919 882 957 et
907 905 1169 960 Cherubin
1196 921 1312 959 cum
1342 906 1446 958 sint
1471 909 1711 958 caelestes

176 977 418 1031 virtutes.
453 973 554 1024 licti
586 984 755 1027 tamen
783 990 843 1026 ex
877 977 1114 1037 metallo,
1143 991 1244 1040 quo
1273 975 1547 1040 imperavit
1577 975 1714 1026 Deus

175 1056 340 1104 super
368 1058 539 1093 aream
571 1045 863 1095 testamenti
888 1084 901 1102 ,
936 1060 1134 1110 magna:
1166 1044 1236 1097 rei
1278 1054 1328 1093 et
1358 1043 1713 1107 significanda:

173 1111 347 1172 gratia
381 1126 395 1161 :
435 1125 537 1161 non
567 1109 702 1162 aliud
729 1126 884 1179 quam
914 1109 1179 1164 Cherubin
1205 1152 1219 1173 ,
1270 1111 1354 1164 illa
1385 1126 1588 1176 quoque
1621 1111 1714 1176 lig-

171 1190 354 1231 menta
404 1180 735 1232 vocabantur.
783 1181 906 1233 ltcm
953 1180 1073 1232 dum
1127 1181 1344 1246 quisque
1391 1182 1531 1233 videt
1577 1193 1716 1231 som-

173 1248 344 1317 nium,
375 1263 473 1298 non
505 1247 649 1309 dicit,
682 1249 791 1301 Vidi
823 1250 1099 1317 imaginem
1136 1249 1406 1316 Augustini
1443 1266 1454 1299 :
1487 1250 1576 1300 sed
1611 1247 1713 1299 vidi

173 1316 523 1378 Augustinum
558 1332 570 1366 :
602 1330 719 1368 eum
768 1332 831 1370 eo
861 1316 1095 1384 tempore
1119 1333 1222 1384 quo
1256 1317 1445 1384 aliquid
1495 1319 1597 1369 tale
1625 1318 1717 1368 ali-

170 1386 296 1450 quis
346 1385 510 1446 vidit,
548 1387 807 1451 ignoraret
849 1389 948 1436 hoc
991 1389 1328 1451 Augustinus.
1372 1385 1547 1452 Usque
1587 1385 1718 1438 adeo

179 1454 515 1506 manifestum
546 1465 654 1514 est,
682 1470 782 1505 non
811 1456 951 1520 ipsos
978 1455 1233 1518 homines,
1264 1455 1354 1507 sed
1381 1469 1560 1506 eorum
1592 1453 1712 1505 ima-

176 1523 332 1586 gines
372 1522 565 1574 videre.
617 1524 677 1573 Et
721 1524 921 1575 Pharao
948 1525 1115 1590 spicas
1158 1539 1215 1575 se
1258 1525 1389 1574 dixit
1430 1523 1482 1574 in
1523 1525 1720 1574 somnis

177 1590 398 1654 vidisse,
430 1602 479 1643 et
507 1591 664 1643 boves
689 1632 702 1654 ,
737 1607 837 1642 non
865 1593 1121 1656 spicarum
1147 1602 1234 1644 aut
1262 1592 1416 1645 boum
1445 1592 1716 1656 imagines.

173 1659 229 1709 Si
283 1661 439 1726 igitur
471 1668 674 1711 constat
711 1659 906 1724 liquido
930 1701 945 1724 ,
988 1662 1285 1714 nominibus
1321 1675 1499 1713 earnm
1547 1675 1719 1712 rerum

173 1742 400 1793 quantm
449 1729 700 1795 imagines
737 1738 896 1791 sunt,
945 1731 1233 1795 appellari,
1281 1745 1382 1781 non
1415 1731 1600 1780 mirum
1645 1739 1722 1781 est

1816 565 2033 615 divitem
2063 604 2075 624 ,
2109 580 2223 615 cum
2251 565 2356 629 jam
2383 565 2516 629 apud
2547 563 2737 616 inferos
2766 572 3020 616 tormenta
3062 576 3348 631 pateretur,

1813 643 1863 684 et
1896 633 2036 683 illum
2065 634 2148 698 qui
2181 633 2243 684 ad
2275 636 2388 694 ejus
2423 634 2632 698 januatu
2670 633 2936 684 ulcerosus
2961 633 3164 698 jaeeliat
3190 674 3206 696 ,
3241 635 3348 699 jam

1817 702 1865 752 in
1901 701 2074 766 requie
2119 705 2491 762 constitutum,
2541 716 2780 764 magnum
2813 705 2971 752 chaos
3015 700 3346 766 interiectum

1815 783 1930 821 esse
1975 778 2212 822 testatur.
2261 770 2362 820 Aut
2400 771 2442 822 si
2503 779 2774 834 propterea
2818 769 2864 820 ei
2927 769 3130 821 Samuel
3181 772 3351 832 dixit.

1817 836 2010 888 Merum
2039 844 2136 888 eris
2167 855 2183 888 :
2214 848 2268 888 ut
2300 852 2399 888 non
2446 839 2508 888 ad
2540 840 2883 904 :rqualilatem
2930 836 3186 891 felicitatis
3211 879 3224 902 ,
3257 841 3347 892 sed

1814 909 1876 955 ad
1906 919 2079 970 paretn
2105 907 2433 958 traditionem
2458 909 2638 958 mortis
2667 906 2936 967 referatur,
2964 907 3100 971 quod
3130 917 3349 972 utet-que

1817 973 1973 1024 homo
2002 976 2181 1036 fuerit,
2210 983 2260 1026 et
2287 983 2502 1039 uterque
2525 975 2654 1026 mori
2689 978 2930 1039 potuerit,
2960 975 3169 1041 jamque
3201 993 3350 1028 mor-

1817 1051 1931 1093 tuus
1964 1056 2182 1095 mortem
2223 1044 2338 1094 vivo
2370 1045 2769 1107 prmnuntiulnt.
2805 1045 3099 1096 Secundum
3143 1055 3352 1096 utrum-

1815 1125 1914 1182 que
1938 1111 2428 1182 igiturintelleetum
2456 1112 2644 1164 habere
2667 1115 2862 1182 exitum
2893 1114 3031 1182 hanc
3051 1114 3350 1176 lectionem,

1815 1181 1900 1254 qui
1933 1197 2033 1254 non
2071 1180 2138 1254 sit
2164 1190 2341 1254 contra
2375 1182 2566 1254 ﬁdem,
2601 1181 2699 1254 nisi
2744 1180 2876 1231 forte
2913 1179 3228 1254 profundiori
3265 1184 3347 1232 in-

1815 1249 2093 1311 quisitione
2125 1250 2415 1300 inveniatur
2443 1249 2504 1300 ad
2538 1249 2808 1315 liquidum,
2848 1251 2925 1301 vel
2958 1264 3109 1312 posse
3138 1251 3214 1301 vel
3247 1267 3349 1303 non

1819 1331 1969 1382 posse
1995 1321 2220 1368 animam
2251 1318 2525 1369 humanam
2552 1357 2566 1379 ,
2598 1332 2714 1368 eum
2742 1334 2801 1368 ex
2835 1317 2931 1369 hac
2961 1319 3061 1369 vita
3095 1321 3350 1383 migrave-

1818 1384 1904 1445 rit,
1935 1386 2146 1453 magicis
2166 1387 2482 1438 carminibus
2506 1385 2733 1449 evoeari,
2760 1397 2810 1438 et
2835 1388 3068 1438 vivorum
3096 1401 3350 1452 apparere

1818 1455 2180 1520 Conspeetihus
2207 1453 2362 1506 etiam
2406 1458 2637 1520 corporis
2667 1455 2978 1506 lineamenta
3009 1463 3300 1519 gestantem
3331 1472 3346 1508 :

1821 1533 1990 1573 utnon
2009 1523 2174 1575 solum
2192 1523 2351 1575 videri
2383 1524 2548 1574 valeat
2575 1523 2666 1575 sed
2699 1533 2747 1574 et
2767 1524 2996 1590 agnosci.
3016 1524 3137 1576 Etsi
3160 1532 3350 1586 potest.

1820 1600 1989 1659 utrum
2018 1592 2174 1642 etiam
2201 1592 2331 1659 justi
2371 1594 2573 1655 anima,
2621 1606 2722 1643 non
2752 1592 2958 1657 quidem
2985 1603 3197 1657 cogatur
3244 1608 3353 1645 ma-

1820 1657 1948 1730 gicis
1975 1661 2164 1720 sacris,
2189 1657 2281 1730 sed
2309 1661 2550 1730 dignetur
2576 1659 2780 1711 ostendi
2803 1661 3180 1730 occultioribus
3210 1675 3352 1730 mys-

1823 1728 1987 1790 teriis,
2013 1742 2228 1780 summa:
2252 1729 2349 1796 legi
2373 1729 2738 1792 obtemperans
2765 1746 2774 1779 :
2803 1729 2918 1780 utsi
2945 1729 3051 1780 ﬁeri
3077 1744 3176 1780 non
3203 1728 3353 1793 posse

170 1798 319 1867 quod
351 1798 621 1867 Scriptura
644 1799 788 1859 dicit,
813 1797 1109 1851 Samuelem
1137 1799 1326 1859 visum,
1355 1799 1556 1850 etiamsi
1585 1798 1718 1850 forte
1752 1809 1794 1867 Β
1823 1796 2084 1859 claruerit,
2118 1806 2173 1848 nt
2204 1813 2303 1848 non
2335 1807 2552 1865 uterque
2581 1811 2766 1867 sensus
2810 1796 2860 1848 in
2893 1796 3350 1867 hujusScripturze

171 1865 354 1934 imago
398 1865 653 1918 Samuelis
688 1869 930 1932 apparuit
961 1870 1074 1919 lit-ta
1118 1867 1534 1920 machinamento
1562 1867 1674 1933 ejus
1700 1907 1712 1928 ,

166 1937 257 1997 qui
291 1937 626 2005 transﬁgurat
654 1949 710 1985 se
743 1940 882 1988 velut
910 1937 1148 2005 angelum
1182 1938 1335 1998 lueis,
1368 1946 1419 2005 et
1449 1937 1720 1988 ministros

167 2016 297 2053 suos
329 2004 610 2064 subornat,
644 2005 783 2055 velut
814 2004 1082 2057 ministros
1110 2006 1347 2071 iustitiae.
1377 2004 1487 2056 Jam
1523 2019 1645 2057 vero
1674 2006 1716 2057 si

172 2071 330 2134 illud,
357 2073 542 2137 inquit.
565 2084 760 2138 movet,
785 2077 1046 2140 quomodo
1071 2092 1098 2126 a
1127 2075 1350 2141 maligno
1370 2075 1554 2140 spiritu
1577 2074 1718 2126 Sauli

169 2154 295 2192 vera
325 2144 566 2205 prmdicta
591 2151 712 2194 sunt
737 2160 746 2193 :
777 2153 944 2209 pulc~l
967 2155 1016 2196 et
1049 2143 1170 2195 illud
1196 2145 1380 2195 mirum
1405 2143 1565 2194 videri
1591 2157 1718 2210 quo-

170 2211 335 2260 modo
365 2213 628 2262 darmones
656 2222 982 2278 agnoverunt
1020 2213 1280 2266 Cill'iSllllll
1307 2251 1321 2274 ,
1364 2227 1515 2278 quem
1552 2211 1715 2264 .lnda-i

169 2293 278 2328 ltuit
315 2279 718 2345 cognoscebant.
751 2281 879 2333 Cum
912 2282 1048 2334 enim
1079 2288 1193 2334 vult
1223 2281 1358 2334 Deus
1385 2284 1540 2334 etiam
1575 2280 1718 2332 infir-

165 2348 272 2418 mis
315 2347 583 2418 spiritibus
626 2349 796 2416 aliqua
844 2365 963 2402 vera
1003 2365 1319 2418 cognoscere
1367 2351 1669 2418 temporalia
1700 2389 1714 2412 ,

164 2415 433 2468 duntaxat
461 2417 522 2468 ad
571 2415 722 2470 istam
754 2415 1120 2471 mortalitatem
1167 2419 1474 2486 pertinentia
1510 2436 1520 2469 :
1563 2416 1716 2470 ﬁtcile

165 2495 246 2536 est
291 2495 348 2537 et
391 2501 491 2536 non
533 2487 870 2552 incongruum
912 2496 971 2540 ut
1006 2489 1334 2556 omnipotens
1373 2499 1424 2539 et
1449 2487 1620 2554 justus
1651 2489 1714 2539 ad

162 2568 356 2606 eorum
390 2569 629 2616 pinnam,
665 2557 851 2619 quibus
889 2558 984 2609 ista
1023 2559 1395 2623 praedicuntur,
1438 2565 1494 2608 ut
1522 2556 1713 2608 malum

163 2623 308 2688 quod
359 2623 436 2676 eis
481 2625 754 2688 imminet,
798 2636 1074 2690 antequam
1119 2627 1296 2679 veniat
1344 2628 1717 2692 pra-noscenda

162 2693 436 2762 patiantur
480 2695 738 2762 tVOt'CIIItu
783 2704 1032 2762 apparatu
1087 2697 1454 2762 mysteriorum
1500 2709 1714 2747 suorum

159 2760 324 2812 etiam
365 2761 633 2827 spiritibus
664 2760 864 2832 talibus
903 2764 1094 2832 aliquid
1140 2760 1474 2816 divinationis
1513 2764 1718 2829 imper-

161 2832 257 2900 tiat
277 2869 292 2892 ,
327 2839 380 2883 et
409 2832 545 2896 quod
577 2831 771 2883 audivit
801 2832 866 2884 ab
895 2834 1093 2900 angelis
1119 2873 1134 2897 ,
1167 2833 1512 2900 praenuntient
1545 2833 1716 2885 homi-

161 2897 344 2950 nibus.
393 2900 618 2952 Tantum
666 2911 837 2952 autem
887 2897 1437 2965 audiuntfquanlum
1482 2904 1714 2954 omnium

159 2967 424 3038 Dominus
451 2977 606 3033 atque
638 2971 958 3036 moderator,
1003 2973 1082 3023 vel
1117 2972 1259 3038 jubet
1286 2975 1362 3024 vel
1392 2973 1538 3024 sinit.
1571 2971 1715 3025 Unde

157 3035 320 3087 etiam
353 3038 568 3108 spiritus
605 3038 856 3108 Pythonis
885 3035 951 3092 in
982 3035 1196 3092 Actibus
1235 3042 1589 3108 apostolorum
1631 3049 1714 3093 at-

158 3114 390 3176 testatur
421 3106 581 3158 Paulo
610 3106 845 3173 apostolo
869 3148 882 3168 ,
915 3117 969 3161 et
996 3106 1368 3176 evangelistam
1397 3123 1515 3162 esse
1557 3123 1713 3162 cona-

157 3185 265 3224 tur.
293 3174 518 3226 Miseent
547 3186 716 3230 tamen
745 3179 828 3230 isti
858 3179 1087 3230 fallacias
1111 3174 1160 3230 et
1191 3193 1368 3231 verum
1395 3178 1530 3243 quod
1558 3193 1711 3231 nosse

159 3251 445 3308 potuerunt
472 3284 488 3308 ,
523 3259 624 3297 n0n
654 3247 870 3299 docendi
904 3248 1068 3314 magis
1103 3263 1254 3314 quam
1285 3248 1579 3314 decipzendt
1609 3250 1710 3301 line

155 3316 525 3385 pronuntiant.
575 3315 634 3366 Et
663 3318 796 3368 lorte
843 3317 939 3368 hoc
969 3325 1050 3368 est
1080 3319 1215 3383 quod
1257 3331 1375 3368 cum
1405 3317 1490 3367 illa
1538 3317 1710 3385 imago

154 3384 424 3434 Samuelis
451 3384 662 3437 Saulem
695 3385 998 3452 prmdiCeret
1029 3389 1332 3437 tttoriturmn
1359 3424 1372 3448 ,
1397 3387 1526 3437 dixit
1554 3384 1708 3437 etiam

157 3462 280 3502 esse
310 3468 494 3505 secmn
523 3453 771 3506 futurum.
799 3453 946 3518 Quod
978 3456 1154 3519 utique
1181 3453 1369 3507 falsum
1398 3465 1496 3507 est.
1527 3455 1709 3520 Magno

157 3520 354 3588 quippe
383 3522 661 3575 intervallo
687 3533 804 3591 post
833 3534 1052 3576 mortem
1085 3525 1316 3590 separari
1348 3525 1510 3577 bonos
1541 3539 1567 3575 a
1600 3539 1710 3575 tua-

1824 1867 2132 1918 lraClatione
2161 1867 2459 1917 admittatur
2492 1883 2504 1917 :
2535 1867 2645 1925 sed,
2679 1866 2766 1918 illo
2795 1867 3026 1928 exoluso,
3050 1866 3350 1930 imaginaria

1821 1934 2106 2004 similitudo
2138 1935 2392 1987 Samuelis
2419 1936 2678 2004 diabolico
2715 1940 2816 1986 ritu
2856 1935 2985 1987 facta
3015 1933 3350 2004 intelligatur.

1822 2002 1922 2053 Sed
1953 2004 2198 2072 quoniam
2229 2005 2340 2056 sive
2368 2005 2493 2056 illud
2540 2003 2648 2056 ﬁeri
2677 2005 2860 2072 possit,
2891 2006 3001 2057 sive
3030 2019 3130 2056 non
3171 2002 3350 2069 possit,

1821 2079 1990 2123 tamen
2025 2071 2224 2124 fallacia
2269 2073 2512 2135 Satanae,
2548 2071 2701 2138 atque
2734 2075 3009 2139 imaginum
3037 2072 3356 2126 simulanda-

1821 2155 1933 2190 rum
1961 2141 2143 2193 Callida
2174 2143 2407 2208 operatio
2433 2183 2446 2202 ,
2480 2142 2796 2203 decipiendis
2823 2142 3063 2194 sensibus
3091 2142 3351 2204 humanis,

1821 2209 2153 2278 multiformis
2182 2210 2414 2278 invigilat
2439 2210 2752 2276 pedetentim
2785 2210 3018 2276 quidem,
3048 2225 3112 2262 ne
3140 2209 3355 2275 inquisi-

1822 2277 2045 2329 tiunihus
2094 2277 2510 2346 diligentioribus
2554 2278 2955 2345 prmseribamus
2999 2279 3136 2330 :sed
3183 2280 3354 2344 potius

1819 2347 2180 2398 existimemus
2210 2350 2312 2400 tale
2340 2348 2531 2413 aliquid
2566 2354 2754 2399 tactum
2783 2348 3012 2414 maligno
3041 2347 3224 2411 Spiritu
3254 2349 3353 2416 Py-

1820 2416 2069 2467 thouissm
2112 2417 2247 2467 illius
2307 2417 2632 2480 ministerio;
2673 2417 2915 2483 quamdiu
2964 2417 3111 2468 nobis
3159 2417 3353 2480 aliquid

1815 2485 2039 2550 amplius
2064 2488 2360 2554 excogitare
2388 2495 2542 2548 atque
2563 2486 2823 2552 explicare
2850 2499 2950 2535 non
2975 2486 3146 2538 datur.
3181 2503 3198 2535 ι
3234 2485 3354 2537 llaec

1815 2565 1936 2624 sunt
1974 2568 2092 2621 qum
2133 2562 2253 2606 tunc
2298 2557 2363 2606 de
2401 2555 2712 2624 Pytltunissa
2758 2563 2812 2608 et
2859 2554 3104 2608 Satnuele
3148 2554 3360 2622 scripsit

1818 2623 2000 2676 beatus
2028 2624 2370 2688 Augustinus.

2384 2709 2601 2766 CAPUT
2644 2711 2780 2765 XIX.

2177 2803 2304 2856 Saut
2330 2811 2373 2854 et
2402 2801 2649 2855 Jonathas
2679 2803 2992 2857 occiduntur.

1887 2893 2052 2964 Igitur
2089 2905 2259 2964 exorto
2301 2896 2471 2958 prwlio
2501 2904 2843 2960 percusserunt
2879 2891 3164 2964 Philisthwi
3197 2889 3354 2964 {tract

1816 2959 1964 3035 plaga
1993 2961 2179 3032 magna
2202 3003 2217 3024 ,
2262 2959 2652 3035 cori-iterumque
2677 2967 2726 3013 in
2758 2962 2931 3035 prtclio
2963 2961 3089 3035 Sttul
3117 2971 3163 3013 et
3193 2959 3354 3035 flaua-

1817 3030 1966 3095 illas;
1998 3030 2126 3098 quus
2166 3036 2388 3098 denique
2429 3032 2709 3095 liguraltter
2743 3032 2853 3093 pius
2888 3033 3139 3096 propheta
3174 3030 3352 3082 dellet.

1820 3104 1918 3166 Qui
1951 3119 2062 3154 cum
2092 3111 2310 3170 potentes
2335 3113 2490 3152 essent
2513 3140 2526 3159 ,
2547 3109 2602 3170 et
2630 3115 2821 3170 semper
2851 3100 3070 3170 hostibus
3113 3101 3351 3170 praeele—

1817 3181 1944 3235 rent,
1977 3168 2189 3224 satietati
2226 3184 2285 3221 ac
2313 3169 2553 3221 vulnerati
2583 3169 2716 3219 illico
2756 3172 2806 3216 in
2846 3168 3004 3219 medio
3036 3168 3191 3230 prwlii
3231 3182 3354 3216 cor-

1817 3251 2040 3292 ruerunt.
2076 3241 2336 3301 Quomodo
2358 3280 2370 3300 ,
2403 3242 2586 3304 inquit,
2620 3238 2896 3289 ci'ctderuut
2929 3244 3148 3302 potentes
3174 3236 3223 3286 in
3249 3249 3355 3284 me-

1815 3313 1901 3362 dio
1941 3325 2119 3376 pugna:
2141 3315 2164 3360 1’
2207 3309 2314 3360 lloc
2356 3309 2510 3359 etiam
2560 3311 2712 3358 modo
2759 3307 2892 3372 pium
2940 3305 3350 3376 Christianorum

1816 3374 1977 3447 genus
2005 3374 2160 3430 uellet
2189 3392 2278 3429 eos
2308 3378 2394 3444 qui
2442 3387 2785 3447 repugnantes
2815 3374 3136 3447 das-mollibus
3165 3374 3350 3447 labun-

1817 3442 1900 3502 iur
1948 3451 1998 3500 in
2047 3447 2279 3510 saeculo,
2325 3442 2465 3512 quod
2516 3456 2596 3496 est
2638 3445 2913 3497 lubricum.
2965 3442 3160 3498 Gelbue
3207 3443 3350 3496 enim

1818 3528 2045 3581 montes,
2081 3519 2489 3582 interpretantur
2517 3515 2692 3566 lubrici
2721 3525 2944 3567 montes.

161 3677 3357 3705 mw

1160 3823 1266 3898 IN
1328 3819 1709 3896 LIBRUM
1788 3777 2356 3892 SECUNDUM.

663 4093 884 4148 CAPUT
923 4093 1206 4149 PRIMUM.

154 4185 322 4238 Dat-id
342 4183 644 4236 admonetur
662 4201 746 4252 per
769 4187 1060 4250 prOpItetam
1082 4200 1142 4236 ne
1170 4185 1408 4251 templum
1432 4194 1706 4238 coustruat.

227 4275 353 4328 Post
383 4284 592 4326 mortem
623 4276 788 4337 itaque
817 4275 944 4328 Saul
974 4275 1177 4344 ungitur
1211 4275 1396 4338 Dauid,
1424 4283 1468 4326 et
1491 4287 1661 4344 regnat
1693 4289 1711 4326 :

153 4347 496 4412 transfertque
542 4359 708 4394 arcam
739 4345 1015 4396 testamenti
1041 4342 1092 4396 in
1121 4345 1366 4396 rivitatem
1415 4361 1576 4395 suam.
1612 4342 1714 4408 Qui

153 4433 267 4466 rum
312 4415 463 4466 uellet
503 4417 740 4478 templum
788 4412 882 4464 Dei
924 4414 1214 4477 mdiﬁcare,
1274 4415 1570 4464 admonetur
1625 4429 1709 4480 per

155 4487 459 4550 prophetam
505 4499 534 4533 a
582 4483 790 4532 Domino
837 4485 907 4532 ita
945 4497 964 4534 :
1012 4481 1129 4533 Non
1173 4493 1224 4532 tu
1269 4483 1541 4547 (edi/imbrs
1587 4483 1707 4533 mihi

153 4555 418 4618 templum,
446 4553 559 4618 quia
586 4552 660 4601 vir
685 4552 987 4619 sanguineus
1012 4567 1083 4603 es.
1117 4551 1248 4615 Quid
1280 4563 1360 4602 est
1389 4550 1543 4615 igitur
1575 4552 1711 4618 quod

154 4636 278 4686 erga
317 4623 576 4673 exteriora
607 4621 741 4672 bella
777 4621 1028 4671 laboranti
1060 4620 1221 4671 David
1254 4621 1604 4680 interdicitur,
1647 4637 1710 4673 ne

153 4692 346 4741 domus
397 4691 484 4742 llci
530 4691 594 4741 ab
639 4706 704 4742 eo
751 4691 1132 4740 :eddicaretur"
1201 4690 1470 4756 Templum
1520 4690 1710 4755 quippe

161 4761 248 4812 Dei
284 4775 382 4810 nos
414 4775 614 4820 smnus,
649 4760 768 4823 quia
795 4759 857 4810 ad
893 4774 1065 4810 veram
1100 4759 1254 4810 vitam
1287 4765 1335 4810 in
1365 4760 1476 4826 ejus
1509 4759 1712 4811 habiti-
1746 4801 1750 4806 .

155 4832 358 4879 tionem
411 4829 799 4886 eonstruimur,
862 4829 1020 4878 Paulo
1073 4838 1386 4887 alti-stante,
1458 4831 1545 4894 qui
1600 4837 1706 4880 ait:

157 4898 424 4962 Templum
452 4898 580 4947 enim
625 4894 715 4946 Dei
747 4905 973 4947 sanctum
997 4905 1094 4957 est,
1141 4902 1274 4960 quod
1302 4899 1414 4949 estis
1445 4913 1546 4949 vos.
1607 4897 1708 4949 Sed

155 4968 234 5019 vir
262 4965 577 5028 sanguinum
622 4967 867 5031 templum
922 4966 1026 5016 Deo
1071 4966 1336 5018 aediﬁcare
1378 4967 1707 5033 prohibetur,

153 5052 273 5095 quia
305 5037 390 5098 qui
421 5033 589 5085 adhuc
621 5036 746 5084 atriis
777 5036 1073 5086 carnalibus
1106 5034 1334 5096 incubat,
1381 5049 1595 5086 necesse
1625 5045 1707 5085 est

156 5119 209 5155 ut
244 5106 508 5155 ins'truere
537 5103 872 5168 spiritmliter
922 5103 1206 5154 Ecclesium
1247 5119 1346 5154 ιιιιιι
1383 5112 1661 5167 pnesumat
1693 5122 1702 5154 :

152 5191 271 5238 qnm
313 5187 636 5238 nequaquam
674 5187 799 5236 pure
827 5176 1082 5222 maculant
1116 5172 1164 5222 in
1199 5174 1435 5222 membro
1456 5172 1704 5223 conside-

157 5253 236 5292 rat
269 5248 487 5301 oculus,
520 5255 674 5304 quem
707 5243 871 5304 pulvis
898 5249 1083 5306 gravat
1118 5257 1127 5289 :
1156 5250 1210 5291 et
1237 5243 1559 5306 stipet'jectas
1588 5257 1705 5293 sor-

155 5315 248 5365 des
281 5322 492 5381 tergere
521 5325 624 5361 non
653 5313 787 5362 valet
815 5325 1030 5370 manus,
1063 5324 1182 5376 qua:
1215 5312 1372 5361 luumt
1402 5322 1564 5364 tenet.

780 5421 997 5475 CAPUT
1037 5422 1094 5472 ll.

478 5494 554 5547 De
579 5503 774 5558 peccato
808 5492 1012 5542 Davidis
1040 5500 1083 5541 et
1117 5489 1391 5545 Bersabew.

231 5586 382 5639 Nunc
412 5594 464 5637 et
495 5593 762 5651 peccatum
793 5582 950 5635 David
985 5580 1105 5648 quid
1155 5579 1204 5630 in
1237 5584 1502 5649 prophetia
1536 5585 1706 5652 signa-

167 5659 320 5718 verit,
353 5663 545 5722 quanta
572 5670 778 5719 possunt
809 5654 1061 5706 brevitate
1088 5655 1451 5722 perstringam.
1485 5656 1704 5706 Numina

167 5720 494 5798 quippe—ipsa
521 5724 856 5792 interpretata
887 5725 1012 5778 satis
1043 5720 1360 5787 Ostendunt,
1391 5724 1510 5792 quid
1541 5739 1696 5778 etiam

1744 4450 1792 4508 D

1812 4073 1910 4124 hoc
1961 4070 2149 4122 factum
2201 4067 2629 4134 prmliguraverit.
2711 4066 2907 4130 David,
2978 4075 3033 4119 ut
3096 4067 3357 4131 diximus,

1815 4144 2183 4207 interpretatur
2235 4154 2384 4188 manu
2413 4137 2592 4204 fortis,
2638 4135 2746 4188 sive
2791 4135 3355 4207 desiderqbilimbeth-

1813 4205 1970 4263 sahee
2001 4221 2174 4276 puteus
2201 4208 2442 4258 satietatis
2464 4246 2477 4266 ,
2528 4208 2638 4257 sive
2669 4215 2842 4276 puteus
2870 4206 3126 4270 septimus.
3155 4205 3349 4272 Quant-

1817 4280 1941 4330 libet
1996 4273 2166 4328 autem
2211 4276 2392 4326 harum
2439 4276 2662 4327 nominis
2706 4273 2820 4342 ejus
2859 4276 3342 4340 interpretationem

1821 4347 1871 4399 in
1925 4347 1973 4398 id
2023 4345 2160 4412 quod
2212 4343 2390 4396 dicere
2437 4343 2750 4396 intendimus
2801 4358 3157 4408 assumamus,
3216 4346 3350 4398 satis

1821 4415 2078 4483 congruit.
2134 4415 2261 4466 Nam
2296 4413 2343 4465 iu
2371 4414 2586 4466 Cantico
2615 4413 2931 4466 canticorum
2964 4427 3150 4477 sponsa
3171 4454 3185 4478 ,
3234 4431 3349 4481 qua!

1821 4487 1893 4538 illi
1924 4485 2152 4538 Ecclesia
2181 4493 2258 4535 est
2281 4521 2296 4544 ,
2347 4493 2560 4534 vocatu:
2582 4493 2759 4550 puteus
2790 4497 2934 4550 aqua:
2960 4485 3116 4546 vim;
3146 4493 3200 4536 et
3233 4483 3364 4536 huic

1815 4563 1967 4622 puteo
2014 4552 2293 4618 septenarii
2322 4553 2543 4622 numeri
2593 4567 2779 4603 nomen
2829 4567 2878 4603 tn
2919 4551 3142 4616 Spiritus
3184 4555 3348 4606 sancti

1812 4618 2189 4691 Signiﬁcatione
2219 4618 2549 4691 conjungitur
2573 4659 2588 4682 ,
2639 4630 2854 4691 propter
2874 4624 3134 4674 rationem
3167 4622 3351 4674 Pente-

1811 4689 2003 4757 co'stes,
2026 4705 2130 4756 quo
2155 4691 2237 4740 die
2258 4690 2322 4740 de
2345 4692 2479 4740 ecelo
2503 4692 2691 4742 missus
2709 4689 2934 4756 Spiritus
2953 4701 3161 4743 sanctus
3185 4691 3355 4744 venit.

1811 4763 1888 4814 Ad
1940 4758 2510 4827 quadraginlarnovem
2563 4768 2771 4818 autem,
2829 4760 2965 4825 quod
3019 4770 3118 4827 est,
3151 4762 3350 4824 septies

1810 4826 2030 4896 septem,
2067 4842 2221 4879 unum
2251 4826 2490 4888 additur,
2523 4841 2623 4892 quo
2655 4831 2820 4878 unitas
2849 4826 3260 4896 commendatur.
3291 4828 3346 4881 In

1811 4895 1906 4951 hac
1951 4897 2146 4949 ratione
2195 4896 2321 4947 vivit
2368 4897 2647 4961 apostolica
2705 4898 2786 4947 illa
2836 4897 3090 4947 sententia
3129 4911 3140 4944 :
3173 4895 3344 4948 δυσυ-

1809 4977 1983 5020 rentcs
2032 4967 2249 5018 invicem
2293 4965 2356 5017 ad
2401 4967 2769 5025 dilectionem,
2821 4966 3088 5016 studentes
3134 4978 3354 5017 servare

1811 5037 2061 5088 unitatem
2091 5037 2322 5100 Spiritus,
2360 5036 2408 5084 in
2440 5034 2643 5083 vinculo
2675 5035 2833 5098 pacis.
2868 5034 3010 5085 Dono
3042 5036 3213 5100 itaque
3234 5037 3340 5100 spi-

1810 5107 2003 5169 ritualt,
2035 5105 2132 5156 hoc
2155 5115 2231 5157 est
2262 5103 2575 5168 septenario,
2613 5102 2742 5153 facta
2772 5111 2855 5155 est
2899 5105 3126 5156 Ecclesia
3157 5113 3341 5168 puteus

1809 5175 2064 5225 satietatis
2090 5215 2104 5236 ,
2139 5175 2254 5238 quia
2284 5178 2445 5233 factus
2473 5179 2540 5220 est
2577 5173 2624 5221 in
2655 5188 2708 5221 ea
2737 5173 2847 5234 fons
2875 5189 3018 5240 aqua:
3046 5174 3263 5224 salientis
3291 5173 3344 5222 in

1809 5245 1955 5292 vitam
2007 5255 2238 5295 aztcrnam
2269 5255 2460 5309 :quem
2509 5242 2595 5308 qui
2645 5241 2908 5304 habuerit,
2970 5260 3068 5295 non
3123 5245 3249 5293 sitiet
3294 5243 3358 5294 ἰη-

1807 5322 2064 5364 tetri-num.
2101 5313 2212 5364 Jam
2262 5326 2384 5363 νιτΓο
2431 5311 2515 5377 qui
2572 5311 2724 5363 luerit
2772 5314 2986 5362 maritus
3030 5313 3176 5375 ejus,
3219 5315 3343 5377 quid

1808 5380 1944 5430 aliud
1994 5396 2145 5443 quam
2180 5381 2438 5433 diabolum
2486 5380 2708 5432 nominis
2755 5381 2866 5446 ejus
2916 5384 3343 5448 interp-elatione

1806 5450 2122 5514 signiﬁcatur
2146 5451 2165 5499 ’ἶ
2215 5451 2388 5522 llujus
2403 5461 2547 5522 erant
2572 5451 2795 5514 pessimo
2821 5453 3058 5522 coniugio
3088 5451 3338 5522 delegati,

1805 5531 1990 5569 Omnes
2015 5534 2145 5584 quos
2174 5531 2333 5585 gratia
2371 5521 2454 5572 Dei
2489 5521 2666 5572 liberal
2691 5559 2704 5580 ,
2745 5529 2797 5571 ut
2829 5520 3054 5572 Ecclesia
3084 5520 3336 5575 siue'ma-

1806 5592 1916 5637 eula
1968 5599 2019 5638 et
2070 5604 2225 5655 ruga,
2284 5592 2524 5641 salvatori
2568 5591 2772 5655 proprio
2817 5597 3128 5651 completur.
3189 5593 3340 5644 Unas

1808 5671 2028 5720 namque
2064 5658 2428 5724 interpretatur
2453 5701 2466 5721 ,
2523 5661 2603 5710 lux
2637 5674 2744 5709 mea
2777 5659 2861 5709 Dei
2892 5699 2905 5719 ,
2939 5659 3129 5711 lltlteus
3159 5671 3330 5712 autent

1809 5726 2097 5786 Abseissus,
2127 5727 2234 5781 sive
2261 5726 2396 5796 quod
2425 5731 2471 5782 in
2498 5731 2706 5782 veritate
2731 5743 2827 5781 non
2855 5729 3015 5792 stetit,
3056 5733 3142 5782 sel
3168 5746 3193 5779 a
3223 5733 3335 5782 luce
