3914 6228
536 364 634 416 447

988 361 1183 415 ΒΕΒᾸΞ
1222 363 1665 419 VENERABILIS
1702 366 1845 420 OPP.
1889 366 2058 421 PARS
2095 365 2156 419 11.
2201 363 2385 419 SECT.
2429 363 2489 416 lI.
2521 392 2587 402 -—
2628 362 2822 417 DUBIA
2864 361 2950 415 ET
2988 359 3252 416 SPURIA.

3624 362 3713 414 “8

536 471 902 532 occurritquid
930 476 1112 523 saltem
1146 474 1195 522 in
1238 472 1487 532 allegoria
1513 471 1633 523 boni
1668 472 1925 538 signiﬁcet
1955 461 2144 531 1ιωοἈ
2178 470 2463 537 prephetm,
2496 469 2768 538 quietiam
2801 467 3055 538 mirabilia
3085 466 3250 538 multa
3277 468 3539 538 let-erunt,
3580 466 3715 538 Elia

535 542 649 605 ejus
678 540 844 592 ﬂenda
870 540 1186 602 submersio,
1236 540 1331 592 nisi
1358 540 1489 593 forte
1522 542 1635 605 quis
1664 543 1801 592 dicat
1826 543 2073 593 mulieres

542 611 881 676 alienigenas.
937 623 1154 677 quarunt
1208 624 1386 659 amore
1438 619 1727 677 exarserat,
1782 611 2075 677 signiﬁcare

543 679 797 728 Ecclesias
840 677 1032 729 electas
1062 676 1126 727 dc
1152 677 1409 743 gentibus.
1478 676 1661 728 Posset
1706 678 1803 728 hoc
1838 676 2076 731 Iorlasse

541 762 643 798 non
673 745 898 797 absurde
925 744 1162 810 intelligi,
1188 745 1231 796 si
1264 746 1362 796 illa:
1390 754 1602 807 propter
1629 744 1961 799 Salomonem
1994 747 2074 799 de-

540 824 777 867 sererent
800 814 923 865 dens
944 826 1089 873 suos,
1109 822 1161 864 et
1179 814 1413 865 colerent
1438 813 1596 865 Deum
1625 813 1737 878 ejus
1761 830 1774 874 ;
1807 830 1925 866 cum
1948 828 2073 866 vero

540 885 652 942 ipse
677 892 885 946 propter
922 880 1044 934 illas
1072 880 1347 933 offenderit
1394 882 1551 933 Deum
1580 895 1730 932 suum
1751 920 1766 943 ,
1817 890 1870 934 et
1918 883 2079 935 coluit

541 952 667 1002 deos
696 966 894 1011 earum,
929 964 1031 1009 non
1063 959 1142 1000 est
1167 950 1289 1013 quid
1330 949 1445 999 inde
1480 950 1599 1001 boni
1630 950 1916 1017 coniectari
1955 965 2077 1017 pos-

543 1020 629 1071 sit.
660 1019 761 1069 Nec
792 1028 963 1069 tamen
988 1017 1109 1068 nihil
1143 1018 1367 1070 arbitror
1388 1018 1701 1084 signiﬁcare,
1733 1020 1825 1072 sed
1852 1022 2077 1082 malum,

543 1088 677 1141 sicut
726 1087 790 1139 de
845 1100 1013 1137 uxore
1043 1086 1351 1152 liliabusque
1398 1086 1485 1137 Lnt
1539 1087 1791 1139 diximus.
1847 1090 2080 1152 Apparet

546 1156 683 1208 enim
712 1156 761 1207 in
792 1169 1011 1221 persona
1043 1156 1194 1222 hujus
1244 1153 1541 1207 Salomonis
1572 1156 1701 1207 mira
1746 1156 2080 1221 excellen'ia,

546 1236 595 1277 el
618 1223 746 1276 mira
770 1224 1061 1276 subversio.
1087 1224 1234 1286 Quod
1267 1224 1423 1289 igitur
1447 1226 1495 1275 in
1521 1224 1605 1274 illo
1630 1223 1855 1277 diversis
1881 1235 2080 1290 tempo-

546 1295 690 1345 ribus
718 1292 921 1345 exstitit
952 1292 1091 1356 prius
1115 1293 1328 1353 bonum,
1360 1304 1408 1343 et
1440 1293 1700 1358 posterius
1730 1295 1943 1356 malum,
1982 1295 2079 1347 hoc

550 1364 599 1413 in
625 1363 855 1416 Ecclesia
886 1362 937 1413 in
966 1361 1067 1414 isto
1095 1362 1266 1415 adhuc
1291 1360 1481 1413 sarculo
1503 1399 1520 1423 ,
1552 1362 1707 1413 simul
1735 1371 1787 1413 et
1815 1377 1915 1413 uno
1955 1372 2084 1413 tem-

544 1446 672 1497 pore
698 1431 1009 1483 ostenditur.
1073 1431 1198 1481 Nam
1255 1431 1390 1481 bono
1441 1431 1577 1481 illius
1609 1431 1771 1481 bonos
1800 1428 2081 1494 Ecclesiae,

546 1500 686 1550 malo
723 1508 894 1551 autent
928 1498 1063 1551 illius
1093 1500 1258 1551 malos
1292 1499 1535 1550 Ecclesia:
1566 1499 1888 1565 signiﬁcatos
1926 1510 2080 1566 puto,

546 1577 788 1633 tanquam
841 1568 892 1618 in
950 1570 1144 1620 unitate
1200 1569 1336 1619 illius
1390 1582 1560 1632 arcte,
1611 1570 1745 1621 sicut
1778 1569 1826 1620 itt
1861 1568 1951 1621 illo
1982 1586 2085 1620 uno

546 1641 751 1689 homine
780 1639 943 1688 bonos
974 1638 1022 1687 in
1051 1638 1245 1704 granis,
1278 1638 1442 1689 malos
1474 1639 1521 1687 itt
1555 1639 1737 1702 paleis,
1772 1646 1862 1688 aut
1894 1639 1943 1688 iu
1972 1640 2087 1689 uui-

545 1716 648 1759 tate
690 1707 839 1757 unius
869 1706 1058 1775 segetis
1082 1748 1093 1770 ,
1138 1707 1301 1760 bonos
1342 1707 1392 1758 iu
1424 1706 1592 1759 tritico
1616 1746 1632 1773 ,
1668 1706 1833 1759 malos
1862 1707 1913 1759 iit
1944 1708 2081 1760 ziza-

545 1790 663 1827 IIIIS.

1125 1864 1346 1917 CAPUT
1387 1864 1494 1917 Vll.

913 1956 986 2008 De
1018 1956 1256 2008 divisione
1289 1958 1453 2007 decem
1486 1955 1723 2009 tribuum.

613 2068 741 2118 Illud
792 2082 914 2119 vero
954 2069 1087 2134 quod
1133 2078 1250 2135 pust
1292 2077 1513 2119 mortem
1567 2068 1863 2121 Salomonis
1906 2066 2088 2119 decem

542 2138 708 2186 tribus
738 2152 763 2186 a
792 2140 985 2199 templo
1014 2148 1268 2201 Separatte
1294 2148 1433 2197 sunt,
1466 2148 1517 2189 et
1547 2138 1664 2189 dua:
1708 2138 1924 2199 relictzn,
1960 2136 2089 2188 satis

546 2206 736 2257 indicat
765 2207 900 2271 quod
931 2207 994 2257 de
1027 2216 1130 2256 tota
1172 2208 1279 2273 ipsa
1310 2218 1465 2272 gente
1488 2207 1767 2271 Apostolus
1796 2208 1870 2256 ait
1903 2223 1913 2257 :
1952 2205 2089 2257 Iteli-

537 2292 668 2341 quia:
694 2291 783 2341 per
797 2277 1074 2328 elationem
1098 2278 1276 2341 gratiae
1299 2275 1454 2327 salvae
1480 2273 1628 2328 facta:
1648 2283 1769 2328 sunt
1786 2274 1964 2341 (liam.
1989 2275 2088 2343 ιι).

1124 2409 1345 2462 CAPUT
1388 2408 1513 2461 VIII.

1067 2500 1137 2551 De
1168 2500 1281 2551 Elia
1309 2509 1356 2552 et
1386 2498 1575 2551 Eliseo.

608 2608 741 2673 Quid
780 2616 952 2661 autem
994 2607 1414 2676 signiﬁcaverunt
1445 2607 1616 2676 magni
1648 2605 1719 2660 illi
1758 2614 1811 2661 et
1852 2606 2083 2675 insignes

2175 534 2225 591 et
2270 534 2525 604 l'lliswus,
2579 536 2863 601 discipulus
2908 536 3061 601 ejus?
3108 534 3346 587 Pascitur
3384 537 3525 588 enim
3578 535 3717 588 Elias

2177 618 2410 671 tempore
2442 608 2588 658 laniis
2610 644 2623 666 ,
2653 609 2822 657 corvis
2862 620 3012 657 mane
3040 604 3377 656 all‘erentibus
3418 619 3636 671 panem,
3671 613 3720 657 et

2175 678 2238 729 ad
2264 690 2531 739 vesperam
2558 688 2761 735 carnes,
2795 683 2846 726 ut
2878 674 3169 739 intelligant
3196 673 3269 724 illi
3301 673 3598 734 Christum,
3635 673 3713 725 cui

2178 745 2397 813 quodam
2408 744 2567 813 modo
2588 742 2807 813 salutem
2846 752 3081 813 nostram
3099 742 3368 813 esurienti
3398 742 3718 813 conﬁtentur

2179 810 2474 876 peccatores
2498 812 2655 871 ﬁdem
2680 851 2695 869 ,
2739 811 2993 873 primitias
3022 810 3243 876 Spiritus
3282 825 3423 863 nunc
3457 810 3717 863 habentes

2178 882 2350 947 (Rom.
2374 881 2514 945 vttt),
2549 880 2597 931 in
2631 879 2732 930 line
2756 890 2926 931 autem
2952 880 3090 931 velut
3113 879 3176 928 ad
3207 892 3481 944 vesperam
3510 880 3716 940 muli,

2180 959 2337 1002 etiam
2366 951 2540 1000 carnis
2574 947 3026 1002 resurrectionem.
3075 947 3289 999 Mittitur
3331 947 3471 999 Elias
3498 962 3719 1014 pascen-

2178 1019 2275 1070 dus
2297 1018 2360 1069 ad
2388 1018 2614 1069 alienam
2641 1015 2868 1079 viduam;
2898 1032 3014 1081 quae
3042 1016 3245 1068 volebat
3266 1016 3371 1067 duo
3402 1016 3538 1083 ligna
3568 1016 3717 1069 colli-

2178 1100 2302 1152 gere
2332 1128 2345 1150 ,
2381 1086 2681 1151 priusquam
2715 1095 3025 1137 moreretur.
3057 1084 3166 1137 Non
3208 1084 3291 1135 hic
3316 1085 3433 1135 solo
3465 1086 3590 1152 ligni
3627 1098 3716 1136 no-

2180 1159 2342 1219 mine,
2393 1155 2481 1206 sed
2515 1157 2670 1207 etiam
2721 1168 2937 1221 numero
2986 1153 3242 1218 lignorum
3288 1154 3493 1221 signum
3545 1154 3717 1207 crucis

2180 1225 2506 1287 exprimitur.
2541 1222 2870 1274 Benedicitur
2898 1218 3063 1273 farina
3093 1230 3148 1274 et
3187 1218 3362 1275 oleum
3388 1263 3402 1283 ,
3436 1221 3644 1276 fructus
3673 1234 3719 1275 et

2183 1293 2415 1345 hilaritas
2445 1290 2733 1357 charitatis,
2764 1305 2898 1358 quae,
2929 1304 3046 1343 cum
3072 1291 3410 1355 impenditur,
3439 1307 3543 1343 non
3573 1291 3719 1343 dele-

2182 1364 2315 1413 cisse
2338 1362 2543 1413 dicitur.
2588 1359 2816 1411 Hilarem
2853 1361 2983 1411 enim
3020 1360 3241 1411 datorem
3273 1358 3439 1428 diligit
3469 1359 3604 1411 Deus
3638 1358 3715 1426 (ll

2186 1429 2303 1482 Cor.
2335 1430 2431 1496 ix).
2468 1428 2683 1481 Viduam
2715 1429 2825 1494 ejus
2855 1428 3171 1480 benedicens
3197 1467 3211 1489 ,
3242 1428 3451 1491 opinor.
3487 1431 3717 1481 Ecclesia

2188 1500 2536 1567 signiﬁcatur,
2566 1512 2720 1565 quam
2750 1498 2986 1567 Christus
3018 1512 3118 1548 non
3142 1496 3427 1567 frumenti,
3456 1499 3553 1567 sed
3578 1500 3718 1551 verbi

2184 1564 2315 1635 pane
2354 1569 2618 1633 pascebat.
2664 1567 2734 1618 De
2767 1581 2866 1629 qua
2897 1566 3084 1635 dicitur
3128 1581 3217 1630 per
3247 1564 3458 1635 David:
3500 1566 3720 1619 Viduam

2182 1631 2289 1703 ejus
2321 1631 2609 1688 benedicens
2641 1635 2924 1687 benedicam
2948 1631 3114 1700 (Psal.
3142 1647 3305 1687 cun
3325 1636 3339 1701 )
3359 1674 3374 1696 ,
3407 1634 3555 1688 illam
3580 1637 3721 1690 scili-

2184 1718 2265 1759 cet
2297 1708 2500 1758 viduam
2523 1744 2536 1769 ,
2564 1720 2716 1769 quam
2742 1705 3021 1769 Apostolus
3047 1705 3120 1755 ait
3144 1741 3159 1763 ,
3190 1714 3394 1755 mortuo
3422 1706 3538 1758 viro
3561 1743 3577 1766 ,
3607 1707 3718 1770 qui-

2120 1795 2163 1854 Β
2192 1777 2287 1854 bns
2311 1776 2467 1854 vellet
2485 1772 3077 1854 nuptii'suliheramnesse
3096 1770 3145 1839 (ι
3168 1770 3292 1854 Et”.
3318 1786 3387 1824 vu
3476 1773 3607 1854 Quia

2196 1844 2397 1896 sinente
2421 1838 2652 1910 lege,veui
2679 1840 2792 1893 linis
2812 1850 2892 1910 est
2912 1838 3146 1894 Christus
3163 1838 3335 1909 (Rom.
3363 1844 3442 1907 ι),
3467 1843 3532 1895 ad
3550 1844 3723 1909 gratia:

2197 1909 2490 1965 libertatein
2541 1913 2814 1964 transitum
2872 1909 3066 1963 faciens
3126 1910 3401 1973 Ecclesia,
3460 1910 3721 1963 Christum

2194 1983 2339 2048 quasi
2392 1980 2539 2033 vidua
2592 1982 2717 2047 legis
2773 1980 3020 2045 innupsit.
3078 1979 3240 2048 llujus
3286 1994 3427 2032 nunc
3478 1979 3534 2032 in
3592 1982 3725 2033 vasis

2194 2044 2365 2104 oleum
2395 2050 2574 2117 gratiae
2601 2044 2662 2101 et
2684 2050 2881 2102 benedi.
2903 2049 3057 2101 tionis
3090 2044 3253 2101 la'rina
3286 2063 3388 2100 non
3419 2049 3639 2112 deﬁcit,
3680 2050 3726 2101 ia

2197 2120 2439 2172 omnibus
2472 2119 2597 2171 foris
2627 2119 2869 2185 gentibus
2907 2117 3050 2186 fama
3081 2127 3344 2181 manente,
3378 2134 3605 2186 quarum
3634 2120 3726 2173 cibi

2198 2190 2316 2241 vitae
2362 2188 2583 2240 esuriem
2639 2195 2690 2239 et
2746 2186 2862 2240 ﬁdei
2911 2185 3179 2239 Trinitatis
3227 2186 3457 2239 inediam
3506 2203 3728 2255 congrue

2198 2258 2548 2324 praeliguravit
2571 2256 2655 2309 illa
2683 2258 2940 2323 quondam
2971 2257 3193 2309 triennio
3217 2258 3400 2309 fames.
3429 2259 3580 2321 Quod
3611 2271 3727 2311 vero

2198 2342 2288 2392 per
2321 2328 2486 2378 Etiam
2520 2328 2570 2378 in
2603 2340 2836 2393 tempore
2864 2326 3111 2379 siccitatis
3142 2326 3305 2379 nubes
3338 2327 3425 2378 illa
3455 2332 3728 2394 apparuit,

2196 2408 2246 2447 et
2272 2408 2446 2461 postea
2478 2395 2662 2448 futura:
2694 2395 2880 2461 pluvne
2924 2396 3128 2464 signum
3172 2394 3222 2447 in
3254 2398 3478 2463 vestigio
3510 2396 3729 2449 hominis

2195 2476 2457 2518 ostensum
2487 2474 2587 2524 est.
2616 2464 2939 2530 signiﬁcabat
2972 2466 3131 2530 quod,
3166 2474 3420 2518 nascente
3450 2464 3658 2518 Christo
3682 2467 3729 2517 in

2194 2536 2411 2601 vestigio
2438 2533 2681 2595 hominis,
2716 2534 2780 2585 ad
2811 2545 2976 2586 terras
3002 2533 3166 2585 imber
3194 2536 3260 2587 de
3288 2535 3427 2587 C(BIO
3454 2535 3728 2589 descende-

2195 2612 2297 2668 ret,
2326 2606 2411 2671 qui
2441 2617 2535 2655 nos
2564 2619 2590 2654 a
2619 2612 2831 2671 peccato
2858 2604 3151 2655 mundaret.

1555 2903 1662 2980 IN
1741 2900 2124 2979 LIBRUM
2189 2896 2705 2993 QUARTUM.

1044 3192 1265 3248 CAPUT
1305 3191 1585 3248 PRIMUM.

644 3288 720 3341 De
744 3286 937 3340 duobus
973 3284 1450 3355 Qninquageuariis,
1484 3302 1596 3338 cum
1626 3286 1865 3340 militibus
1885 3287 1988 3339 suis

1098 3358 1208 3426 igne
1234 3356 1521 3409 combustis.

618 3463 639 3497 ι
684 3446 836 3499 Mittit
865 3494 869 3496 ν
899 3462 987 3499 rex
1034 3447 1223 3512 impius
1272 3446 1744 3514 quinquagenarius
1796 3446 1928 3499 duos
1971 3460 2088 3499 cum

544 3516 767 3569 subditis
796 3516 893 3567 sibi
928 3516 1203 3575 militibus,
1238 3524 1292 3567 ιιι
1326 3516 1636 3568 exhiberem
1667 3516 1856 3577 Eliam,
1883 3517 1968 3584 qui
2002 3516 2089 3567 di-

544 3602 663 3635 \‘ltttl
686 3586 800 3649 igne
825 3586 1120 3649 consumpti
1156 3593 1305 3647 sunt;
1335 3587 1517 3637 tertius
1544 3595 1716 3638 autem
1750 3586 1940 3639 missus
1971 3586 2086 3639 Sal-

546 3666 711 3707 valor.
751 3673 766 3702 ι
804 3654 1285 3721 Qniuquagenarius
1322 3668 1544 3718 namque
1590 3668 1841 3706 numerus
1881 3654 2083 3707 coofes-

547 3730 624 3775 sio
653 3722 973 3789 ιιωηίιιιιιιίτε
1004 3732 1103 3784 est,
1138 3721 1275 3785 quod
1306 3723 1603 3775 declaratur
1638 3724 1878 3774 remissio
1908 3737 2091 3788 pecca-

552 3806 742 3845 torum.
769 3792 931 3843 .Illdtl'l
962 3807 1085 3859 ergo
1109 3795 1346 3843 nolentes
1373 3791 1638 3843 Christum
1676 3791 1949 3845 Dominum
1974 3806 2092 3845 esse.

550 3864 841 3934 perlectum
864 3899 877 3920 ,
914 3874 1028 3934 nec.
1055 3861 1337 3927 principem
1390 3860 1708 3934 pteuitentiie
1736 3901 1749 3924 ,
1804 3862 1995 3934 dicunt
2027 3864 2091 3915 ad

544 3929 663 3981 cuin
697 3948 705 3978 :
745 3929 1115 3996 Quinquaginta
1144 3945 1298 3981 annos
1349 3930 1570 3982 nondum
1608 3930 1788 3991 habes,
1835 3943 1878 3983 et
1933 3932 2091 3985 Abra-

553 4002 665 4050 ham
710 4000 837 4050 misti
864 3996 1034 4063 (Joan.
1063 3998 1174 4059 vui)
1206 4002 1225 4049 1’
1258 3997 1316 4050 Hi
1361 4001 1409 4051 in
1445 3999 1671 4052 futurum
1710 4003 1885 4053 divino
1914 4002 2091 4054 incen-

546 4071 635 4119 dio
674 4070 1093 4129 exslinguttnlur.
1136 4069 1343 4121 Tertius
1384 4078 1557 4123 autem
1595 4073 2087 4138 quinquagenarius,

550 4140 666 4201 quia
695 4153 977 4209 conversus
1004 4138 1065 4189 ad
1101 4138 1253 4209 ﬁdem
1279 4139 1550 4195 Trinitatis
1576 4151 1899 4194 sacramenta
1931 4156 2091 4209 agno-

549 4209 643 4270 vit,
680 4208 1047 4273 indulgentiam
1082 4208 1288 4260 meruit.

1162 4296 1381 4351 CAPUT
1421 4298 1481 4350 11.

646 4388 721 4438 De
753 4386 917 4437 Elissa
949 4385 1033 4437 tibi
1060 4402 1215 4455 aquas
1240 4385 1441 4467 Jerielto
1462 4388 1649 4441 steriles
1676 4397 1723 4442 et
1745 4388 1999 4459 malignas

1213 4466 1419 4509 sanavit.

627 4565 643 4595 ι
689 4546 981 4598 Ροδιιιιειῑιιι
1010 4548 1213 4601 Elisens
1252 4564 1280 4601 a
1321 4549 1545 4617 pepulo,
1592 4560 1648 4601 ut
1687 4564 1847 4617 aquas
1876 4550 2087 4605 Jericlto
2114 4520 2166 4581 υ

551 4618 757 4668 sterilis
785 4625 841 4668 et
882 4618 1128 4683 malignas
1160 4630 1366 4670 sanaret
1392 4636 1404 4680 ;
1435 4629 1485 4671 et
1515 4620 1713 4686 accepit
1742 4634 1831 4672 vas
1858 4622 2004 4681 rude,
2035 4631 2089 4675 et

549 4689 674 4753 jectt
697 4692 745 4738 in
776 4701 838 4738 eo
865 4686 961 4741 sal.
994 4696 1047 4739 et
1074 4687 1321 4738 demersit
1344 4687 1467 4739 illttd
1503 4689 1550 4739 in
1576 4689 1807 4749 ﬂumine,
1828 4698 1891 4743 et
1912 4692 2085 4743 statim

554 4768 747 4807 sanam
793 4767 911 4807 ςιιιιι
952 4772 1119 4820 aqua).
1162 4774 1180 4807 ι
1224 4755 1357 4825 Quo
1390 4755 1525 4808 l'aclo
1571 4759 1933 4823 pronuntiabat
1972 4774 2089 4825 pro-

557 4828 706 4887 pheta
740 4827 877 4891 quod
907 4825 1129 4877 Verbum
1170 4840 1291 4877 caro
1343 4824 1489 4878 lieret
1538 4836 1587 4877 et
1630 4826 1887 4879 habitaret
1918 4824 2092 4880 inuo-

557 4896 634 4945 liis
666 4892 862 4960 (.Joan.
892 4911 904 4945 t
933 4901 968 4959 ).
1025 4897 1144 4949 Inde
1199 4898 1249 4947 in
1291 4894 1680 4947 similitudinem
1719 4894 1868 4946 Verbi
1914 4899 2087 4957 salem,

556 4963 603 5013 id
635 4974 713 5013 est
738 5000 751 5021 ,
785 4965 1088 5027 sapientiam
1124 4984 1139 5015 ι
1179 4966 1320 5017 dedit
1349 4967 1397 5016 in
1430 4979 1519 5018 vas
1550 4964 1704 5017 ﬁetile
1727 5004 1741 5025 ,
1778 4966 1826 5015 in
1857 4981 2045 5029 corpus
2073 5009 2084 5030 ,

557 5032 657 5083 huc
713 5032 1030 5097 humanum;
1081 5047 1128 5086 et
1178 5038 1385 5087 mittens
1434 5034 1484 5085 in
1535 5048 1704 5101 aqua,
1756 5035 2022 5089 demersit.
2065 5056 2081 5087 ι

556 5102 701 5167 Quod
750 5101 955 5169 quidem
998 5104 1358 5169 signiﬁcabat,
1411 5104 1528 5169 quia
1572 5119 1754 5155 omnes
1802 5108 1969 5171 populi
2002 5108 2086 5173 qui

561 5174 657 5221 sub
690 5174 846 5231 littora
880 5187 1125 5239 aquarum
1159 5174 1207 5222 iu
1242 5184 1348 5223 toto
1374 5175 1566 5224 mundo
1594 5174 1799 5226 steriles
1826 5187 1976 5227 erant
2001 5191 2089 5239 per

555 5242 743 5293 (ηπ-1811
794 5242 1202 5293 incarnationem
1254 5240 1621 5294 fecunditatem
1664 5254 1717 5295 et
1763 5244 2083 5299 benedictio-

552 5328 667 5363 nem
696 5314 956 5380 accepturi
986 5320 1179 5364 essent.

1152 5396 1373 5451 CAPUT
1412 5397 1498 5451 Ill.

654 5492 725 5543 De
768 5492 987 5558 parvulis
1032 5493 1091 5544 ab
1126 5490 1292 5611 E12590
1324 5490 1597 5569 maledictis
1620 5529 1637 5556 ,
1666 5500 1713 5545 et
1746 5510 1775 5546 c
1816 5494 1978 5549 bestiis

1229 5571 1460 5611 ευσταωε.

1229 5571 1460 5612 ευσταωε.

619 5652 727 5711 lpw
760 5670 963 5720 quoque.
999 5653 1198 5704 lilisens
1226 5651 1475 5715 propheta
1510 5650 1722 5718 ﬁguram
1748 5654 1936 5708 Christi
1966 5671 2082 5721 ges-

556 5732 613 5765 ait
673 5721 896 5788 [letoque
932 5724 1237 5775 venabulum
1276 5721 1439 5789 ipsum
1481 5727 1611 5773 salus
1648 5724 1735 5777 Dci
1768 5726 2079 5793 interprete.

2117 3171 2162 3232 ο
2194 3181 2292 3224 tur.
2314 3170 2487 3224 'Salus
2515 3179 2687 3224 autem
2729 3170 2817 3224 Dei
2850 3171 2964 3237 quis
3002 3180 3083 3222 est
3118 3169 3273 3230 alius,
3328 3170 3426 3221 nisi
3469 3169 3603 3224 ﬁlius
3627 3172 3733 3235 eius

2192 3242 2277 3304 qni
2326 3249 2379 3293 et
2419 3240 2657 3294 Salvator
2704 3240 2895 3308 ubique
2934 3240 3182 3293 vocatur?
3226 3240 3432 3293 Parvuli
3466 3255 3591 3293 vero
3619 3242 3731 3293 illu-

2192 3310 2377 3363 dentes
2406 3311 2625 3362 salutem
2658 3309 2782 3374 Dei,
2825 3311 2875 3363 id
2906 3320 2983 3364 cst
3006 3350 3020 3374 ,
3067 3310 3239 3362 Eliseo
3267 3352 3281 3371 ,
3320 3308 3620 3361 Judaeorum
3647 3310 3735 3361 ha.

2192 3380 2355 3431 buere
2384 3392 2660 3443 personam
2686 3418 2702 3441 ,
2744 3379 2830 3447 qui
2867 3381 2930 3431 ad
2976 3393 3184 3432 crucem
3228 3377 3456 3431 Domino
3482 3378 3730 3431 Salvatnri

2190 3448 2604 3501 subsannabant.
2629 3449 2775 3513 Quod
2804 3448 2979 3501 dicunt
3005 3464 3020 3500 :
3053 3447 3291 3511 Arcade,
3318 3447 3474 3510 calve,
3502 3450 3731 3508 ascende.

2190 3522 2346 3579 calve,
2376 3519 2492 3583 quia
2524 3518 2572 3567 in
2602 3517 2845 3570 calvaria:
2874 3519 2987 3570 loco
3006 3517 3248 3570 Christus
3276 3531 3597 3570 ascensurus
3619 3530 3733 3571 erat

2190 3586 2241 3638 in
2296 3601 2473 3639 cruce.
2527 3586 2673 3651 Quod
2724 3600 2851 3639 vero
2913 3604 2932 3637 ι
2984 3600 3267 3640 conversus
3319 3586 3590 3639 maledixit
3647 3602 3735 3638 eos

2193 3655 2401 3709 Eliseus
2425 3696 2439 3719 ,
2472 3666 2521 3709 et
2550 3657 2789 3709 exierunt
2818 3658 2921 3709 duo
2957 3658 3061 3711 ursi
3105 3658 3171 3709 de
3213 3655 3342 3708 silva
3367 3693 3385 3719 ,
3436 3665 3492 3708 et
3520 3656 3731 3709 interie-

2191 3734 2375 3777 ceruut
2403 3725 2741 3794 quadraginta
2790 3727 2921 3780 duos
2975 3739 3164 3793 pueros
3216 3724 3641 3791 blasphemantes
3675 3744 3729 3787 ι,

2192 3794 2258 3846 ita
2288 3802 2341 3847 et
2365 3794 2604 3847 Curistus
2634 3806 2751 3861 post
2783 3798 3079 3862 passionem
3110 3803 3163 3845 et
3193 3796 3640 3847 resurrectionem
3673 3808 3730 3845 ex

2190 3866 2411 3917 mortuis
2433 3903 2449 3927 ,
2483 3875 2816 3932 posteaquam
2856 3866 3091 3918 ascendit
3122 3865 3172 3916 in
3209 3862 3437 3926 caelum,
3470 3862 3603 3915 sicut
3628 3862 3733 3914 Eli-

2190 3948 2309 3986 seus
2340 3936 2573 3986 ascendit
2597 3934 2798 3998 Bethel,
2832 3934 2879 3987 id
2909 3944 3005 3995 est,
3038 3935 3089 3986 in
3119 3934 3276 3985 domo
3306 3932 3420 3994 Dei,
3449 3947 3734 3987 conversus

2192 4003 2459 4055 maledixit
2506 4003 2734 4061 Judieos.
2782 4004 2837 4057 'et
2880 4003 3281 4072 quadragesimo
3330 4003 3563 4055 secundo
3602 4018 3736 4057 anno

2189 4073 2511 4127 ascensionis
2554 4086 2664 4125 sua:
2709 4073 2923 4125 immisit
2968 4075 3100 4127 duos
3141 4086 3290 4124 ursos
3328 4072 3393 4124 de
3434 4073 3581 4124 silvis
3608 4087 3732 4138 gen-

2193 4142 2340 4202 tiunt,
2374 4140 2750 4208 Vespasianum
2784 4144 2981 4196 scilicet
3006 4151 3057 4195 et
3085 4142 3281 4206 Titum,
3313 4156 3511 4210 eosque
3534 4142 3731 4195 crudeli

2190 4222 2361 4278 Strage
2385 4212 2711 4278 dejeceruut.

2772 4300 2992 4356 CAPUT
3030 4299 3117 4356 IV.

2329 4388 2406 4444 De
2435 4390 2611 4443 baculo
2634 4408 2719 4460 per
2756 4409 2948 4445 servum
2978 4401 3128 4445 misso
3153 4432 3169 4457 ,
3198 4401 3246 4445 et
3284 4402 3483 4447 nwrtuo
3511 4409 3611 4447 non

2765 4474 3097 4517 γεδειωειιαιο.

2267 4570 2284 4602 ι
2319 4552 2478 4608 Mittit
2516 4553 2719 4609 Eliseus
2762 4569 2854 4620 per
2890 4568 3095 4607 servum
3141 4553 3381 4608 baculum
3419 4568 3580 4621 super
3604 4570 3736 4607 mor-

2192 4630 2356 4686 tuum,
2404 4632 2457 4675 et
2502 4638 2603 4675 non
2656 4623 2957 4687 reviviscit;
3010 4624 3150 4678 venit
3194 4625 3327 4686 ipse,
3358 4624 3650 4692 conjunxit,
3682 4635 3736 4679 et

2190 4701 2395 4753 coaptat
2418 4706 2473 4743 se
2496 4702 2717 4757 monuo,
2750 4703 2801 4745 et
2827 4694 3106 4747 reviviscit.
3133 4712 3152 4744 ι
3186 4692 3322 4746 Misit
3342 4707 3516 4747 sermo
3545 4696 3631 4748 Det
3661 4697 3735 4749 le-

2191 4774 2306 4824 gem
2341 4775 2432 4826 per
2460 4775 2665 4815 servum
2698 4778 2872 4826 suum,
2915 4779 3011 4817 nec
3034 4764 3229 4830 profuit
3258 4765 3308 4816 in
3337 4766 3568 4829 peccatis
3590 4781 3733 4820 tuor-

2193 4836 2281 4880 tuo
2311 4830 2486 4895 generi
2514 4831 2741 4884 humano
2768 4851 2780 4893 ;
2814 4833 2954 4886 venit
2985 4834 3097 4900 ipse
3122 4835 3449 4887 descendens
3475 4836 3539 4889 de
3564 4838 3733 4889 celo-

2194 4906 2306 4949 mm
2334 4900 2651 4954 sublimitate
2676 4903 2821 4969 quasi
2848 4904 2911 4956 de
2942 4905 3131 4956 montis
3162 4904 3453 4967 altitudine,
3486 4905 3733 4957 humilia-

2197 4969 2267 5019 vit
2315 4971 2650 5039 semetipsum
2684 4970 2938 5038 (Philipp.
2973 4976 3031 5039 il)
3056 5014 3068 5035 ,
3100 4971 3445 5026 conformavit
3470 4990 3527 5029 se
3557 4978 3729 5037 nobis,

2196 5038 2517 5106 murtuisque
2562 5042 2810 5094 membris
2857 5044 3087 5095 membra
3132 5057 3224 5095 sua
3272 5045 3587 5110 composuit.
3639 5058 3734 5096 no-

2194 5116 2420 5181 stravque
2440 5113 2802 5181 ‘mortalitatis
2857 5112 2924 5163 de
2978 5127 3072 5164 suo
3129 5127 3350 5181 corpore
3415 5113 3731 5165 medicinam

2192 5179 2403 5248 aptavit.
2440 5177 2637 5232 Deinde
2684 5195 2838 5248 super
2879 5190 3139 5235 mortuum
3190 5177 3387 5248 septies
3424 5184 3649 5243 oscitat.
3682 5193 3734 5236 Pl

2192 5247 2553 5321 septiforutem
2582 5247 2821 5315 spiritum
2854 5249 3080 5303 humano
3108 5247 3285 5318 generi
3315 5254 3440 5315 dat,
3475 5266 3565 5317 per
3591 5253 3733 5320 quod

2195 5314 2481 5370 viviﬁcatus
2508 5332 2535 5370 a
2565 5314 2733 5371 morte
2764 5314 3380 5389 peccatorum'resurgat.

2198 5493 2271 5546 De
2299 5497 2430 5563 ferro
2467 5508 2512 5551 et
2552 5500 2687 5570 ligno
2729 5431 3396 5623 εχὲἒξὲιξεῖἒηνρτοίυηάιιηι
3424 5545 3437 5569 ,
3464 5514 3509 5554 et
3537 5516 3733 5557 reverso

2808 5588 2836 5621 α
2922 5590 3110 5623 ιηηαημ

2808 5588 2870 5623 aa
2904 5588 3110 5641 tignum.

2267 5657 2439 5730 t__Cnnt
2468 5661 2734 5712 Securibus
2762 5661 2896 5727 ligna
2918 5664 3259 5723 mederentur,
3286 5662 3349 5715 de
3371 5662 3513 5730 ligno
3535 5663 3732 5716 lerrull

2196 5728 2435 5780 cxsilicus
2478 5730 2524 5781 in
2570 5731 2874 5796 profundunt
2916 5732 3141 5788 ﬂuminis
3173 5749 3397 5790 mersum
3416 5728 3543 5799 est.
3578 5744 3736 5802 atque
