3914 6228
262 347 372 403 4ιο

1093 342 1541 409 ΟυιΕΞΤΙΟΝΕΞ
1581 340 1645 395 IN
1691 338 1928 394 LIBROS
1967 337 2220 394 REGUM.
2255 366 2322 378 —-
2354 336 2472 391 LIB.
2519 335 2601 387 IV.

3337 337 3440 391 450

263 462 320 513 in
371 461 561 530 lignum
613 457 835 530 desuper
859 454 946 530 .ab
985 454 1164 530 _Eli_seo
1204 453 1488 519 projectum
1536 462 1803 530 reversum
1835 450 1880 506 Α
1909 445 2340 530 grinantttrqu‘od
2369 444 2657 530 inﬁillprum
2685 458 2808 530 pace
2831 446 2982 530 etiarn
3014 460 3113 530 pas.
3137 457 3277 527 esset
3313 451 3439 504 ista-

260 536 368 582 est.
407 524 434 579 ἶ
477 529 544 579 Ita
585 541 702 578 cum
751 524 934 587 impios
977 524 1184 577 Judmos
1229 537 1320 587 per
1360 534 1550 587 corpus
1587 527 1800 584 cperata

265 596 546 659 pra-sentis
565 593 774 651 Citris'i.
802 601 1041 658 tanquam
1070 591 1415 659 infructuosae
1436 589 1678 659 arbores,
1698 600 1806 659 ore:

261 652 439 725 deret,
462 664 578 731 quia
607 663 671 714 de
699 664 731 714 il
755 677 786 712 ο
815 652 1043 731 Joannes
1071 661 1276 731 digerat
1315 674 1329 708 :
1365 657 1498 731 Ecce
1518 657 1706 731 securis
1734 652 1804 704 ad

261 726 491 797 radicem
525 732 757 784 arborum
789 730 949 797 posita
981 738 1052 780 est
1081 727 1285 797 (Matth.
1314 726 1518 797 ttt),‘ab
1545 727 1624 797 eis
1647 726 1805 797 inter:

264 795 515 853 venie‘nte
554 791 810 870 passione
825 811 1013 866 corpus
1030 791 1204 870 ipsum
1234 793 1464 870 deseruit
1489 832 1511 870 ,_
1532 804 1584 845 et
1615 791 1803 870 inferni

264 870 523 934 profunda
556 863 875 938 descendit,
908 863 1066 938 quod
1095 867 1145 917 in
1190 863 1455 938 sepultura
1483 863 1798 938 depositum,

263 932 514 1007 tanquam
544 938 608 990 ad
643 936 968 989 manubrium
992 935 1174 998 spiritu
1207 932 1458 984 redeunte
1485 932 1731 982 surrexit.

323 1114 405 1168 De
427 1113 719 1183 agritudine
747 1041 1346 1176 3231?:21Tquvilltdecim
1374 1107 1555 1159 additis
1582 1114 1748 1157 annls.

343 1220 365 1255 ι
400 1202 730 1257 Decumbenli
766 1203 813 1254 in
843 1201 1032 1255 lectulo
1066 1199 1318 1259 Ezechiae,
1363 1199 1608 1263 gravique
1652 1195 1804 1257 aegri-

260 1272 449 1325 tudine
479 1270 755 1334 laboranti,
784 1286 845 1324 ex
876 1283 1093 1341 persona
1113 1267 1514 1341 Dominilsaias
1547 1267 1797 1341 prOpIteta

261 1341 491 1394 adorsus
517 1350 597 1393 est
621 1332 760 1400 eum,
800 1332 1084 1405 praedicens
1112 1336 1180 1388 illi
1209 1335 1342 1402 quod
1370 1345 1696 1394 moreretttr;‘
1715 1332 1800 1405 ille

259 1417 445 1462 autem
489 1422 642 1460 orans
683 1401 954 1460 Dominum
999 1409 1047 1457 in
1090 1406 1202 1470 ipso
1228 1401 1534 1470 praestituto
1579 1401 1801 1453 termino

261 1481 472 1537 mortis,
503 1475 776 1529 confestim
805 1476 938 1528 Deus
968 1488 1144 1525 vocem
1169 1474 1280 1537 ejus
1308 1471 1502 1523 audivit
1522 1509 1537 1533 ,
1567 1478 1620 1520 et
1647 1473 1796 1534 quitr-

258 1545 444 1599 decim
467 1559 631 1597 anuos
653 1545 772 1596 vita:
799 1543 1127 1610 deprecantis
1156 1541 1399 1592 ostendit.
1443 1557 1460 1589 ι
1494 1540 1589 1603 Qui
1620 1552 1802 1589 nurne-

263 1627 363 1666 rus
398 1612 690 1680 quindecim
735 1626 985 1664 auuorutn
1012 1649 1026 1672 ,
1065 1611 1185 1677 quid
1225 1610 1539 1680 sacramenti
1568 1614 1799 1680 continet

260 1680 319 1733 in
354 1675 633 1750 tnjsterio?
660 1695 803 1742 nam,
831 1690 886 1733 ut
908 1675 1316 1750 Apostdlusait:
1347 1676 1632 1750 secundum
1660 1675 1796 1750 annd

1913 513 2048 578 rum,
2079 526 2129 566 et
2154 515 2468 567 aedificarent
2495 513 2701 576 domos,
2724 525 2776 568 et
2801 516 3119 568 novellarent
3141 518 3339 578 vineas.
3374 532 3433 574 et

1909 583 2197 656 plaularent
2221 583 2436 656 _hortos,_
2456 583 2570 656 quis
2597 593 2992 656 ΔΙιοη-ειεηᾳξεειι
3027 584 3147 656 quid
3189 585 3432 656 pris-tigri-

1906 654 2116 714 raverit,
2147 652 2234 718 qui
2262 649 2540 703 attenderit
2563 651 2701 703 viros
2727 649 3008 718 Israelitas,
3038 652 3087 704 in
3110 657 3296 718 quibus
3325 649 3421 708 du-

1907 722 1985 773 lus
2023 736 2122 772 non
2168 717 2270 783 est,
2319 733 2408 785 per
2453 718 2784 783 apostolicam
2827 717 3267 784 diSpensationem
3305 738 3422 778 cum

1904 788 2214 854 Evangelico
2244 798 2570 840 sacramento
2596 788 2659 838 ad
2684 801 2897 854 regnum
2923 787 3154 853 gentium
3187 795 3427 846 transmi-

1904 858 2116 921 prassei
2167 854 2316 909 llude
2359 856 2508 923 nubis
2551 855 2832 915 Apostolus
2880 863 3124 922 tanquam
3170 861 3428 923 replicans

1905 925 2182 979 Jeretuiam
2201 965 2215 986 ,
2245 925 2369 977 dicit
2394 940 2405 974 :
2443 921 2568 976 Volo
2596 923 2748 991 igitur
2771 925 2936 991 primo
2965 921 3185 979 omnium
3209 921 3313 988 ﬁeri
3339 934 3430 983 de-

1903 995 2207 1061 precationes
2230 1034 2244 1053 ,
2282 993 2594 1062 atloratriones
2619 1033 2633 1055 ,
2662 991 3083 1062 interpellatione:
3110 1033 3124 1054 ,
3154 998 3429 1062 gratiarum

1904 1060 2121 1116 actiones
2143 1103 2157 1126 ,
2185 1079 2274 1128 pro
2312 1061 2535 1113 omnibus
2574 1060 2853 1132 hominibus
2879 1063 2918 1120 .'
2938 1077 3029 1129 pro
3059 1060 3253 1132 regibus
3282 1074 3328 1118 et
3355 1069 3430 1119 his

1902 1136 1985 1200 qui
2017 1134 2068 1184 in
2097 1132 2396 1184 sublimitate
2423 1139 2538 1181 sunt
2559 1138 2661 1200 ,rut
2688 1129 2905 1200 quietam
2930 1129 3326 1200 ettranguillam
3363 1138 3436 1190 vi-

1905 1199 2004 1252 tam
2043 1217 2248 1267 agamus
2276 1201 2325 1251 in
2367 1200 2499 1249 omni
2543 1199 2719 1263 pietate
2763 1206 2828 1267 ει-
2856 1199 3114 1258 charitate.
3164 1199 3273 1253 [Ioc
3299 1206 3430 1257 enim

1907 1265 2092 1321 bonum
2111 1279 2153 1321 et
2184 1276 2438 1332 acceptum
2479 1276 2548 1317 est
2585 1282 2752 1317 coram
2794 1265 3054 1318 Saluatore
3091 1279 3260 1321 nostro
3290 1271 3392 1323 Deo
3417 1313 3432 1335 ,

1904 1339 1986 1404 qui
2011 1353 2178 1389 omnes
2201 1335 2557 1405 hontittes_vult
2594 1335 2755 1405 salvos
2792 1335 2900 1405 ﬁeri
2922 1374 2937 1398 ,
2967 1343 3012 1387 et
3041 1337 3108 1388 ad
3134 1340 3434 1405 agnitionem

1902 1401 2120 1458 ueritatis
2143 1405 2305 1457 uenire
2334 1401 2399 1472 (1
2423 1403 2556 1456 Tim.
2590 1419 2622 1455 tt
2647 1404 2685 1470 ).
2719 1405 2788 1455 Ex
2818 1404 2914 1472 hoc
2934 1407 3125 1471 quippe
3152 1401 3306 1460 etiam
3335 1409 3435 1462 illis

1903 1475 2232 1526 eredentibus
2258 1468 2557 1525 constructa
2579 1468 2699 1524 sunt
2725 1468 2980 1525 domicilia
3010 1468 3176 1541 pacis,
3207 1476 3432 1531 basilicae

1903 1542 2310 1610 Christianarum
2328 1543 2814 1610 congregationum,
2843 1551 2907 1610 et
2926 1544 3205 1595 novelIaL-e
3234 1545 3420 1610 vineae,

1903 1610 2077 1677 populi
2129 1609 2380 1675 lideliutu,
2423 1618 2476 1661 et
2519 1609 2728 1673 plantati
2779 1609 2935 1670 horti,
2975 1610 3060 1663 ubi
3101 1613 3257 1664 etiam
3299 1609 3432 1668 inter

1906 1681 2048 1749 olera
2084 1679 2256 1749 omnia
2284 1693 2500 1749 granum
2533 1677 2655 1728 illud
2690 1677 2891 1749 sinapis
2923 1689 3128 1749 regnat,
3162 1682 3257 1732 sub
3286 1687 3434 1749 cujus

261 1749 390 1833 quis
409 1739 659 1833 operatus
685 1739 877 1829 fuerit,
909 1739 976 1800 n5
1015 1758 1067 1800 et
1105 1745 1552 1833 recipietJ(l£p.Ites.
1582 1760 1628 1796 νι
1655 1756 1679 1833 ;Ι
1701 1739 1799 1820 Co-
1831 1775 1877 1833 Β
1908 1748 2222 1833 utubrnculis
2252 1739 2401 1824 lo'nge
2438 1748 2641 1833 lateque
2674 1739 2922 1823 porrectis
2947 1739 3436 1833 ,‘retiain'alitipetax

258 1812 393 1871 loss.
433 1812 533 1890 ut).
581 1819 805 1890 Ideoque
829 1818 1112 1890 _iste_rex_,
1149 1815 1268 1890 quia
1313 1814 1616 1878 decalogunt
1660 1812 1795 1890 legis

261 1900 390 1939 cum
445 1889 670 1952 quinque
727 1886 871 1939 libris
929 1884 1092 1950 Moysi
1147 1886 1350 1950 integra
1399 1884 1796 1952 conservatione

267 1949 628 2023 compleverat
655 1994 671 2018 ,
703 1955 819 2008 ideo
846 1949 1144 2023 quindecim
1167 1949 1333 2004 annos
1360 1951 1642 2003 secundum
1669 1949 1795 2023 legis

261 2020 716 2090 numerum-quem
744 2022 1058 2075 custodierat
1086 2022 1148 2073 ad
1177 2023 1330 2090 vitam
1362 2028 1540 2090 auctos
1569 2020 1791 2079 accepit.

266 2091 373 2145 Per
411 2094 548 2159 quod
584 2088 876 2159 ﬁguraliter
917 2091 1170 2143 sciremus
1213 2089 1334 2159 quia
1374 2088 1664 2159 quicunque
1704 2100 1795 2153 per

263 2156 475 2214 numeri
501 2156 653 2214 istius
676 2159 974 2228 mysterium
1014 2160 1187 2228 totius
1239 2157 1368 2228 legis
1422 2156 1793 2222 plenitudinem

262 2230 571 2282 custodiunt
595 2267 611 2290 ,
636 2239 846 2282 asternzn
874 2227 1054 2280 salutis
1083 2227 1349 2293 prmmiutu
1378 2235 1791 2290 consequuntur,

262 2311 330 2348 ac
363 2310 452 2362 per
479 2297 607 2364 legis
634 2299 1131 2349 consummationem
1160 2298 1223 2364 ad
1250 2295 1367 2346 vitae
1391 2302 1602 2364 aeternae
1627 2295 1795 2364 pleni-

265 2365 506 2418 tudinem
536 2363 851 2428 transeunt,
891 2363 1040 2432 cujus
1082 2363 1290 2430 quidem
1331 2363 1471 2432 regis
1518 2376 1610 2429 pro
1649 2363 1797 2432 signo

261 2433 601 2486 conferenda:
646 2436 848 2496 salutis,
885 2430 1065 2486 decent
1106 2432 1294 2500 gradus
1340 2431 1525 2500 domus
1564 2445 1694 2493 sum,
1743 2430 1795 2483 in

256 2501 460 2568 quibus
483 2503 661 2555 umbra
685 2503 997 2558 descendere
1016 2499 1374 2563 consueverat,
1401 2499 1479 2554 sol
1511 2510 1793 2557 retrorsum

261 2567 336 2622 ad
364 2580 532 2622 ortum
566 2572 701 2624 unde
727 2571 1031 2624 ascenderat
1069 2583 1337 2636 regressus
1382 2568 1663 2636 scribitur:
1706 2567 1792 2634 qui

262 2649 520 2716 numerus
549 2641 670 2706 quid
701 2640 934 2716 mysterii
971 2634 1176 2700 habeat,
1209 2637 1492 2689 videamus.
1523 2634 1649 2716 N_atu
1674 2651 1797 2716 [gra-

264 2703 373 2759 dus
401 2708 484 2760 isti
511 2703 799 2772 temporum
826 2706 1035 2775 ordines
1057 2717 1173 2758 sunt
1198 2721 1286 2771 per
1308 2718 1435 2775 quos
1465 2704 1646 2757 umbra
1672 2703 1797 2775 ligu-

267 2787 450 2844 rarum
481 2776 667 2829 Christi
709 2773 1049 2830 descenderat
1071 2815 1085 2836 ,
1114 2789 1205 2842 per
1231 2789 1359 2844 quos
1387 2773 1571 2844 iterum
1596 2782 1674 2844 sui
1712 2773 1796 2840 ju-

265 2843 429 2911 stitite
455 2845 708 2904 Christus,
727 2854 843 2911 post
869 2840 1299 2897 resnrrectiouein
1322 2840 1796 2911 ascettdit.Pt-imus

267 2909 448 2978 itaque
469 2914 654 2980 gradus
677 2907 1029 2965 descensionis
1051 2912 1117 2980 de
1143 2913 1246 2962 Deo
1270 2911 1321 2962 in
1349 2910 1533 2976 angelo
1564 2909 1680 2967 fuit.
1707 2907 1795 2975 qui

272 2981 450 3047 magni
475 2979 673 3033 coitsilii
706 2991 915 3033 uttuttus
934 2991 1063 3034 erat.
1100 2979 1328 3046 Denique
1353 2987 1406 3031 et
1429 2981 1589 3047 Jiacob
1615 2980 1693 3030 sic
1722 2979 1796 3029 lo-

267 3046 447 3114 quitur
489 3067 500 3100 :
533 3047 598 3100 Et
625 3051 750 3100 dixit
775 3090 789 3110 ,
824 3050 1009 3116 inquit.
1037 3050 1242 3115 angelus
1271 3047 1362 3116 Dei
1394 3062 1411 3098 :
1439 3046 1548 3114 Ego
1576 3061 1686 3096 sum
1713 3048 1795 3098 cui

1902 1817 2144 1883 superbia
2193 1817 2421 1884 gentium
2449 1855 2463 1880 ,
2513 1823 2754 1882 tauquam
2795 1816 2843 1867 itt
2874 1813 2989 1869 cmli
3025 1813 3320 1874 volatilibus
3355 1835 3440 1876 re-

1897 1885 2137 1954 quiescit.

2489 1948 2710 2006 CAPUT
2747 1952 2834 2004 IX.

1895 2040 1970 2095 De
1991 2040 2306 2111 septuaginta
2337 2039 2482 2092 annis
2537 2040 2856 2107 captiuitatis,
2896 2048 2946 2094 et
2988 2039 3113 2095 Iesu
3158 2045 3439 2100 sacerdote.

1962 2130 2091 2184 Nam
2122 2130 2258 2198 quod
2279 2131 2434 2184 etiam
2464 2137 2575 2198 post
2603 2131 2925 2196 septuaginta
2948 2145 3113 2185 annos
3143 2135 3427 2187 secundum

1893 2197 2399 2268 ejusdemileremite
2429 2197 2980 2269 prophetiatureditnr
3009 2215 3074 2254 ex
3117 2203 3435 2269 captivitate.

1893 2267 1945 2321 et
1970 2269 2218 2342 templum
2248 2281 2558 2330 renovatur,
2586 2267 2703 2335 quis
2749 2268 2975 2342 lideliutn
3021 2286 3128 2342 non
3186 2267 3437 2339 intelligat

1894 2347 2012 2405 post
2035 2337 2239 2389 evoluta
2262 2346 2518 2404 tetnpOra,
2545 2351 2660 2403 qu:e
2688 2337 2970 2404 septenarii
3001 2337 3200 2391 dierum
3233 2337 3436 2395 numeri

1895 2405 2203 2473 repetitione
2245 2412 2641 2468 transcurrunt,
2669 2409 2823 2457 etiam
2852 2406 3022 2468 nobis,
3047 2405 3097 2459 id
3129 2417 3227 2470 est,
3257 2410 3435 2462 Eccle-

1893 2475 1986 2527 sia:
2008 2473 2120 2538 Dei,
2151 2473 2215 2526 ad
2247 2473 2380 2525 illam
2395 2475 2657 2527 cmlestem
2685 2474 2972 2527 Jerusalem
2995 2492 3057 2527 ex
3088 2477 3237 2544 hujus
3259 2480 3436 2531 surculi

1894 2545 2308 2611 peregrinatione
2328 2557 2444 2594 esse
2467 2544 2806 2611 redeundum,
2837 2559 2931 2608 per
2957 2544 3136 2598 Jesum
3171 2546 3436 2599 Christum

1891 2610 2212 2664 Sacerdotem
2240 2611 2516 2678 magnum?
2543 2610 2702 2676 Cujus
2729 2613 2943 2677 gerebat
2973 2613 3189 2680 ﬁguram
3220 2615 3306 2667 ille
3344 2617 3436 2668 Je-

1894 2694 2019 2750 snsi
2036 2681 2281 2733 sacerdos
2312 2693 2526 2747 magnus
2549 2680 2970 2750 illiustemporis,
2999 2697 3025 2732 a
3049 2699 3149 2750 quo
3186 2686 3434 2750 templum

1894 2749 2201 2819 aediﬁcatum
2231 2761 2312 2819 est
2345 2759 2456 2819 post
2506 2747 2854 2819 captivitatem
2905 2767 2915 2802 :
2974 2747 3128 2819 (Luem
3184 2747 3433 2819 propheta

1892 2817 2166 2871 Zacharias
2196 2818 2320 2869 vidit
2346 2817 2396 2867 itt
2428 2817 2639 2886 sordido
2662 2817 3434 2886 habitu,devictoque'dia'holn,

1894 2889 1979 2952 qui
2003 2889 2066 2937 ad
2086 2887 2199 2951 eius
2225 2884 2606 2937 accusationem
2627 2886 2816 2946 stabat,
2835 2888 2998 2939 ablata
3023 2889 3087 2938 ab
3110 2888 3198 2940 illo
3221 2884 3432 2942 sordida

1893 2963 2057 3016 veste,
2083 2965 2134 3007 et
2159 2956 2279 3006 dato
2307 2955 2606 3006 indumento
2631 2954 2848 3007 h0u0ris
2877 2956 3056 3022 glmiae
3081 2972 3095 3018 ;
3139 2959 3273 3010 sicut
3318 2973 3440 3010 εον-

1897 3038 1994 3089 pus
2020 3024 2142 3076 .lesu
2167 3022 2536 3087 Christi,quod
2560 3031 2640 3075 est
2664 3022 2914 3087 Ecclesia,
2933 3026 3236 3077 adversario
3264 3030 3312 3077 in
3341 3030 3440 3079 line

268 3091 463 3169 gnxisti
488 3119 683 3168 titulum
708 3158 722 3179 ,
773 3091 816 3169 et
840 3091 1012 3170 uobisti
1048 3091 1213 3168 tioium
1255 3115 1405 3182 (Gen.
1440 3091 1635 3181 κῖκι),
1667 3123 1793 3168 utet

1905 3103 2312 3182 temporum|per
2334 3092 2586 3170 judicium
2624 3103 2895 3182 superato,
2918 3108 2946 3143 a
2974 3094 3110 3144 luctu
3137 3095 3437 3182 peregrina-

267 3184 510 3249 angelum
552 3196 605 3238 et
647 3185 804 3238 Deum
840 3182 1156 3239 ostenderet.
1191 3186 1460 3238 Secundus
1490 3188 1678 3251 gradus
1704 3183 1797 3236 de-

269 3254 566 3320 scensiOuis
607 3254 673 3306 de
709 3254 892 3319 angelo
939 3257 987 3305 itt
1021 3255 1326 3320 patriarchis
1357 3254 1453 3306 fuit
1475 3293 1490 3316 ,
1542 3270 1561 3302 ι
1597 3254 1714 3320 quia
1745 3253 1794 3306 itt

268 3315 515 3375 omnibus
538 3360 553 3384 ,
582 3333 634 3373 ιιι
661 3323 733 3374 ait
764 3315 1062 3385 Sposttilus,
1092 3323 1200 3385 ipse
1230 3333 1308 3374 est
1329 3331 1571 3385 operatus
1594 3315 1644 3390 (Ἰ
1677 3320 1795 3375 Cor.

273 3392 396 3456 ait).
437 3409 456 3441 ι
499 3390 776 3445 Tertiusiu
819 3392 944 3456 legis
985 3393 1195 3443 datioue
1221 3427 1235 3450 ,
1289 3407 1306 3439 t
1346 3392 1469 3457 quia
1507 3401 1557 3441 et
1604 3395 1654 3442 itt
1687 3393 1799 3457 lege

268 3459 391 3522 ipse
416 3459 614 3512 locutus
634 3467 732 3513 est.
766 3477 784 3510 ι
816 3462 1037 3525 Quartus
1057 3461 1247 3524 gradus
1276 3459 1323 3509 itt
1351 3458 1474 3510 Jesu
1504 3458 1662 3517 Nave,
1696 3476 1713 3506 ε
1745 3469 1798 3512 ut

272 3526 520 3592 populum
547 3529 596 3580 in
620 3538 808 3580 terram
837 3527 1254 3593 repromissionis
1279 3527 1563 3578 induceret.
1594 3545 1611 3575 ›
1645 3527 1794 3589 Quiu-

271 3604 361 3646 tus
389 3597 437 3647 itt
475 3593 767 3663 iudicibus,
805 3613 823 3646 ι
862 3596 976 3664 quia
1021 3597 1259 3664 eumdem
1299 3596 1542 3663 pepultttn
1587 3609 1800 3664 pereos

273 3664 392 3726 ipse
413 3662 640 3730 regebat.
666 3683 683 3714 ι
706 3662 892 3717 Sextus
919 3680 968 3716 tn
996 3666 1202 3731 regibus
1226 3662 1541 3726 Judzeurutn,
1568 3681 1586 3714 ε
1610 3662 1725 3730 quia
1750 3666 1798 3716 itt

269 3732 355 3786 eis
383 3731 493 3798 ipse
516 3737 783 3798 regnabat.
816 3751 834 3783 ι
859 3735 1117 3796 Septimus
1135 3735 1185 3785 in
1205 3733 1494 3800 prOpltetis,
1522 3750 1541 3782 ι
1570 3738 1685 3800 quia
1713 3749 1802 3798 per

269 3814 369 3851 eos
397 3810 479 3854 eet
505 3802 851 3854 anuuntiatus.
885 3819 901 3850 ι
929 3800 1154 3855 Octavus
1179 3805 1228 3854 itt
1251 3802 1597 3868 pontificibus,
1637 3821 1654 3850 ι
1685 3803 1798 3868 quia

271 3869 393 3933 ipse
417 3883 653 3922 summus
695 3870 937 3923 sacerdos
975 3881 1053 3922 est
1085 3871 1272 3922 Patris.
1311 3888 1330 3920 ι
1362 3872 1533 3922 Nonus
1562 3873 1611 3921 in
1643 3869 1804 3922 lauini-

273 3950 367 3989 ne.
387 3936 630 3991 Decimus
651 3940 698 3990 in
720 3940 979 4004 passione.
998 3937 1095 3990 Per
1116 3939 1207 3990 bos
1227 3939 1364 3991 enim
1386 3942 1563 3990 decem
1587 3941 1798 4004 gradus,

271 4019 413 4076 quos
439 4008 570 4074 ipse,
602 4008 833 4059 umbram
879 4007 1004 4074 legis
1052 4010 1256 4076 priscae,
1305 4008 1541 4060 Christus
1587 4015 1804 4076 uescen-

273 4074 470 4143 dit,ac
495 4090 673 4130 rursus
702 4084 819 4143 post
844 4074 1276 4129 resurrectiOnem
1307 4091 1452 4128 suam
1484 4077 1558 4128 sol
1586 4075 1803 4142 justttiae

271 4141 518 4212 Christus
543 4159 631 4210 per
652 4141 862 4197 eosdem
884 4147 1075 4212 gradus
1095 4159 1299 4197 sursum
1329 4147 1376 4196 itt
1403 4147 1591 4198 caelum
1623 4161 1805 4198 ascen-

273 4210 377 4283 dit,
406 4221 459 4263 et
481 4227 687 4283 omnem
718 4210 953 4266 umbram
981 4215 1124 4266 illam
1155 4215 1281 4283 legis
1313 4217 1542 4267 veritatis
1566 4213 1721 4268 rltdiis
1753 4215 1806 4266 il-

275 4278 541 4342 lustravit,
569 4282 785 4332 obscura
830 4289 1067 4336 revelatis
1089 4321 1104 4346 ,
1141 4278 1317 4341 clausa
1349 4297 1590 4338 reserans
1615 4297 1666 4337 et
1692 4300 1806 4337 otn-

274 4349 366 4400 uia
397 4358 529 4402 tecta
553 4348 842 4402 denudans.

860 4441 1082 4496 CAPUT
1119 4441 1227 4495 VII.

380 4526 452 4579 De
480 4527 709 4584 Ezechia.’
735 4531 914 4584 diuitiis
933 4571 948 4596 ,
979 4533 1147 4612 morb'o
1165 4536 1426 4604 jactatttia:
1452 4535 1702 4589 Chaldwis

933 4613 1166 4655 θειωηη.

350 4685 500 4764 Quod
544 4697 596 4740 et
640 4688 886 4764 Ezechias
913 4691 1251 4764 rex__d_ivitias
1293 4707 1415 4746 suas
1443 4694 1703 4750 Chaldaeis
1729 4698 1815 4764 ja-

276 4754 492 4807 ctantiat
518 4759 862 4830 ostentatione
889 4760 1142 4826 perdidit,
1170 4770 1222 4813 et
1253 4772 1523 4829 propterea
1555 4754 1813 4830 perituras

278 4837 377 4902 per
403 4827 705 4902 prophetam
748 4828 943 4881 audiVll
967 4868 982 4893 ,
1009 4827 1268 4902 sigullicat
1313 4827 1400 4902 Dei
1442 4827 1687 4893 servum,
1726 4838 1817 4902 qui

277 4893 410 4965 dum
440 4892 650 4965 virtutes
678 4907 798 4965 suas
823 4892 974 4950 vana:
1000 4892 1176 4964 gloriae
1219 4900 1536 4965 perdiderit,
1574 4892 1694 4954 mox
1726 4892 1816 4958 eas

281 4963 525 5027 perdere,
547 4963 670 5015 etin
693 4963 985 5018 daemonum
1010 4963 1238 5021 dominio
1261 4968 1534 5024 thesauros
1559 4969 1814 5026 bonorum

278 5045 501 5095 operum
532 5030 720 5084 infelici
750 5036 1128 5098 permutatione
1157 5039 1372 5090 constat
1391 5037 1612 5090 transire
1633 5078 1646 5097 .
1681 5040 1815 5094 sicut

278 5100 376 5149 ille
406 5114 496 5168 per
524 5101 884 5153 ostentationis
913 5107 1194 5168 appetitum
1213 5145 1228 5168 ,
1261 5108 1535 5160 thesauros
1564 5120 1688 5160 suos
1718 5112 1815 5164 sub

278 5167 518 5221 dominio
542 5170 904 5224 Chaldzorum
933 5167 1104 5224 ellecit
1127 5167 1371 5242 migrare.

856 5278 1073 5334 CAPUT.
1113 5281 1242 5337 Vlll.

282 5346 362 5399 De
397 5352 849 5425 transmigratione
873 5349 962 5425 sui:
998 5366 1112 5425 rege
1151 5351 1647 5425 Nabucltodonosore
1683 5359 1819 5425 facta

833 5421 884 5473 in
914 5417 1264 5489 Babyloniam.

354 5502 485 5583 Nam
511 5505 620 5583 ipsa
649 5509 699 5561 in
728 5510 1060 5583 Babyloniam
1091 5512 1495 5583 transmigratio,
1519 5530 1621 5582 quo
1652 5518 1812 5572 etiam

281 5575 498 5638 spiritus
527 5575 616 5630 Dei
646 5592 742 5645 per
778 5575 1055 5653 Jeremiatn
1097 5575 1402 5653 prophetam
1428 5575 1574 5651 jubet
1603 5597 1655 5638 ut
1690 5601 1809 5653 per-

203 5669 207 5674 ι
281 5654 409 5708 gant
447 5653 500 5717 et
537 5656 688 5700 orent
717 5661 810 5716 pro
835 5650 911 5704 eis
941 5651 1100 5720 ipsis,
1141 5650 1191 5705 in
1222 5650 1441 5719 quorum
1473 5667 1631 5723 regno
1662 5650 1810 5724 pere-

1900 3163 2052 3212 tionis
2080 3161 2130 3211 in
2161 3161 2321 3227 gloria
2351 3163 2684 3229 sempiterna:
2712 3161 2898 3213 salutis
2945 3167 3244 3214 assumitur.
3291 3164 3439 3229 Quod

1893 3232 2050 3281 etiam
2102 3229 2402 3296 inipsaltno
2455 3228 2796 3280 dedicationis
2848 3231 3068 3292 domus,
3115 3228 3444 3296 apertiséime

1893 3299 2096 3349 canitur
2122 3315 2133 3348 :
2160 3295 2451 3348 Convertiin
2479 3298 2666 3348 luctum
2713 3313 2875 3349 meum
2906 3302 2956 3350 in
3004 3295 3244 3365 gaudium
3293 3304 3438 3364 mihi,

1893 3365 2155 3418 co-tridtsti
2181 3381 2378 3418 saccum
2426 3382 2587 3418 meum
2613 3406 2626 3428 ,
2655 3375 2702 3418 et
2747 3368 3012 3419 accinxisti
3047 3385 3121 3420 me
3158 3370 3356 3430 (latitia,
3390 3382 3441 3421 ut

1895 3445 2056 3485 cantet
2081 3436 2166 3486 tibi
2194 3435 2353 3502 gloria
2382 3450 2509 3499 mea,
2544 3446 2591 3487 et
2629 3451 2726 3486 non
2748 3450 3048 3503 compungar
3070 3437 3235 3506 (Ρδαι.
3273 3442 3444 3505 uix).

2507 3558 2728 3618 CAPUT
2767 3563 2831 3618 Χ.

1900 3651 1975 3708 De
2004 3655 2131 3706 uasis
2164 3653 2439 3726 Donjiniin
2492 3653 2824 3726 Babyloniam
2871 3625 3172 3722 deportatis,
3224 3669 3269 3710 et
3312 3663 3444 3726 quod

2144 3739 2231 3776 rex
2253 3721 2588 3790 Babylonicus
2606 3721 2793 3792 typum
2820 3735 2957 3793 gerat
2986 3727 3192 3779 diaboli.

1969 3811 2114 3876 Quod
2143 3822 2317 3862 autem
2348 3826 2465 3863 vasa
2497 3811 2700 3864 Domini
2733 3813 3004 3868 sacrificiis
3035 3817 3116 3867 vel
3150 3830 3448 3878 sacramen-

1901 3881 1970 3935 tis
2007 3881 2241 3951 mysticis
2286 3879 2569 3951 deputata,-_
2599 3896 2685 3951 rex
2735 3885 2992 3945 quondam
3047 3881 3328 3951 Btbylouis
3380 3889 3447 3941 do

1901 3950 2192 4003 Jerusalem
2208 3950 2511 4020 abstulisse.
2540 3950 2835 4015 pariterque
2872 3955 3103 4015 captivos
3134 3950 3436 4020 abduxisse,

1903 4030 1954 4070 et
2008 4019 2116 4069 suis
2143 4018 2321 4087 usibus
2357 4018 2655 4084 deputasse,
2679 4020 2959 4087 miserante
2987 4029 3158 4072 autem
3194 4021 3298 4074 Deo
3330 4018 3449 4087 post

1904 4088 2124 4139 soluzam
2155 4100 2249 4152 cap
2272 4085 2498 4138 ivitatetn
2527 4102 2644 4136 vasa
2681 4085 2765 4137 illa
2797 4089 2956 4138 relata
3005 4097 3147 4154 sunt,
3180 4105 3280 4140 non
3311 4085 3442 4142 eon-

1906 4156 2046 4227 ilata,
2075 4166 2133 4227 et
2148 4154 2326 4227 divino
2360 4170 2573 4227 rursuur
2593 4154 2756 4227 cultni
2803 4158 3093 4223 mancipata
3117 4195 3131 4218 ,
3156 4174 3244 4210 rex
3278 4159 3446 4227 Baby-

1913 4224 2079 4276 lonius
2110 4225 2346 4276 diabolus
2372 4229 2471 4285 est,
2490 4223 2576 4290 qui
2605 4217 2864 4275 infelicem
2891 4217 3136 4290 populum
3165 4217 3446 4289 corporu'm

1908 4294 2211 4364 captivitate
2237 4292 2302 4344 de
2322 4291 2632 4364 Jerusalem,
2659 4293 2711 4342 id
2734 4304 2833 4364 cst,
2862 4294 3112 4354 Ecclesia,
3145 4296 3196 4345 in
3229 4297 3444 4364 Babylo-

1915 4362 2072 4422 niam,
2101 4362 2150 4413 id
2178 4371 2257 4412 est
2300 4360 2678 4418 conlusiouem,
2731 4360 2989 4414 haeretica:
3036 4365 3304 4427 pravitatis
3339 4360 3446 4416 'ab-

1843 4414 1890 4472 D
1919 4414 2084 4482 duxit.
2117 4429 2220 4481 Sed
2249 4440 2300 4480 et
2347 4439 2538 4493 partem
2593 4414 2852 4491 vasorum.
2899 4443 2948 4482 et
2998 4414 3442 4485 secrantentoruiu

1921 4503 2029 4563 ipsa
2069 4495 2742 4564 sacramentasigniﬁcant,
2771 4513 2860 4562 per
2908 4514 3023 4564 quae
3069 4501 3226 4552 divini
3274 4507 3450 4556 Cultus

1922 4561 2169 4630 perfectio
2199 4561 2528 4628 aditupletur.
2553 4561 2861 4620 Detuleruut
2892 4561 3112 4633 namque
3134 4584 3193 4621 ex
3221 4571 3444 4622 ltistton-

1919 4635 2043 4686 nulli
2084 4648 2258 4686 secum
2309 4649 2370 4686 ex
2419 4639 2608 4685 nostris
2657 4634 2884 4687 hmretici
2940 4638 2988 4688 in
3038 4641 3210 4702 primo
3261 4653 3446 4692 nomen

1919 4705 2109 4767 ipsum,
2156 4702 2432 4754 Christiani
2475 4704 2649 4768 utique
2694 4703 2935 4754 dicuntur
2985 4719 2998 4756 :
3050 4715 3451 4770 asportareruut

1920 4774 2108 4839 legent,
2143 4772 2495 4842 Evangebnnt,
2525 4773 2850 4837 Apostolutu,
2878 4771 3212 4837 Psalterium,
3251 4776 3448 4842 baptis-

1919 4857 2080 4893 tnutn.
2111 4844 2298 4903 Atueu,
2328 4840 2552 4892 alleluia.

2513 4925 2734 4982 CAPUT
2773 4926 2860 4980 XI.

2228 5013 2306 5068 De
2350 5019 2508 5070 reditu
2545 5019 2719 5086 papuli
2743 5019 2794 5070 in
2841 5018 3141 5074 Jerusalem.

1987 5107 2115 5178 Cum
2146 5113 2321 5160 autem
2349 5118 2586 5178 respectu
2617 5108 2818 5178 Domini
2847 5110 3149 5178 ignorantiae
3165 5109 3451 5165 confessio-

1920 5189 1987 5228 ne
2017 5175 2224 5237 relicta,
2259 5177 2478 5245 populus
2527 5178 2591 5229 ad
2641 5175 2963 5240 Jerusttleiu,.
2992 5180 3043 5232 id
3071 5193 3167 5245 est,
3199 5183 3449 5234 visionem

1922 5247 2081 5313 pacis,
2101 5258 2214 5313 quae
2236 5253 2316 5297 est
2345 5244 2572 5298 Ecclesia
2603 5245 2692 5298 Dei
2713 5248 2834 5311 vivi,
2859 5247 2989 5300 duce
3010 5244 3247 5313 Domino,
3273 5251 3445 5303 redt're

1919 5312 2151 5377 l‘estiuat,
2173 5311 2282 5365 lucc
2311 5327 2453 5380 vasa,
2472 5315 2520 5366 id
2542 5326 2962 5380 estsacrameuta
2986 5330 3163 5369 secum
3184 5311 3444 5381 delerens,

1921 5397 2022 5433 non
2054 5383 2309 5452 immutat,
2332 5383 2422 5435 sed
2448 5392 2677 5452 reportat
2706 5385 2881 5451 utique
2907 5387 3126 5452 integra.
3176 5387 3280 5440 Nec
3324 5403 3447 5438 con-

1921 5449 2096 5520 fringit
2123 5451 2267 5520 quasi
2300 5451 2357 5520 iu.
2375 5447 2559 5504 melius
2589 5447 2906 5520 renovanda,
2931 5447 3102 5506 sed'ea
3135 5455 3328 5520 templo
3371 5471 3452 5506 re-

1921 5519 2090 5571 stituit
2109 5518 2480 5587 veleri,ibique
2495 5520 2681 5572 divinis
2695 5518 3050 5573 accomtttodat
3072 5518 3270 5585 usibus,
3299 5532 3362 5574 tta
3396 5533 3451 5574 ut

1923 5602 1982 5640 ea
2011 5601 2186 5640 secum
2217 5601 2317 5639 non
2343 5589 2559 5656 perdita,
2589 5591 2682 5642 sed
2703 5591 2856 5641 etiam
2879 5591 3012 5652 apud
3035 5590 3218 5656 impius
3243 5602 3446 5643 servata

1925 5657 2103 5723 fuisse,
2133 5656 2366 5724 plebique
2416 5656 2650 5710 restituta
2694 5661 3030 5725 congaudeat.
3063 5659 3166 5712 Nec
3217 5659 3452 5715 dolemus
