3914 6228
42 437 172 498 ιιὶῦ

1180 438 1465 504 Αιιρυοτ
1505 436 1590 504 QU
1603 437 1904 492 ίεδιιυΝυ
1917 437 1964 491 Μ’
2004 437 2218 491 LIBER.

3181 438 3288 494 466

40 555 120 603 de.
181 556 462 608 omnibus
503 570 706 622 negare.
751 554 876 604 Nam
921 552 1408 622 suntqttorumdam
1448 551 1636 622 animat
1670 551 1708 606 Α
1745 550 1900 622 Dcutn
1951 547 2454 622 conSpiciuntLquid
2484 556 2565 622 est
2610 549 2860 622 quod‘ibi
2891 551 3146 612 nesciant,
3189 555 3276 604 tibi

40 624 392 689 iustorum,
443 620 610 692 quain
645 624 843 676 caelesti
898 637 1058 689 regno
1105 620 1411 692 quihusdam
1449 620 1639 692 adhuc

40 689 474 746 mansionibus
521 693 833 746 differuntur
879 693 1056 754 iniquo
1102 691 1377 743 diC'lIIOﬂI“;
1429 689 1638 740 damno.

40 762 215 823 Quid
254 779 361 828 per
385 763 481 816 ltoc
509 763 644 816 aliud
674 764 918 822 innuitnr,
943 763 1039 812 nisi
1067 760 1200 826 quod
1233 756 1641 824 perlecta‘justio

41 834 153 880 tia:
189 833 412 896 aliquid
445 847 627 884 munus
658 830 983 883 habuerunt?
1015 831 1072 880 Et
1099 839 1272 881 tamen
1307 830 1420 879 luce
1443 828 1636 878 clarius

40 911 327 968 Constat,
364 902 481 968 quia
528 901 876 966 perfecturum
923 899 1180 964 iustorum
1212 897 1398 968 anitnte
1432 910 1550 968 mos
1586 903 1641 946 ut

44 967 248 1035 hujus
280 963 463 1023 carnis
493 963 718 1022 claustro
745 963 954 1030 exeunt,
1013 970 1065 1019 in
1096 966 1398 1020 cmlestibns
1430 963 1644 1035 sedibus

44 1034 448 1103 reeipittntur.
480 1039 626 1105 Quod
657 1049 708 1091 et
740 1039 847 1103 ipsa
875 1053 964 1102 per
1011 1051 1068 1089 se
1102 1037 1294 1088 veritas
1319 1042 1538 1105 testatur
1565 1034 1642 1084 di-

43 1119 205 1158 cens
245 1125 260 1158 :
299 1103 598 1174 Ubicunque
623 1109 776 1176 fuerit
815 1123 1026 1168 corpus.
1067 1103 1642 1176 illuc‘cong‘regabtttttttr

49 1185 109 1224 ct
148 1178 368 1241 aquin
391 1173 597 1240 (Matth.
622 1173 762 1235 ixtv,
780 1177 871 1241 2:5)
895 1192 908 1229 :
933 1176 1049 1242 quin
1075 1175 1158 1225 ttlti
1191 1173 1300 1239 ipse
1325 1173 1642 1236 Redemptor

53 1256 280 1297 noster
314 1256 398 1297 est
426 1262 667 1311 Corpore,
698 1246 816 1298 illuc
866 1242 1202 1313 proculdubio
1247 1244 1561 1313 colliguntur
1590 1249 1643 1292 et

49 1313 284 1366 animm
313 1314 606 1377 iustorum;
633 1325 684 1367 et
714 1311 903 1365 Paulus
930 1314 1179 1364 desiderat
1220 1311 1447 1373 dissolvi,
1472 1319 1514 1360 et
1539 1325 1642 1360 esse

50 1397 193 1451 cum
232 1383 447 1436 Christo
479 1383 730 1451 (Philipp.
759 1399 792 1445 I,
822 1383 935 1450 ι23).
967 1382 1063 1444 Qui
1093 1396 1216 1448 ergo
1241 1381 1502 1451 Christum
1526 1393 1642 1451 esse

56 1450 120 1500 in
165 1453 344 1503 caelis
374 1448 715 1516 nondubitat,
735 1469 841 1505 nec
871 1448 1013 1503 Pauli
1035 1451 1262 1502 animam
1292 1464 1410 1502 esse
1434 1449 1482 1500 in
1507 1448 1642 1501 caelo

57 1534 93 1565 ιι
108 1532 276 1580 egat.
309 1523 415 1584 Qui
448 1524 605 1574 etiam
631 1522 694 1574 de
725 1521 1068 1574 dissolutione
1093 1519 1171 1572 sui
1202 1519 1455 1586 corporis,
1488 1527 1643 1584 atque

59 1589 430 1642 habitatione
461 1594 638 1656 patriae
662 1591 889 1644 ccclesiis
916 1589 1041 1643 dicit
1075 1605 1087 1639 :
1116 1588 1314 1640 Scimus
1335 1590 1452 1656 quia
1480 1588 1520 1638 si
1545 1598 1641 1639 ter—

59 1660 269 1729 restris
301 1661 484 1712 domus
540 1670 706 1712 nostra
750 1659 899 1729 hujus
952 1657 1274 1729 habitationis
1320 1657 1639 1719 dissolvatur,

57 1727 219 1789 ψωά
249 1729 640 1795 ωώρεαιίοηεηι
663 1726 895 1781 habemus
919 1745 981 1782 ex
1009 1727 1134 1790 Deo,
1163 1726 1365 1779 domum
1392 1743 1488 1779 non
1536 1742 1640 1778 ma-

64 1800 382 1864 mifuctam,
416 1799 500 1849 sed
531 1809 763 1852 retentum
784 1800 834 1850 in
857 1798 991 1851 caelis
1015 1797 1060 1865 (Ι
1077 1796 1096 1846 1
1123 1797 1238 1849 (ἔστι
1263 1814 1312 1860 ν,
1347 1796 1406 1862 ι)⁸
1431 1796 1487 1850 Si
1514 1811 1638 1865 erg“

69 1880 234 1936 nunc
286 1869 338 1920 in
383 1869 517 1921 coelo
545 1878 665 1920 sunt
714 1870 1207 1935 animzejustormn,
1251 1867 1372 1934 quid
1419 1875 1498 1918 est
1538 1867 1635 1920 hoc
1675 1879 1713 1936 Β

67 1935 230 1999 quod
267 1936 324 1988 in
359 1938 442 1989 die
468 1938 647 2004 judicii
697 1954 789 2003 pro
830 1938 1043 2002 jnstitia:
1084 1950 1191 1988 snte
1241 1951 1297 1990 re
1325 1935 1634 1989 ributionent

72 2005 569 2068 percipiunt?lloc
601 2007 651 2059 in
682 2008 758 2060 eis
804 2007 1044 2058 nimirum
1095 2005 1284 2058 Crescit
1330 2006 1381 2058 in
1419 2004 1637 2072 judicio,

71 2074 232 2138 quod
268 2091 413 2129 nunc
437 2078 726 2129 animarum
777 2077 911 2138 sola,
951 2074 1281 2142 posunodnm
1312 2089 1434 2126 vero
1455 2089 1642 2139 corpo-

76 2157 210 2192 rum
235 2144 564 2198 beatitudine
585 2146 934 2212 perfruantur,
961 2156 1013 2196 ιιι
1046 2147 1094 2196 in
1127 2142 1237 2209 ipsa
1259 2158 1464 2212 quoque
1485 2158 1644 2195 carne

73 2213 384 2277 gaudeant,
420 2217 467 2267 in
499 2231 596 2281 qua
624 2216 834 2268 dolores
867 2230 958 2279 pro
1000 2215 1243 2275 Domino,
1275 2214 1644 2276 cruciatusque

78 2281 453 2351 pertulerunt.
483 2285 581 2337 Pro
610 2286 705 2337 hac
731 2287 922 2351 quippe
955 2285 1215 2349 geminata
1263 2298 1444 2334 eorum
1475 2282 1640 2351 gloria

82 2350 360 2417 scriptum
389 2365 468 2406 est
501 2371 511 2404 :
543 2351 678 2405 Iusti
701 2350 925 2419 duplicia
955 2353 1297 2419 possidebunt.
1332 2352 1459 2404 lliuc
1488 2350 1644 2403 etiam

80 2428 220 2470 ante
265 2424 670 2477 resurrectionis
724 2425 862 2476 diem
908 2424 975 2477 de
1026 2433 1325 2474 sanctorum
1373 2421 1645 2472 animabus

74 2489 353 2559 scriptum
386 2504 464 2545 est
497 2512 508 2544 :
554 2494 694 2545 Itala
723 2505 836 2545 sunt
867 2493 967 2544 illis
1005 2492 1214 2559 singulis
1259 2491 1399 2543 sto/te
1423 2490 1570 2552 albw,
1604 2498 1647 2540 et

79 2558 291 2609 dictum
314 2571 386 2612 est
408 2563 528 2624 ill‘s,
561 2573 613 2614 ut
660 2571 1015 2630 requiescerent
1067 2558 1258 2624 tempus
1298 2560 1461 2610 adhuc
1490 2561 1648 2610 morti-

85 2642 233 2688 rum,
265 2633 423 2682 donec
453 2633 720 2697 impleatur
739 2648 972 2684 numerus
993 2646 1338 2682 conservorum
1361 2639 1406 2679 et
1435 2633 1649 2695 fratrum

80 2711 276 2769 eorum
304 2700 484 2768 (Apoc.
515 2718 590 2766 vt,
621 2703 728 2767 ll).
752 2702 846 2766 Qui
879 2703 1050 2769 itaque
1081 2714 1216 2751 nunc
1241 2699 1472 2764 singulas
1496 2713 1648 2750 acce-

87 2768 298 2831 perint,
329 2771 378 2820 ιιι
405 2769 602 2834 judicio
633 2771 780 2822 binas
823 2768 984 2822 stolas
1033 2768 1256 2822 habituri
1313 2777 1433 2819 sunt
1467 2787 1478 2818 ;
1531 2770 1649 2834 quia

90 2836 262 2887 modo
290 2842 583 2891 animarum
615 2853 699 2892 res
730 2849 926 2891 uotum
953 2839 1143 2904 agitur,
1175 2848 1299 2889 tunc
1331 2848 1506 2889 autent
1535 2837 1652 2890 aui-

91 2920 308 2959 marum
332 2909 490 2962 simul
512 2918 564 2963 et
589 2924 863 2975 corporum
897 2909 1057 2977 gloria
1087 2909 1420 2959 lzetabuntur.

641 2997 953 3064 QUIESTIU
994 2997 1105 3050 XII.

91 3088 156 3140 Si
187 3086 306 3141 boni
335 3087 486 3143 bonos
516 3089 567 3143 in
589 3106 742 3158 regno
783 3089 985 3150 cazlesti,
1034 3090 1109 3141 vel
1137 3089 1178 3140 si
1223 3089 1347 3142 muli
1396 3089 1553 3142 malos
1599 3089 1651 3141 in

594 3160 841 3228 supplicio
868 3167 1158 3228 agnoscant.

164 3249 336 3304 Nosse
381 3251 590 3315 vellem,
633 3252 675 3304 si
732 3249 852 3304 boni
901 3250 1066 3303 bonos
1098 3250 1146 3302 in
1188 3263 1369 3318 regno,
1403 3253 1489 3307 vel
1520 3249 1641 3302 mali

94 3319 272 3372 malos
302 3319 351 3372 in
375 3322 628 3386 supplicio
655 3319 977 3388 agnoscant?
1002 3319 1165 3386 llujus
1195 3325 1266 3371 rei
1296 3321 1554 3388 sententia
1591 3321 1640 3371 in

94 3390 277 3440 verbis
307 3400 384 3442 est
416 3387 722 3454 Dominicis,
749 3405 899 3456 quam
921 3405 1026 3453 iam
1045 3388 1281 3452 superius
1312 3387 1641 3452 protulimus,

95 3458 218 3509 luce
247 3458 445 3512 clarius
470 3459 845 3514 demonstrata.
878 3457 932 3510 In
963 3460 1149 3522 quibus
1182 3471 1297 3508 cum
1329 3459 1524 3509 dictum
1557 3475 1641 3510 es-

95 3537 226 3578 set:
258 3527 423 3580 llonto
465 3531 670 3596 quidam
721 3539 848 3591 erat,
896 3537 941 3579 et
979 3527 1286 3596 induebatur
1329 3543 1554 3592 purpura
1598 3537 1644 3580 et

95 3597 268 3663 bysso,
289 3608 335 3648 et
357 3595 650 3665 epulabatur
665 3599 884 3664 quotidie
906 3595 1167 3665 splendide
1197 3596 1343 3663 (Luc.
1376 3611 1482 3659 xvi,
1518 3597 1638 3660 19):

99 3665 174 3716 Ita
209 3680 299 3731 per
326 3663 486 3721 totum
521 3663 684 3735 usque
707 3670 827 3720 dtttn
859 3667 984 3720 dicit
1013 3684 1024 3717 :
1055 3663 1176 3729 Fili,
1212 3666 1493 3723 recordare,
1527 3671 1644 3733 quia

99 3736 325 3804 recepisti
362 3738 486 3789 bona
514 3739 563 3789 in
591 3738 688 3789 vita
717 3746 822 3804 tua,
867 3747 911 3787 et
956 3735 1177 3787 Lazarus
1228 3735 1456 3785 similiter
1512 3739 1643 3788 mala

103 3802 314 3872 (lbid.).
348 3805 497 3858 Dives
522 3819 695 3859 autent
727 3802 1007 3871 de‘seipSo
1032 3806 1137 3873 jam
1164 3819 1307 3869 spem
1333 3804 1516 3857 salutis
1538 3822 1641 3858 non

106 3876 322 3937 habens,
353 3877 412 3926 ad
438 3878 833 3943 promerendam
863 3890 1072 3926 suorum
1127 3875 1346 3926 Salutem
1378 3880 1638 3926 conwrti-

104 3953 208 4008 tur,
241 3945 414 3997 dicens
451 3963 462 3996 :
503 3943 642 4013 Rogo
680 3961 798 4015 ergo
823 3953 891 4015 te,
937 3956 1091 4011 pater,
1130 3952 1195 4015 ut
1243 3944 1410 4015 mittas
1448 3946 1640 4015 eumin

105 4015 309 4064 dontum
356 4015 512 4080 patris
539 4020 654 4077 mei,
681 4013 780 4066 etc.
811 4013 1012 4083 (Ibid).
1044 4014 1240 4078 Quibus
1270 4013 1440 4063 verbis
1473 4014 1642 4065 det-la-

106 4093 248 4133 ratur
277 4094 472 4149 aperte,
493 4085 612 4152 quia
634 4095 684 4135 et
717 4085 833 4136 boni
859 4085 1041 4146 bonos,
1072 4093 1123 4136 et
1144 4083 1275 4152 mali
1294 4084 1460 4135 malos
1481 4098 1641 4150 agno-

105 4161 272 4204 scant.
301 4153 350 4204 Si
379 4151 534 4224 igitur
565 4153 829 4224 Abraltam
864 4153 1126 4224 Lazarum
1157 4151 1368 4224 minime
1391 4166 1642 4219 recogno-

105 4231 291 4282 sceret,
324 4219 645 4290 nequaquam
677 4222 740 4274 ad
772 4223 984 4275 divitem
1017 4225 1241 4288 positum
1273 4219 1324 4270 in
1371 4228 1641 4273 tormentis

107 4292 171 4343 de
204 4289 453 4344 transacta
478 4289 591 4359 ejus
617 4292 929 4345 contritione
957 4293 1256 4359 loqueretur
1286 4289 1486 4352 dicens,
1509 4293 1640 4354 quod

110 4362 240 4411 mala
269 4363 498 4427 reciperet
525 4364 576 4413 in
607 4365 704 4414 vita
731 4378 823 4413 sua
848 4363 1142 4429 :quomodo
1170 4360 1324 4411 etiam
1356 4373 1641 4424 przesentcs

110 4445 212 4480 nou
238 4442 406 4498 posset
433 4446 735 4500 agnoscere,
763 4431 851 4497 qui
881 4432 1036 4483 etiam
1094 4444 1186 4498 pro
1209 4430 1499 4481 absentium
1533 4445 1639 4482 tne-

110 4504 267 4550 ntoria
297 4507 492 4554 curavit
521 4502 710 4554 orare?
736 4506 843 4565 Qua
869 4502 917 4552 itt
950 4516 1007 4552 re
1037 4501 1132 4552 boc
1169 4513 1376 4566 quoque
1406 4503 1636 4550 ostendi-

109 4578 210 4638 tur,
240 4570 351 4638 quia
380 4581 429 4623 et
461 4571 577 4625 boni
613 4573 797 4632 malus,
832 4583 881 4622 ct
913 4571 1032 4621 mali
1075 4576 1398 4637 Cognoscunt
1445 4571 1629 4621 bonos.

111 4637 232 4689 Nam
257 4637 305 4690 et
331 4642 474 4693 divcs
503 4643 567 4692 ab
596 4641 858 4692 Abraham
884 4640 1214 4706 Cognoscitur
1244 4652 1365 4689 cum
1398 4637 1586 4690 dicitur
1617 4656 1631 4695 :

115 4708 378 4779 lierordare
404 4712 521 4779 quia
548 4710 774 4775 recepisti
802 4709 928 4761 bona
958 4712 1008 4761 in
1036 4709 1132 4760 vita
1178 4717 1297 4766 tua;
1342 4718 1395 4760 et
1439 4709 1634 4779 electus

117 4777 326 4831 Lazarus
353 4797 376 4829 a
406 4777 628 4842 reprobo
676 4780 835 4831 divite
876 4790 955 4832 est
1004 4780 1260 4848 cognitus,
1298 4792 1448 4843 quem
1498 4778 1632 4832 mitti

118 4857 340 4910 precatur
359 4863 417 4902 es
449 4851 658 4902 nomine
683 4850 863 4902 dicens
891 4865 903 4899 :
935 4849 1078 4901 Mitte
1111 4848 1356 4902 Lazarum
1398 4858 1448 4898 ut
1479 4849 1634 4900 intin-

120 4920 742 4989 qatextremuutd’gitisut'
792 4921 1077 4989 ittaquam,
1128 4927 1178 4969 ut
1229 4918 1488 4989 refrigeret
1535 4921 1633 4970 liu-

120 5003 252 5055 guam
293 5002 468 5038 meam.
501 4987 570 5042 Ιιι’
595 5005 694 5056 qua
751 4988 987 5041 videlicet
1033 4989 1331 5055 cognitione
1363 4987 1633 5053 utriusque

123 5059 267 5122 partis
306 5060 538 5111 cumulus
592 5057 954 5112 retributionis
1010 5056 1288 5119 excrescit,
1331 5065 1384 5108 et
1425 5060 1631 5110 tsthoni

123 5125 323 5190 :tlllpllus
364 5128 620 5194 gaudeant
653 5147 663 5180 :
699 5132 815 5194 quia
862 5143 1036 5180 secum
1077 5142 1168 5180 eos
1217 5125 1381 5178 Letari
1428 5130 1636 5192 Conspi-

125 5198 270 5261 ciunt,
296 5212 416 5264 quos
438 5210 776 5259 amaverunt;
808 5207 859 5250 et
882 5199 998 5249 ntali
1017 5198 1138 5249 dum
1159 5213 1274 5250 cum
1295 5199 1367 5247 eis
1389 5204 1635 5262 torquen-

129 5278 217 5323 tur,
257 5282 376 5333 quos
420 5266 468 5317 in
524 5266 622 5318 hoc
678 5269 870 5335 mundo
900 5273 1148 5332 despecm
1179 5267 1286 5318 Deo
1314 5265 1631 5330 dilexerunt,

129 5350 206 5385 cos
230 5351 321 5387 non
349 5337 512 5393 solum
559 5350 674 5399 sua,
715 5339 805 5387 sed
853 5339 1010 5389 etiam
1043 5351 1221 5390 eorum
1257 5349 1405 5400 pteua
1437 5347 1630 5386 consu-

133 5418 241 5454 mat.
274 5407 344 5457 Fit
371 5417 544 5458 autent
578 5408 626 5456 in
655 5404 834 5456 elecris
890 5406 1131 5472 quiddam
1171 5404 1480 5464 mirabilius,
1511 5406 1631 5471 quia

134 5489 222 5524 non
266 5477 419 5527 Solum
473 5489 563 5528 eos
616 5487 955 5540 cognoscunt,
1009 5491 1139 5542 quos
1184 5474 1232 5524 iu
1285 5475 1382 5524 hoc
1437 5475 1633 5525 mundo

133 5554 376 5604 noverunt.
408 5546 498 5597 sed
532 5546 668 5595 velut
701 5558 834 5594 vrsos
879 5561 940 5596 ac
989 5545 1223 5611 cognitos
1253 5554 1633 5610 recognoscant

136 5621 295 5677 bonos,
322 5629 447 5680 quos
478 5627 736 5680 nunquam
789 5612 1048 5665 viderunt.
1084 5614 1209 5664 Nam
1241 5627 1358 5665 cum
1387 5613 1632 5676 antiquos

136 5695 282 5748 patres
310 5684 355 5735 in
397 5685 481 5734 illa
528 5695 718 5736 aeterna
765 5681 1074 5734 hereditate
1113 5683 1356 5744 viderint,
1382 5683 1459 5734 eis
1490 5687 1634 5733 inco-

136 5756 344 5819 gnitipcr
366 5757 612 5806 Visionem
646 5769 744 5803 non
778 5761 949 5813 erunt,
983 5766 1114 5817 quos
1161 5754 1211 5804 iu
1242 5767 1399 5818 opere
1425 5765 1634 5815 semper

139 5833 379 5879 noverunt.
404 5824 531 5886 Quia
579 5824 716 5876 enim
760 5821 865 5876 illic
895 5835 1079 5877 omnes
1109 5823 1371 5876 communi
1399 5820 1635 5875 claritate

1740 621 1988 671 scientem
2037 615 2210 669 omnia
2245 615 2456 668 vident?
2485 616 2610 669 Nam
2653 619 2859 683 quidam
2886 627 3060 669 noster
3081 634 3132 670 et.
3161 623 3279 673 vitte

1744 688 2051 740 venerabilis
2091 688 2199 747 vir,
2259 685 2636 752 religiosusqne
2682 687 2831 739 valde
2877 698 2931 738 et
2974 687 3274 752 laudabilis,

1741 771 1855 808 cum
1882 769 2010 808 ante
2028 755 2305 807 triennium
2335 760 2644 816 moreretur,
2663 756 2797 807 sicut
2823 757 3049 822 rengiosi
3081 757 3165 807 alii
3189 761 3276 824 qui

1744 837 2029 889 prtescntes
2062 824 2286 888 fuerunt,
2312 825 2484 874 testati
2516 833 2655 886 sunt,
2696 826 2746 876 in
2791 826 2914 876 liora
2959 827 3033 877 sui
3082 827 3271 888 exitus,

1742 894 1924 945 Jonam
1950 893 2276 959 prophetam,
2312 892 2641 944 Ezecltieletn
2691 908 2894 961 quoque
2923 905 2974 947 et
3011 895 3273 947 Danielum

1740 962 1898 1027 coepit
1926 965 2178 1030 aspicere.
2205 962 2347 1024 Quos
2395 962 2518 1013 dum
2569 963 2771 1016 venisse
2797 963 2860 1014 ad
2893 979 2948 1015 se
2975 964 3191 1024 diceret,
3225 976 3279 1017 et

1741 1033 2007 1097 depressis
2040 1031 2322 1082 luminibus
2345 1031 2420 1082 eis
2451 1033 2757 1084 reverentia:
2788 1034 3089 1097 obsequium
3145 1048 3277 1097 pne-

1743 1101 1904 1156 bet'et.
1937 1115 2094 1152 carne
2114 1100 2329 1151 eductus
2350 1109 2450 1151 est.
2492 1099 2600 1162 Qua
2649 1101 2696 1150 iu
2726 1117 2780 1152 re
2811 1113 2990 1166 api-rte
3017 1103 3168 1152 datur
3192 1103 3277 1154 in-

1741 1170 1902 1234 telligi
1925 1211 1938 1227 ,
1962 1186 2078 1234 que
2092 1169 2190 1220 erit
2219 1169 2268 1219 in
2289 1169 2371 1220 illa
2393 1169 2770 1236 incorruptibili
2798 1172 2898 1220 vita
2925 1173 3186 1230 notitia,si
3207 1175 3280 1224 vir

1742 1239 1836 1290 iste
1863 1240 2032 1291 adhuc
2058 1239 2108 1290 in
2141 1252 2297 1290 carne
2343 1237 2543 1302 positus
2584 1239 2931 1303 corruptibili,
2994 1245 3276 1304 pronltetas

1739 1316 1970 1373 sanctos,
2002 1321 2132 1373 quos
2161 1306 2405 1357 nimirum
2436 1322 2698 1374 nunquam
2733 1307 2878 1364 vidit.
2908 1308 3138 1376 agnovit.
3176 1311 3277 1362 Su.

1742 1377 1811 1428 let
1841 1387 2013 1427 autem
2039 1376 2340 1443 plerumque
2365 1377 2686 1441 contingere,
2717 1385 2772 1428 ut
2809 1391 3082 1444 egressura
3105 1378 3278 1429 anima

1739 1460 1830 1498 eos
1877 1447 2032 1497 etiam
2083 1454 2441 1510 recognoscat,
2471 1460 2586 1498 cum
2609 1447 2794 1512 quibus
2850 1461 2943 1511 pro
2981 1449 3279 1512 mqualitaie

1741 1515 2033 1580 culparum,
2056 1514 2132 1566 vel
2155 1515 2311 1564 etiam
2343 1514 2676 1578 praemiorum
2709 1516 2758 1568 in
2783 1531 2881 1567 una
2904 1526 2985 1569 est
3007 1519 3278 1569 mansione
3303 1541 3306 1544 ~

1739 1582 1964 1654 d.-pntan
1989 1588 2055 1643 la,
2083 1582 2218 1648 quod
2251 1584 2400 1654 multi
2428 1598 2522 1636 eos
2571 1585 2622 1636 itt
2650 1587 2787 1637 exitu
2818 1587 3012 1650 vident,
3043 1600 3172 1654 quos
3195 1597 3282 1638 aut

1743 1653 1793 1704 in
1819 1667 1978 1721 regno
1998 1662 2086 1706 aut
2114 1655 2162 1704 in
2187 1652 2439 1721 supplicio
2463 1665 2614 1719 pares
2646 1654 2927 1708 habebunt.

2265 1744 2575 1810 QII/ESTIU
2631 1744 2761 1799 XIII.

2267 1839 2337 1890 De
2365 1841 2515 1892 libero
2540 1841 2762 1894 arbitrio.

1813 1928 1947 1980 Deus
1979 1927 2241 1981 hominem
2283 1927 2405 1981 fecit
2445 1929 2754 1996 perit-ctum,
2795 1941 2848 1985 ct
2883 1932 3038 1984 talem
3083 1933 3284 1987 scilicet

1740 1997 1876 2065 quod
1907 2009 2078 2064 posset
2103 2007 2156 2051 et
2179 1998 2310 2050 velle
2332 1999 2546 2056 bonum.
2573 2009 2626 2051 et
2654 2017 2754 2052 non
2799 2002 2951 2054 velle.
2981 2003 3042 2055 Et
3080 2005 3174 2056 hoc
3205 2013 3286 2055 est

1741 2068 1959 2119 liberum
1983 2066 2276 2132 arbitrium,
2306 2070 2442 2122 velle
2476 2070 2678 2121 scilicet
2720 2081 2768 2124 et
2799 2072 2956 2131 nolle,
3001 2081 3053 2123 et
3076 2075 3284 2125 absolu«

1745 2146 1873 2188 tum.
1903 2137 2010 2188 lloc
2031 2147 2108 2188 est
2132 2138 2262 2190 velle
2283 2152 2433 2190 suum
2479 2139 2704 2192 hominis
2741 2156 2831 2203 per
2866 2149 3128 2205 naturam,
3153 2146 3288 2195 sicut

1743 2207 1934 2257 dicitur
1983 2205 2034 2257 in
2078 2205 2379 2270 Sapientia:
2411 2208 2649 2260 Nostrum
2697 2218 2765 2261 est
2799 2209 2938 2270 velle,
2989 2208 3081 2261 Dei
3121 2223 3288 2262 (uitem

1745 2275 2001 2344 perﬁcere,
2053 2284 2285 2327 nostrum
2331 2279 2527 2330 scilicot
2573 2294 2660 2340 per
2697 2289 2952 2330 naturam.
2982 2281 3286 2344 EtAposto-

1748 2347 1826 2416 l_n_s
1853 2361 1862 2394 :
1888 2343 2037 2416 γριιε
2061 2345 2260 2416 quidem
2280 2345 2475 2414 adjucet
2500 2347 2620 2398 mihi
2639 2364 2726 2414 per
2741 2362 2973 2400 naturam
2992 2343 3163 2416 (Rom.
3193 2364 3286 2406 vti.

1749 2413 1857 2478 18).
1885 2413 1987 2485 Sed
2029 2416 2126 2466 hoc
2157 2415 2311 2475 veile,
2336 2413 2387 2466 et
2416 2418 2444 2466 Ιι
2471 2432 2514 2468 lC
2555 2413 2742 2468 bonum
2787 2413 3091 2485 depravavit
3133 2420 3290 2470 homo

1749 2483 2030 2549 peccando,
2049 2493 2103 2536 et
2126 2485 2272 2548 quasi
2294 2487 2562 2550 exstinxit,
2589 2501 2690 2537 non
2711 2483 2881 2540 tamen
2905 2490 3147 2541 omnino:
3167 2487 3284 2554 quia

1748 2567 1962 2627 semper
1981 2554 2231 2627 remansit
2252 2554 2381 2627 ineo
2395 2557 2563 2621 aliqua
2589 2555 2810 2610 scintilla
2836 2558 2955 2610 boui
2976 2575 2988 2622 ;
3009 2569 3057 2611 et
3081 2560 3288 2627 quando

1750 2624 2031 2686 Apostolus
2056 2623 2187 2674 dixit
2222 2640 2232 2672 :
2270 2622 2400 2674 Deus
2431 2638 2666 2689 opera'ur
2709 2628 2852 2690 velle,
2893 2630 2968 2681 sic
2998 2622 3110 2682 non
3139 2629 3292 2681 intel-

1751 2691 1960 2761 ligimus
1983 2693 2117 2758 quod
2140 2692 2294 2744 modo
2318 2694 2539 2760 primum
2566 2705 2716 2761 ponat
2738 2696 2785 2746 iu
2814 2711 2877 2748 eo
2901 2698 3052 2759 velle,
3079 2698 3170 2750 sed
3201 2713 3287 2750 v0-

1753 2759 2004 2812 luntatetn
2033 2777 2147 2826 qua:
2182 2762 2230 2811 in
2260 2759 2329 2814 eo
2371 2776 2452 2814 εει
2486 2759 2576 2830 per
2607 2774 2842 2816 naturam
2872 2766 3204 2829 depravatam
3234 2779 3289 2820 et

1751 2832 1898 2896 quasi
1939 2829 2253 2884 exstinctam
2283 2829 2500 2886 suscitet
2544 2841 2598 2886 et
2649 2837 2958 2887 reviviscere
2988 2837 3159 2890 iaciat.
3202 2837 3292 2890 Sic

1753 2901 1970 2952 facimus
1991 2902 2273 2953 convenire
2323 2904 2418 2954 ista
2467 2903 2773 2971 duozquod
2826 2907 3091 2970 Scriptura
3140 2906 3289 2967 dicit,

1753 2979 1975 3043 nostrum
2009 2971 2256 3043 es_t_velle;
2295 2982 2348 3043 et
2381 2973 2516 3043 quod
2560 2973 2859 3038 Apo~tolus,
2897 2973 3028 3028 Deus
3059 2987 3292 3043 operatur

1751 3036 1876 3111 velle
1904 3054 2016 3111 cum
2045 3040 2199 3111 libero
2224 3036 2451 3111 arbitrio.
2478 3036 2619 3095 Deus
2643 3043 2721 3095 vel
2758 3045 2912 3096 etiam
2941 3036 3290 3111 quod'ueces-

1753 3109 1894 3180 sario
1936 3109 2074 3172 facit,
2110 3110 2232 3162 fecit
2261 3109 2526 3180 hominem
2567 3115 2745 3178 talem,
2796 3109 2998 3167 scilicet
3035 3123 3090 3166 ιιι
3115 3123 3288 3180 posset

1759 3179 1895 3232 velle
1918 3179 2131 3238 bonum.
2157 3189 2206 3231 et
2230 3196 2330 3232 non
2355 3179 2486 3232 velle
2508 3181 2722 3242 bonum,
2748 3185 2864 3245 quia
2895 3183 2938 3235 si
2962 3179 3125 3236 talem
3142 3185 3291 3235 leris-

1755 3259 1835 3300 set
1859 3256 1912 3298 ut
1933 3263 2194 3316 nunquam
2221 3257 2395 3316 posset
2425 3249 2521 3301 nisi
2562 3253 2692 3302 velle
2737 3253 2950 3316 bonum,
2980 3253 3292 3304 ineouverti-

1748 3316 1906 3370 bilem
1931 3316 2140 3371 fecisset
2161 3333 2304 3371 eum.
2331 3319 2919 3372 IttConvertibilcautem
2946 3322 3068 3372 nihil
3090 3331 3166 3372 est
3189 3323 3286 3374 nisi

1748 3385 1908 3450 Deus,
1933 3389 2050 3452 quia
2077 3403 2178 3440 non
2207 3399 2370 3454 potest
2401 3391 2496 3441 nisi
2531 3391 2664 3454 velle
2713 3391 2923 3440 bonum.
2953 3391 3088 3443 Deus
3113 3403 3288 3445 autent

1745 3457 1880 3522 quod
1905 3473 2162 3523 generare
2201 3457 2412 3524 quidem
2439 3469 2608 3524 potest
2632 3459 2680 3510 id
2705 3459 2839 3526 qn-‘d
2877 3469 2976 3523 εει,
3003 3462 3174 3512 lat-ere
3199 3478 3287 3512 au-

1747 3535 1850 3595 tem
1876 3541 1976 3577 non
2003 3535 2174 3592 potest
2196 3527 2244 3578 id
2269 3532 2403 3595 quod
2427 3537 2526 3580 est.
2554 3530 2700 3593 Quod
2724 3529 2894 3580 simile
2924 3544 3201 3595 possumus
3225 3543 3288 3584 oc

1747 3594 1984 3666 nomine.
2015 3598 2180 3648 llomo
2226 3594 2365 3648 enim
2400 3612 2651 3663 generare
2693 3609 2860 3663 potest
2900 3594 2946 3650 id
2995 3599 3130 3666 quod
3185 3612 3285 3658 est.

1745 3663 1916 3717 facere
1965 3676 2137 3717 autem
2177 3680 2276 3718 non
2322 3677 2490 3733 potest
2529 3669 2576 3719 id
2627 3669 2762 3733 quod
2815 3679 2915 3728 est,
2961 3663 3079 3721 licet
3121 3673 3286 3735 possit

1749 3735 2029 3800 imaginem
2071 3750 2218 3787 suam
2260 3735 2310 3787 in
2360 3739 2556 3801 pariete
2601 3736 2832 3802 pingere,
2898 3738 2977 3790 vel
3037 3740 3086 3790 iri
3146 3737 3285 3803 ligno

1747 3803 1992 3858 formare.
2037 3804 2163 3870 Quia
2203 3804 2359 3872 igitur
2406 3807 2576 3872 aliqua
2626 3807 2870 3857 distantia
2931 3821 3052 3860 es~te
3106 3809 3289 3862 debuit

1745 3874 1794 3925 in
1822 3890 1878 3926 er
1907 3874 2202 3927 Creatorem
2233 3885 2284 3927 et
2314 3886 2603 3927 creaturam
2622 3912 2639 3938 ,
2672 3876 2839 3941 potuit
2869 3877 3003 3929 Deus
3032 3876 3204 3930 facere
3235 3877 3283 3931 id

1744 3944 1879 4010 quod
1911 3960 2010 3994 non
2044 3948 2152 4010 ipse
2177 3954 2287 3996 erat
2308 3984 2322 4006 ,
2355 3959 2454 4014 non
2484 3945 2530 3996 id
2559 3947 2694 4012 quod
2723 3949 2832 4014 ipse
2860 3955 3002 4009 erat,
3030 3951 3164 4000 sicut
3191 3947 3286 4000 bo-

1744 4014 1936 4064 tninettt
1970 4025 2230 4080 potentem
2265 4015 2394 4066 velle
2435 4013 2626 4066 bmttttn
2659 4026 2708 4067 et
2740 4032 2840 4067 non
2874 4018 3008 4070 velle
3045 4019 3237 4069 bonum
3263 4057 3282 4079 ,

1743 4083 1879 4149 quod
1909 4082 2020 4149 ipse
2051 4082 2185 4136 Deus
2218 4098 2319 4133 non
2353 4092 2464 4145 est;
2497 4097 2597 4134 non
2632 4086 2893 4136 hominem
2914 4125 2927 4144 ,
2963 4101 3064 4137 non
3097 4096 3280 4150 poten-

1747 4161 1848 4203 tem
1883 4154 2016 4205 velle
2041 4164 2092 4205 et
2121 4169 2222 4204 non
2253 4153 2386 4205 velle
2413 4154 2635 4214 bomnn,
2666 4154 2800 4218 quod
2836 4156 2946 4218 ipse
2974 4164 3073 4205 est.
3105 4155 3286 4206 [latio-

1744 4221 1845 4272 nali
1878 4232 2130 4273 creatura:
2155 4222 2296 4273 dedit
2331 4222 2467 4274 Dens
2495 4222 2760 4274 elticiccm
2795 4222 2898 4273 vim
2943 4225 3092 4275 bona:
3133 4233 3282 4275 natu-

1743 4305 1814 4341 ra:
1845 4291 1906 4341 ad
1936 4305 1992 4342 se
2022 4291 2442 4355 cognoscendum
2462 4331 2474 4352 ,
2503 4306 2617 4357 ιιιιιυ
2644 4293 2777 4343 bona
2806 4293 2881 4343 vis
2911 4304 3108 4344 natura:
3134 4294 3196 4344 ad
3226 4308 3285 4345 se

1741 4361 2161 4427 cognoscendum
2193 4362 2360 4427 gratia
2392 4359 2566 4412 vocari
2599 4371 2804 4427 potest,
2838 4362 2902 4413 de
2931 4376 3030 4426 qua
3060 4362 3282 4425 gentiles

1744 4429 1960 4480 llotnani
1984 4432 2201 4482 multum
2231 4434 2607 4497 prmsutnebaut
2629 4471 2643 4493 ,
2665 4432 2997 4482 attribuenda
3022 4431 3118 4480 sibi
3143 4433 3282 4498 quod

1747 4507 1848 4549 tam
1879 4500 2009 4552 bene
2036 4500 2369 4552 crediderant
2396 4501 2568 4552 audita
2602 4505 2816 4552 veritate
2859 4499 3147 4564 Evangelii,
3178 4516 3282 4553 non

1663 4552 1714 4609 D
1741 4569 2072 4621 attendentes
2116 4585 2218 4621 non
2265 4571 2448 4621 eadem
2495 4579 2678 4621 natura
2727 4572 2905 4621 relicta
2948 4552 3048 4621 sibi
3080 4586 3108 4621 a
3135 4552 3285 4637 'Deo,

1737 4651 1832 4690 nec
1859 4638 1909 4690 irt
1938 4640 2123 4703 angelo
2154 4652 2251 4691 nec
2281 4639 2330 4690 iu
2363 4640 2574 4692 nomine
2601 4650 2713 4691 erat
2742 4639 3013 4693 sulliciens
3041 4641 3103 4692 ad
3137 4643 3279 4694 salu-

1738 4717 1872 4768 tem,
1899 4709 2001 4759 itno
2029 4708 2403 4773 prxcipitatam
2432 4723 2491 4761 se
2515 4723 2678 4776 usque
2705 4709 2767 4760 ad
2799 4711 3096 4776 turpissima
3127 4713 3279 4775 vitia,

1736 4778 1882 4844 quad
1925 4777 2098 4828 luisset
2130 4778 2396 4830 sulliciens
2436 4787 2556 4830 tunc
2577 4818 2592 4840 ,
2627 4793 2722 4830 nec
2749 4783 2964 4845 angelus
2998 4793 3094 4830 nec
3124 4781 3281 4830 homo

1737 4845 2048 4914 indiguisset
2078 4846 2211 4909 Deo,
2243 4847 2488 4914 quoniam
2531 4857 2748 4913 uterque
2780 4848 2832 4900 iu
2869 4848 3154 4914 semetipso
3184 4848 3279 4897 ha-

1738 4913 1934 4968 buisset
1962 4913 2330 4968 sufﬁcientiam
2352 4953 2367 4978 ,
2397 4924 2451 4967 et
2482 4917 2547 4967 ita
2578 4918 2795 4983 quisque
2825 4915 2922 4967 sibi
2952 4913 3085 4966 foret
3116 4914 3274 4975 Dens,

1734 4987 1880 5052 quasi
1911 5002 2000 5050 par
2031 5001 2152 5037 vero
2186 4985 2326 5048 Deo;
2362 4998 2458 5038 nec
2495 4995 2635 5039 esset
2673 5000 2806 5037 unus
2846 4983 2985 5036 Deus
3017 4997 3119 5036 nec
3141 4999 3276 5037 unus

1734 5058 2100 5121 oumipotens,
2133 5068 2185 5108 et
2212 5055 2330 5107 ideo
2362 5055 2611 5108 remansit
2648 5055 2758 5105 sola
2802 5054 3106 5106 omuimoda
3133 5052 3280 5106 sulti-

1734 5137 1964 5186 Ctettlta,
2003 5140 2119 5192 qua:
2157 5125 2417 5191 angelica,
2467 5125 2549 5176 vel
2598 5123 2820 5175 humana
2871 5132 3088 5187 natura,
3137 5122 3278 5176 nulla

1737 5203 1904 5261 potest
1932 5196 2135 5262 operari
2165 5196 2296 5246 bona
2327 5193 2627 5260 aliquando,
2655 5193 2818 5245 etiam
2845 5207 2962 5244 cum
2995 5194 3157 5258 ipsius
3184 5207 3279 5257 ap—

1737 5269 1992 5330 positione
2025 5273 2194 5330 potest
2225 5264 2405 5315 relabi.
2427 5290 2498 5302 —
2522 5263 2680 5327 Resp.
2713 5263 2816 5314 (Zur
2855 5263 3012 5330 igitur
3037 5263 3280 5326 apposuit

1739 5337 1872 5386 Deus
1893 5336 2013 5399 sibi,
2039 5349 2156 5386 cum
2188 5348 2276 5385 uer
2301 5349 2415 5386 eam
2443 5349 2544 5384 non
2569 5333 2635 5384 sit
2665 5332 2996 5397 proiectura?
3027 5331 3281 5383 Videlicet

1736 5405 1844 5469 ipsa
1885 5405 2068 5454 labens
2108 5406 2343 5469 apposito
2383 5403 2478 5454 sibi
2524 5399 2780 5467 adjutorio
2826 5410 3180 5469 recognoscat
3217 5413 3276 5450 se

1737 5468 2140 5525 inexcusabilem
2167 5468 2186 5534 ,⁷
2225 5482 2279 5524 et
2322 5486 2659 5536 perseverans
2703 5479 2883 5521 natura
2934 5470 3117 5518 reddat
3165 5468 3274 5519 Deo

1734 5546 1925 5607 gratias
1955 5545 2019 5593 de
2048 5557 2146 5606 app
2170 5541 2375 5591 isitione
2405 5542 2604 5606 gratiae.
2645 5541 2780 5602 Ergo
2809 5539 2939 5590 bona
2971 5546 3156 5586 natura
3189 5551 3275 5588 ra-

1737 5611 2000 5662 tionabilis
2029 5618 2282 5662 creaturte
2312 5611 2585 5673 cooperari
2616 5611 2824 5674 quidem
2868 5611 3056 5674 bonum
3101 5618 3267 5668 appo-

1736 5693 1832 5730 sna
1864 5681 1962 5730 sibi
1994 5680 2156 5745 gratia
2193 5687 2381 5743 potest.
2415 5678 2468 5730 Si
2502 5673 2834 5731 vero’relicta
2867 5673 2993 5724 nihil
3024 5683 3272 5735 Operatur

1736 5748 1890 5810 boni,
1944 5750 2048 5800 itno
2098 5748 2386 5809 tll'iECIpllal
2431 5759 2488 5798 se
2533 5746 2582 5798 ιιι
2636 5750 2863 5805 malum,
2913 5747 3114 5791 constat
3156 5752 3274 5789 esse

1737 5831 2005 5883 peccaturo
2035 5816 2583 5871 eilicientcmcausam
2616 5817 2820 5878 mortis,
2855 5819 3073 5863 mortem
3101 5815 3272 5859 autem
