3914 6228
177 390 279 444 ιϐθ

1263 390 1546 456 Αιιρυυτ
1585 388 1784 454 QUIES
1797 388 2034 443 TIONUSI
2075 389 2290 443 LIBER.

3247 390 3347 454 ne

176 516 381 576 matre,
426 505 516 576 sed
566 520 592 554 a
643 512 788 576 patre
837 504 1130 565 accepimus
1158 518 1181 576 ;_
1211 511 1260 553 et
1302 500 1416 576 ideo
1459 502 1520 552 de
1559 500 1705 576 cuius
1740 502 1778 555 ,ι
1811 500 1979 576 dendo
2005 501 2280 576 devirtute
2313 504 2360 576 i_n
2392 505 2648 576 virtutem.
2682 506 2821 576 Unus
2853 516 3016 560 status
3047 509 3168 563 Adm
3198 511 3294 563 l'uit
3324 555 3337 576 ,

176 572 538 639 principaliter
570 571 889 623 traducimur
919 583 1084 620 massa
1107 610 1119 628 ,
1153 571 1219 639 de
1258 583 1321 621 eo
1348 571 1503 639 etiam
1549 569 1704 632 origi-

177 637 369 696 nol'tter
400 641 691 692 traducatur
713 650 760 688 et
788 639 934 703 culpa
959 653 972 699 ;
1000 647 1048 690 et
1077 638 1191 704 quia
1223 639 1376 690 etiam
1405 637 1565 690 Adam
1596 639 1706 700 plus

180 710 420 769 peccavit
441 748 453 766 ,
485 712 601 766 quia
636 708 739 760 Eva
769 707 981 758 seducta
1013 717 1089 757 est
1112 749 1124 769 ,
1152 708 1313 757 Adam
1343 720 1464 758 vero
1494 721 1592 756 non
1625 721 1707 755 se-

172 777 396 832 ductus.
435 794 526 828 nec
557 778 801 837 deceptus
823 816 836 836 ,
870 774 959 826 sed
989 775 1211 826 scienter
1257 776 1506 840 peccavit.
1548 775 1704 835 Qua:-

177 847 317 896 ritur
345 861 445 910 quo
478 845 704 908 pondere
735 854 1000 911 peccatum
1032 844 1154 894 Adze
1186 854 1382 893 tantum
1428 841 1584 892 fuerit
1605 883 1618 904 ,
1652 851 1708 894 ιιι

176 930 287 964 non
339 915 503 964 solum
553 915 751 976 ipsum,
783 911 871 962 sed
916 922 964 962 et
1007 921 1168 962 totum
1211 924 1376 976 genus
1421 913 1704 962 humanum

173 983 402 1046 perdere
433 982 698 1048 poluerit?
729 979 878 1042 Ideo,
912 983 1028 1047 quia
1060 995 1164 1030 non
1199 981 1431 1048 peccavit
1472 981 1702 1030 necessi-

175 1061 324 1111 tate,
373 1047 466 1103 nec
508 1051 789 1112 ignorantia
817 1089 831 1110 ,
879 1050 953 1100 vel
995 1048 1289 1114 fragilitate.
1326 1047 1432 1098 Non
1482 1048 1706 1100 necessi-

173 1129 290 1170 tate
334 1123 451 1183 quia
500 1134 665 1184 neque
704 1118 949 1169 violentia
997 1116 1222 1176 diaboli,
1285 1131 1380 1168 nec
1423 1116 1702 1183 indigentia

169 1189 306 1244 ciliz,
340 1200 547 1240 coactus
575 1197 653 1238 est
681 1197 736 1238 ut
770 1201 975 1250 pomum
998 1186 1324 1246 comederet;
1370 1199 1534 1249 neque
1563 1186 1704 1249 igno-

171 1256 386 1319 rantis,
419 1257 532 1322 quia
575 1270 690 1307 cum
733 1254 1148 1314 sapientissimus
1188 1262 1393 1322 creatus
1435 1254 1704 1322 esset,de

170 1325 366 1376 eadem
397 1320 451 1376 re
482 1325 810 1389 prmmonitus
841 1323 1004 1372 fuerat
1034 1338 1059 1371 a
1095 1321 1349 1382 Domino;
1383 1335 1477 1373 nec
1510 1320 1702 1389 fragili-

173 1402 323 1454 tale,
356 1388 620 1455 quiacum
662 1401 968 1458 praesentem
1019 1390 1176 1442 Deum
1221 1389 1512 1455 adiutorem
1542 1388 1702 1440 habe-

168 1473 295 1520 ret,
342 1462 383 1514 si
425 1464 488 1514 de
517 1462 614 1514 hoc
641 1475 758 1513 eum
792 1460 1136 1526 interrogare,
1174 1458 1250 1508 vel
1281 1460 1329 1508 in
1356 1472 1417 1510 eo
1442 1458 1704 1510 conlidere

173 1531 467 1592 voluisset,
513 1531 690 1580 eadem
735 1529 877 1578 ttullo
922 1527 1077 1578 modo
1117 1527 1390 1591 potuisset.
1423 1526 1699 1588 Quaeritur,

166 1598 303 1647 dum
334 1599 575 1649 Dominus
597 1596 901 1649 redimendo
925 1595 1094 1646 omnia
1125 1605 1330 1661 peccata
1358 1595 1503 1646 nobis
1528 1595 1703 1644 abdu-

171 1665 330 1726 lerit,
362 1682 452 1718 cur
486 1681 688 1733 poenam
721 1665 914 1729 peccati
945 1677 1043 1715 nou
1074 1665 1320 1723 abstulit,
1357 1664 1424 1715 ita
1464 1672 1518 1712 ut
1545 1661 1701 1714 etiam

168 1733 227 1783 in
283 1738 380 1786 hac
429 1735 528 1786 vita
577 1735 918 1799 itnp'issibiles
965 1746 1200 1784 essemus
1247 1741 1297 1781 et
1341 1733 1702 1783 immortales?

1807 572 2012 634 quanio
2036 571 2203 624 adhuc
2232 573 2279 622 iu
2315 573 2556 624 Para'liso
2586 574 2650 624 ιιι
2679 575 2914 626 conditus
2945 587 2993 627 ut
3014 581 3321 634 cernederet

1806 649 1860 707 et
1903 639 2132 699 biberet,
2178 649 2230 690 et
2273 641 2372 691 alia
2417 643 2650 706 corporis
2696 643 2864 694 oliicia
2892 645 3144 707 expleret.
3182 648 3328 702 llunc

1806 705 1900 775 sibi
1954 707 2087 757 iilius
2138 707 2430 775 incarnatus
2484 705 2781 774 assumpsit.
2842 705 3107 767 Secundus
3160 724 3330 770 status

1809 774 1901 826 l'nit
1932 784 2046 851 post
2075 776 2350 851 lapsuttt_et
2379 788 2492 851 post
2517 779 2710 851 exitum
2740 779 2804 831 de
2834 782 3092 844 paradiso.
3122 787 3330 851 quando

1807 847 1986 895 mortis
2015 843 2296 913 conditioni
2339 845 2593 912 subjacuit
2615 889 2626 907 ,
2661 861 2719 897 ex
2753 863 2815 899 eo
2837 843 3043 913 accepit
3075 843 3327 906 Dominus

1806 920 1857 986 ut
1878 912 2014 986 mori
2047 921 2238 986 posset.
2271 912 2415 986 Tunc
2444 915 2554 986 ejus
2585 925 2746 986 status
2774 917 2894 977 fuit,
2929 912 3029 970 nun
3059 936 3210 986 quem
3244 923 3331 971 ha.

1805 979 1941 1055 boit,
1973 980 2064 1032 sed
2093 996 2244 1055 quem
2279 981 2469 1034 habere
2498 982 2704 1043 debuit,
2741 986 2780 1035 si
2812 987 2860 1036 in
2891 979 3184 1040 obedientia
3215 1005 3330 1055 per-

1802 1049 2047 1118 stizisset,
2080 1049 2306 1114 scilicet,
2340 1061 2393 1100 ut
2427 1067 2592 1117 neque
2639 1067 2855 1117 peccare
2900 1055 3192 1118 potuisset,
3216 1049 3332 1110 'ne-

1803 1131 1903 1181 que
1933 1117 2194 1190 voluisset.
2222 1117 2302 1168 lla
2334 1118 2565 1171 Christus
2598 1135 2764 1186 neque
2798 1117 3009 1184 peccare
3042 1127 3206 1190 potuit
3238 1143 3330 1174 no-

1802 1199 1903 1249 que
1929 1186 2117 1254 Voluit.
2138 1185 2259 1236 Dure
2288 1198 2402 1236 sunt
2434 1185 2726 1239 voc-itiones
2752 1207 2761 1238 :
2795 1205 2891 1241 una
2920 1185 3170 1254 generalis
3191 1235 3202 1250 .
3233 1195 3329 1246 alia

1801 1254 2060 1328 apeeialis.
2085 1253 2353 1328 Generalis
2378 1271 2474 1321 qua
2503 1256 2712 1307 dicitur:
2751 1257 2898 1328 Multi
2925 1253 3083 1311 uocati
3111 1261 3324 1328 (Matth.

1802 1323 1952 1391 xxu),
1974 1322 2091 1388 quia
2120 1322 2167 1373 in
2194 1321 2346 1391 ﬁdem
2380 1339 2561 1375 omnes
2589 1326 2901 1391 generaliter
2930 1321 3328 1383 sumns'vocati.

1803 1388 2050 1454 Specialis
2079 1406 2177 1456 qua
2209 1389 2395 1442 dicitur
2424 1388 2776 1465 :uPuucivero
2805 1397 2944 1446 electi
2977 1395 2992 1465 (
3020 1395 3199 1463 Ibid.).
3235 1397 3329 1451 Ulii

1803 1468 2008 1509 notatur
2044 1473 2225 1510 Omnes
2256 1463 2564 1525 generaliter
2594 1462 2654 1512 ad
2685 1462 2840 1514 vitam
2874 1480 2962 1526 per
2986 1462 3330 1518 lidemvoca-

1804 1534 1912 1588 tos,
1944 1541 2134 1593 paucos
2165 1542 2288 1579 vero
2315 1529 2566 1580 electione
2595 1531 2844 1584 bonorum
2878 1533 3176 1584 meritorum
3207 1537 3326 1584 vita:

1803 1596 2215 1668 prredestinatos.
2249 1595 2527 1649 Sciendum
2556 1609 2631 1650 est
2656 1600 2770 1662 quia
2801 1608 2920 1652 ante
2949 1601 3111 1668 legem
3144 1603 3325 1655 eadem

1803 1663 1900 1715 fide
1949 1665 2280 1735 s:i_lvaban_tur
2330 1677 2532 1729 patres,
2582 1681 2679 1730 qua
2729 1675 2779 1719 et
2828 1684 2922 1721 nos
2973 1663 3146 1723 modo.
3204 1672 3336 1735 Ergo

1803 1746 1961 1796 quare
1990 1731 2124 1783 Deus
2157 1733 2608 1786 circnmeisionem
2637 1737 3023 1797 supera-ldidit.
3051 1741 3090 1790 si
3118 1739 3245 1792 lides
3266 1731 3327 1791 ad

172 1803 333 1866 Quod
363 1805 519 1856 etiarn
552 1818 671 1855 cum
702 1816 901 1854 summa
932 1801 1132 1872 ratione
1175 1800 1411 1872 iecit._Si_
1440 1799 1574 1850 enim
1607 1814 1699 1848 ητις
1737 1811 1778 1868 Β
1807 1801 2020 1851 salutem
2047 1810 2170 1853 tunc
2194 1799 2436 1872 διιππερὶιηῖ
2471 1803 2540 1852 Ad
2573 1803 2668 1855 hoc
2696 1805 2902 1865 dicitur,
2930 1808 3048 1872 quia
3081 1809 3330 1861 Dominus

169 1883 294 1936 past
329 1887 474 1924 suam
507 1873 913 1936 redemptionem
954 1868 1277 1920 immortales
1319 1866 1526 1920 fecisset
1547 1905 1558 1923 ,
1590 1881 1700 1936 orn-

170 1935 272 1991 nes
301 1941 363 1992 ad
398 1942 547 1992 iidem
576 1935 905 1992 convolareut
927 1981 938 2001 ,
976 1952 1077 1989 non
1108 1947 1314 2003 propter
1347 1950 1574 1986 amorem
1612 1935 1700 1988 Dei

168 2020 389 2061 a-Icrua'
420 2008 749 2061 beatitudinis
771 2048 785 2067 ,
820 2006 907 2057 sed
942 2015 1151 2072 propter
1180 2005 1229 2060 id
1270 2006 1467 2066 solum,
1501 2015 1547 2054 ut
1585 2017 1704 2067 pos-

168 2088 298 2128 sent
349 2080 550 2142 assequi
598 2076 1034 2128 immertalitatem
1085 2073 1233 2138 hujus
1283 2075 1397 2124 vitze
1445 2073 1700 2134 carnalis.

171 2156 231 2195 ct
277 2147 353 2196 sic
401 2150 585 2211 periret
629 2147 821 2198 l’rnctns
857 2143 979 2193 lidvi
1002 2183 1016 2202 ,
1047 2143 1164 2206 quia
1195 2157 1294 2192 non
1324 2152 1463 2194 esset
1494 2151 1702 2207 propter

171 2229 413 2265 amorem
449 2216 556 2264 Dei.
591 2213 982 2266 Passibilitatem
1016 2225 1138 2262 vero
1171 2211 1413 2276 reliquit,
1455 2226 1518 2261 ne
1561 2211 1700 2261 vide-

175 2291 330 2332 retur
376 2282 523 2334 nobis
563 2282 867 2335 ἀριπςιςιιιῐῑο
910 2283 1025 2332 huic
1070 2279 1359 2340 iuba-rere.
1401 2279 1490 2331 sed
1534 2279 1702 2342 potius

174 2349 548 2402 festinaremus
588 2352 648 2404 ad
694 2353 829 2401 illam
875 2352 1134 2416 quietem,
1165 2363 1278 2416 qua:
1319 2361 1434 2400 cum
1482 2347 1724 2400 Domino-

170 2432 260 2470 ρει
295 2420 614 2472 indel‘iciens.
645 2420 776 2483 Quid
817 2422 953 2470 enim
1001 2427 1172 2475 esset,
1221 2417 1264 2468 si
1308 2416 1701 2481 passibilitatem

174 2489 392 2551 penitus
422 2489 713 2540 absrulisset
734 2527 746 2547 ,
780 2496 831 2539 et
859 2501 973 2538 cum
1004 2485 1112 2537 suis
1153 2494 1225 2536 tot
1271 2495 1324 2537 et
1365 2485 1520 2534 tantis
1543 2484 1704 2536 tribu-

176 2557 467 2607 lationibus
500 2557 563 2608 ita
595 2557 853 2622 diligatur,
887 2565 942 2606 ut
983 2556 1065 2622 vix
1099 2554 1284 2622 aliquis
1318 2553 1584 2622 essetqui
1627 2554 1703 2622 sic

174 2637 394 2676 attenta:
435 2619 765 2676 beatitudinis
808 2638 1005 2674 memor
1049 2621 1243 2674 luisset.
1288 2619 1614 2683 Notandum,
1658 2621 1701 2674 si

172 2695 299 2757 quis
332 2695 594 2756 haptizaus
623 2694 758 2744 dicat
789 2709 798 2742 :
835 2691 1043 2755 Baptizo
1075 2703 1123 2743 te
1154 2692 1202 2741 in
1235 2689 1440 2742 Christo
1467 2687 1620 2757 Jesn,
1649 2700 1702 2743 et

176 2756 288 2811 non
345 2764 482 2812 dicat
530 2762 580 2811 In
631 2761 838 2811 nomine
871 2760 1066 2818 Patris,
1112 2768 1164 2809 ct
1213 2758 1354 2817 Filii,
1388 2767 1440 2809 et
1479 2756 1703 2824 Spiritus

172 2831 347 2881 sancti
369 2871 381 2888 ,
415 2831 546 2881 sicut
587 2830 830 2880 Dominus
873 2828 1124 2891 instituit,
1158 2841 1258 2876 non
1288 2837 1363 2877 est
1395 2840 1546 2878 verus
1578 2827 1703 2893 bap-

175 2899 407 2959 tismns;
437 2907 485 2948 et
516 2897 630 2949 ideo
662 2894 935 2946 videndum
966 2905 1044 2947 est
1089 2909 1151 2946 ne
1182 2896 1294 2955 quis
1332 2905 1469 2945 erret
1510 2895 1559 2944 in
1588 2909 1703 2947 ver-

175 2968 261 3032 bis
308 2968 536 3032 Apo-toli
558 3007 570 3025 ,
606 2965 790 3026 quibus
831 2965 952 3015 dicit
980 2982 992 3014 :
1029 2961 1176 3014 Nunc
1207 2963 1398 3029 bap.'izo
1427 2963 1476 3016 in
1505 2961 1701 3016 Christo

172 3031 302 3085 Iesu
327 3073 340 3095 ,
360 3031 513 3084 aliter
545 3034 836 3098 intelligens
864 3048 1015 3096 quam
1047 3032 1235 3082 dictum
1265 3031 1350 3083 sit.

253 3102 318 3154 Ut
348 3104 474 3153 ultro
503 3118 600 3152 non
629 3097 892 3153 serviamus
922 3111 1120 3167 peccato
1147 3100 1315 3168 (llam.
1350 3097 1443 3164 vi),
1477 3098 1560 3152 hic
1586 3107 1697 3167 qui-

173 3171 301 3222 dam
338 3170 564 3222 hmretici
596 3185 831 3222 asserere
861 3170 1103 3221 volebant
1133 3175 1190 3220 ut
1224 3167 1265 3219 si
1309 3177 1547 3233 peceator
1588 3179 1703 3234 post

173 3241 491 3304 baptismum
538 3241 599 3289 ad
651 3248 917 3304 peccatum
963 3238 1184 3299 rediret,
1230 3238 1368 3287 nullo
1411 3237 1563 3289 modo
1597 3253 1705 3289 am-

175 3311 318 3371 ptius
343 3308 406 3358 ad
436 3306 790 3372 ptes-irentiam
824 3306 1162 3370 reciperetur,
1204 3319 1266 3356 eo
1306 3305 1441 3370 quod
1481 3304 1544 3355 ad
1580 3321 1700 3369 pec-

174 3389 352 3427 catum
380 3377 509 3428 ultra
538 3377 703 3426 redire
727 3390 828 3426 non
858 3376 1069 3426 deberet
1099 3383 1212 3437 post
1233 3373 1543 3436 baptismum
1569 3391 1580 3436 ;
1613 3375 1704 3427 sed

176 3445 309 3496 i-lud
341 3446 522 3496 lalsum
565 3453 678 3505 i-st,
725 3453 944 3494 testante
989 3442 1240 3505 Domino,
1286 3438 1542 3503 Peccator,
1574 3459 1706 3507 qua-

175 3529 376 3577 cunque
419 3513 539 3563 lioi-a
578 3513 898 3579 ingemuerit,
940 3510 1103 3579 salvus
1143 3511 1251 3562 erit.
1293 3507 1430 3560 Mors
1472 3509 1547 3562 illi
1575 3512 1704 3563 ultra

175 3597 282 3632 non
314 3577 646 3631 dominabitur
677 3584 693 3644 (
722 3578 866 3631 Rom.
900 3593 949 3630 vt
976 3583 991 3643 )
1014 3617 1026 3638 ,
1059 3577 1107 3628 id
1152 3587 1265 3639 est,
1307 3579 1475 3642 aliqua
1521 3580 1705 3632 mortis

174 3649 511 3714 compassio,
543 3660 595 3698 ut
626 3651 747 3700 lli-re
787 3657 837 3699 ct
876 3650 1055 3706 sitire,
1086 3655 1186 3697 etc.
1228 3647 1372 3710 Quod
1412 3646 1549 3698 enim
1591 3659 1705 3712 post

176 3732 238 3768 re
272 3719 618 3769 urrectiouem
651 3716 903 3777 comedit,
940 3730 1039 3766 non
1072 3714 1205 3765 llune
1251 3714 1369 3764 illud
1415 3715 1565 3776 iecit,
1611 3720 1699 3766 sel

172 3787 330 3850 quissi
367 3787 670 3836 miraculum
701 3785 821 3836 illud
851 3786 913 3836 ad
947 3799 1002 3835 se
1031 3783 1396 3834 declarandum
1439 3785 1578 3834 l'ecit.
1621 3785 1702 3836 Si-

177 3855 377 3904 militer
423 3854 629 3916 quando
675 3855 859 3904 mortui
907 3852 1130 3916 peccatis
1170 3864 1382 3905 sumus.
1430 3865 1529 3901 non
1571 3853 1698 3904 ultra

173 3926 241 3972 ad
275 3937 334 3972 ea
367 3924 535 3973 red.re
563 3921 843 3983 debemus,
873 3922 938 3972 ita
981 3930 1033 3969 ut
1071 3917 1218 3970 nobis
1256 3919 1599 3970 dominentur.
1639 3921 1701 3972 Et

174 3991 468 4040 "orandum
505 4001 583 4040 cst
609 3990 744 4054 quod
775 4005 874 4040 non
900 3987 1085 4039 dicitur
1114 3988 1348 4038 L‘hristus
1386 3991 1698 4051 resurrexit,

171 4060 319 4109 sicut
339 4058 526 4107 dicitur
551 4060 820 4120 ltehabuit,
842 4056 982 4123 quasi
1008 4055 1413 4123 lteruturhabnii.
1433 4056 1540 4108 Non
1564 4057 1698 4109 enim

177 4126 432 4177 Dominus
475 4125 550 4175 bis
595 4137 681 4176 aut
725 4136 800 4177 ter
846 4122 1100 4180 Surrexit.
1130 4122 1219 4174 sed
1250 4125 1445 4185 semel,
1475 4133 1524 4174 et
1553 4124 1700 4176 Chri-

173 4205 292 4244 stus
314 4193 422 4260 jam
455 4209 554 4244 non
587 4195 823 4244 moritur.
855 4195 980 4248 Nam
1014 4199 1356 4260 mortunsest
1386 4200 1577 4243 tantum
1619 4210 1698 4245 se-

175 4264 282 4314 mel
305 4258 328 4324 ,7
352 4277 452 4312 non
482 4263 594 4324 bis,
624 4262 760 4326 quod
791 4265 949 4315 semel
995 4263 1124 4312 mori
1165 4258 1398 4319 suli‘ecit,
1443 4262 1556 4324 quia
1603 4262 1700 4314 hoc

173 4332 316 4395 quod
349 4342 576 4381 mortuus
606 4337 712 4391 est,
758 4341 989 4394 peccato,
1013 4331 1060 4379 id
1084 4340 1184 4388 est,
1210 4331 1268 4379 ad
1293 4329 1696 4382 destructionem

175 4400 378 4465 peccati
405 4417 418 4459 ς
448 4408 500 4450 et
529 4398 645 4461 quia
675 4405 937 4462 peccatum
967 4397 1249 4457 destruxit,
1277 4398 1404 4448 satis
1433 4413 1569 4449 mors
1595 4415 1690 4446 una

172 4466 403 4518 sullecit.
445 4467 574 4519 Vere
614 4469 747 4518 enim
787 4483 888 4518 non
928 4470 1109 4518 iterum
1155 4467 1390 4526 moritur,
1436 4482 1551 4516 nam
1597 4471 1693 4518 hoc

172 4536 320 4599 qttod
351 4548 581 4586 mortuus
610 4545 708 4596 est,
738 4539 939 4588 scilicet
983 4545 1216 4586 mortuus
1243 4542 1322 4585 est
1364 4544 1606 4598 peccatu,
1641 4538 1690 4586 td

174 4615 291 4664 est,
325 4615 379 4654 ut
405 4604 636 4656 destruat
666 4615 964 4669 peccatum,
991 4602 1116 4654 illud
1141 4614 1220 4654 est
1245 4604 1435 4660 semel,
1463 4616 1565 4652 non
1593 4604 1688 4654 his.

171 4670 342 4734 Quasi
371 4674 506 4724 dicat
530 4689 542 4722 ί
574 4671 679 4724 lloc
705 4683 782 4722 est
810 4676 1002 4734 semel,
1026 4673 1159 4738 quod
1189 4670 1297 4734 ipse
1319 4679 1551 4721 mortuus
1580 4679 1657 4721 est
1677 4711 1690 4732 ,

173 4754 232 4791 ιιι
267 4751 533 4806 peccatum
563 4742 776 4792 deleret.
813 4739 946 4804 Ergo
975 4743 1089 4792 illos
1117 4741 1367 4801 destruit,
1400 4746 1484 4804 qui
1517 4739 1696 4790 dicunt

177 4811 458 4859 Dominum
489 4812 554 4859 ita
585 4809 634 4860 in
667 4821 787 4860 aere
817 4809 946 4859 mori
980 4823 1070 4872 pro
1109 4808 1342 4865 diabolo,
1383 4808 1516 4860 sicut
1555 4823 1695 4858 inor-

175 4889 302 4930 tuus
330 4889 407 4927 eat
439 4892 530 4940 pro
559 4876 707 4928 nobis
737 4878 796 4927 ῗ..
819 4879 1028 4926 muudo.
1066 4877 1230 4926 l'ritna
1262 4876 1345 4926 die
1387 4890 1484 4937 qua
1532 4878 1693 4927 Adam

173 4945 422 4996 conditus
453 4944 576 5004 fuit,
613 4955 760 4996 vetus
789 4944 990 4995 exstitit
1019 4959 1119 4994 non
1147 4953 1317 5001 aetate,
1346 4945 1435 4993 sed
1468 4957 1695 5008 congrua

174 5013 544 5070 similitudine,
573 5012 688 5077 quia
720 5014 854 5064 sicut
883 5026 965 5062 res
998 5027 1111 5076 qua:
1141 5019 1288 5062 vetus
1315 5021 1393 5062 est
1420 5011 1616 5072 delicti,
1645 5021 1698 5063 et

174 5083 241 5132 ad
274 5096 514 5132 occasum
549 5083 733 5142 trahit,
766 5082 838 5131 sic
869 5079 1030 5130 Adam
1060 5093 1160 5144 qua
1190 5080 1312 5129 hora
1343 5082 1599 5144 peccavit,
1633 5084 1694 5130 ad

175 5164 426 5201 occasum
460 5150 638 5198 mortis
669 5162 812 5208 quasi
845 5159 988 5199 vetus
1034 5148 1335 5208 descendit,
1370 5159 1421 5197 et
1459 5149 1698 5198 simliter

177 5227 303 5283 post
331 5233 445 5269 eum
476 5217 688 5280 quilibet
717 5225 969 5278 peccator.
995 5215 1094 5266 Sed
1121 5212 1328 5283 Christo
1355 5230 1514 5265 nouis
1545 5217 1698 5264 hoino

177 5282 276 5336 l'nit
297 5326 312 5348 ,
345 5297 394 5338 et
423 5284 669 5348 spirituali
701 5283 927 5344 ratione,
962 5292 1014 5335 et
1044 5285 1161 5333 licet
1193 5282 1348 5332 homo
1378 5285 1572 5342 lactus,
1610 5295 1698 5331 rex

178 5363 359 5404 tamen
390 5363 500 5405 erat
527 5359 580 5405 ct
607 5351 900 5416 angelorum
929 5361 983 5402 et
1009 5352 1268 5400 hominum
1297 5368 1312 5411 ς
1359 5361 1409 5401 et
1453 5362 1698 5413 pra-terea

175 5421 280 5472 alia
315 5421 541 5487 generali
574 5430 771 5487 rati0ne
793 5455 806 5477 ,
850 5433 964 5482 quia
996 5421 1128 5469 sicut
1159 5432 1286 5469 ttuVa
1324 5434 1404 5469 res
1436 5418 1622 5468 crescit
1648 5427 1699 5468 et

176 5485 483 5552 roboratur,
517 5491 590 5541 sic
620 5485 853 5540 Lhristus
894 5488 958 5538 de
1001 5490 1188 5538 virtute
1231 5487 1280 5537 in
1323 5487 1560 5537 virtutem
1589 5499 1702 5536 cre-

179 5556 292 5611 vit.
346 5568 566 5610 testante
615 5557 924 5621 Scriptura;
979 5552 1131 5606 Jesus
1181 5565 1352 5606 autem
1410 5554 1702 5616 proiiciebat

176 5635 335 5678 aetate
385 5637 437 5674 ιιι
485 5626 734 5692 sapientia
779 5637 955 5674 coram
1003 5621 1205 5692 Deoiet
1257 5623 1567 5673 hominibus.
1619 5623 1693 5672 Ad

174 5697 330 5763 cuius
378 5691 716 5746 imitationem
769 5694 885 5744 novi
936 5704 1051 5743 esse
1106 5691 1390 5754 debemus,
1449 5705 1699 5742 conscen-

1805 1877 1982 1919 nOster
2006 1870 2364 1940 sempertalia
2395 1869 2592 1940 invenit
2616 1881 2667 1940 et
2691 1874 2898 1933 statuit,
2931 1869 3114 1940 quibus
3144 1878 3326 1929 merita

1802 1947 1974 1988 nostra
2006 1939 2242 2002 ampliari
2286 1940 2503 2000 possint.
2551 1935 2617 1991 Ut
2659 1938 2812 2005 igitur
2862 1935 3107 1994 Dominus
3157 1957 3335 1997 noster

1802 2005 2061 2056 Abraham
2094 2006 2374 2070 majoribus
2407 2008 2605 2060 meritis
2649 2009 2986 2071 sublimaret,
3019 2021 3071 2061 ut
3101 2013 3327 2062 circurn-

1801 2075 2047 2126 cisioneiu
2076 2076 2371 2126 observaret
2403 2077 2536 2126 sient
2566 2076 2726 2128 Adam
2760 2079 2807 2129 in
2839 2077 3084 2141 Paradiso
3119 2090 3324 2131 terreno

1805 2144 1973 2207 posito
2020 2141 2229 2194 induxit
2272 2144 2658 2206 obedientiam,
2709 2156 2763 2196 ut
2806 2156 2980 2211 postea
3024 2150 3330 2199 transferret

1802 2226 1917 2262 eum
1934 2214 2020 2282 eis
2050 2212 2278 2282 meritis,
2323 2211 2595 2275 videlicet,
2638 2214 2678 2266 si
2722 2215 2971 2267 obediens
3015 2217 3326 2282 permansis-

1801 2288 1900 2337 set,
1933 2281 1978 2330 in
2009 2281 2275 2331 ccelestem
2307 2282 2524 2347 regiam.
2553 2286 2653 2333 Aut
2681 2285 2842 2334 voluit
2867 2281 3112 2336 Dominus
3143 2296 3194 2336 ut
3224 2287 3324 2337 sic-

1804 2359 1856 2399 ut
1901 2349 2064 2400 .lndaai
2109 2348 2368 2399 distabant
2399 2364 2424 2398 ιι
2455 2351 2691 2409 gentibus
2725 2351 2773 2402 in
2818 2353 2943 2417 ﬁde,
2977 2353 3041 2404 ita
3075 2353 3328 2406 dismrent

1802 2417 1852 2468 in
1887 2417 2060 2468 habitu
2094 2418 2354 2469 exteriori.
2387 2417 2473 2470 Vel
2501 2421 2701 2479 signum
2727 2419 2816 2471 luit
2845 2421 3072 2472 exterior
3099 2423 3323 2473 circuiu-

1801 2485 1929 2556 cisio
1964 2485 2237 2556 interioris
2269 2485 2697 2556 circumcisionis.
2729 2489 2914 2540 lterum
2945 2489 3228 2556 quaeritur:
3271 2490 3325 2542 Si

1803 2552 1934 2621 bona
1958 2553 2047 2604 l'uit
2069 2553 2414 2613 circumcisio,
2447 2571 2606 2621 quare
2635 2565 2828 2608 mutata
2854 2552 3092 2620 sit,'cum
3123 2559 3318 2609 nullum

1802 2620 1991 2673 bonum
2020 2621 2205 2673 debeat
2231 2624 2416 2674 mutari
2439 2620 2472 2686 ,⁷
2493 2634 2543 2674 et
2573 2624 2668 2676 hoc
2701 2625 2855 2677 modo
2886 2623 3020 2676 Deus
3070 2625 3329 2677 mutabilis

1801 2701 2039 2740 causatur
2062 2690 2322 2747 {Falsum
2355 2700 2463 2752 est,
2497 2692 2638 2757 quod
2675 2693 2869 2744 nullum
2913 2694 3101 2746 bonum
3142 2693 3324 2745 debeat

1803 2759 2022 2820 mutari,
2055 2758 2170 2821 quia
2203 2759 2437 2810 videmus
2467 2769 2519 2810 et
2549 2769 2780 2826 tempora
2809 2769 2860 2813 et
2891 2773 3070 2813 anates
3102 2762 3322 2822 mutari,
3403 2767 3408 2772 '

1804 2840 1923 2892 qua:
1954 2835 2125 2878 tamen
2156 2826 2287 2879 bona
2314 2837 2452 2880 sunt.
2484 2826 2672 2879 lterum
2702 2828 2948 2892 quzeritur
2992 2845 3150 2896 quare
3197 2829 3322 2881 illud

1802 2898 2091 2946 membrum
2124 2895 2544 2958 circumcidatur,
2567 2906 2619 2950 et
2656 2911 2756 2947 non
2790 2896 2909 2947 alia.
2954 2895 3055 2950 sed
3085 2898 3179 2949 hoc
3208 2898 3322 2950 ideo

1804 2966 1892 3023 lit.
1917 2967 2039 3031 quia
2080 2964 2202 3015 illud
2247 2967 2535 3016 membrum
2575 2965 2784 3031 pronius
2812 2972 2891 3017 est
2919 2964 2981 3015 ad
3030 2975 3315 3030 peccatum.

1805 3033 1867 3085 Et
1894 3048 2051 3096 quare
2080 3032 2252 3082 omnia
2283 3033 2511 3084 ruernbra
2555 3047 2655 3085 non
2699 3033 3156 3097 circumciduntur,
3205 3049 3319 3087 curn

1801 3104 1972 3153 omnia
1999 3100 2188 3168 iugiter
2215 3099 2514 3169 offendant?
2538 3101 2771 3152 Profecto
2793 3101 2911 3169 quia
2941 3114 3029 3155 aut
3059 3114 3205 3168 turpe
3234 3117 3319 3154 es-

1804 3181 1916 3230 set,
1949 3173 1991 3220 si
2027 3183 2180 3220 nasus
2211 3168 2290 3220 vel
2319 3169 2498 3219 oculos
2525 3168 3004 3231 circumcideretur,
3045 3179 3134 3223 ant
3180 3172 3317 3222 into-

1805 3239 2035 3290 lerabile.
2070 3237 2256 3288 lterum
2287 3236 2533 3302 quaeritur
2555 3253 2712 3303 quare
2737 3238 2941 3288 femina:
2970 3255 3068 3292 non
3095 3241 3317 3290 circuiu-

1802 3307 2112 3358 ciderentur.
2144 3304 2196 3356 ln
2225 3305 2322 3356 hoc
2349 3306 2645 3372 mysterium
2674 3305 3052 3372 consideratur,
3077 3310 3316 3374 quoniam

1803 3390 1883 3426 vrr
1915 3376 1966 3427 in
1995 3375 2350 3439 designatione
2381 3375 2738 3426 rationalitatis
2761 3415 2773 3434 ,
2816 3388 2930 3438 qua)
2974 3391 3180 3437 semper
3227 3392 3336 3440 puo.

1802 3445 1906 3495 rior
1932 3457 2048 3496 esse
2077 3451 2243 3507 potest
2269 3457 2419 3508 quam
2451 3445 2777 3504 seusualitas,
2810 3456 2924 3506 qua:
2952 3443 3147 3492 ratione
3177 3458 3317 3493 com-

1803 3513 1956 3576 primi
1990 3511 2174 3571 debet,
2206 3518 2259 3561 et
2285 3511 2391 3576 regi
2423 3521 2475 3562 ut
2505 3512 2688 3563 mulier
2715 3529 2741 3560 a
2777 3526 2903 3560 v.ro.
2941 3509 3089 3561 Verbi
3119 3511 3277 3574 gratia
3301 3549 3313 3569 ,

1798 3581 1980 3631 oculus
2011 3592 2270 3643 nunquam
2301 3593 2486 3630 cnvere
2518 3590 2718 3645 potest,
2752 3582 2871 3644 quin
2901 3579 3077 3630 illicita
3110 3580 3273 3629 viden
3296 3614 3310 3639 ,

1799 3659 1850 3700 et
1880 3651 1956 3699 sic
1984 3650 2155 3698 caeteri
2187 3659 2369 3698 sensus
2399 3650 2699 3710 exteriores.

1871 3716 2162 3767 Notandum
2204 3725 2285 3766 est
2319 3729 2480 3780 quare
2522 3716 2658 3767 dicat
2691 3719 2965 3780 Apostolus
2993 3734 3005 3768 :
3042 3715 3136 3768 Per
3165 3733 3314 3768 unum

1800 3786 2048 3836 hominem
2079 3799 2210 3835 mors
2239 3784 2452 3834 introivit
2479 3784 2530 3835 in
2559 3785 2798 3835 mundum
2826 3788 2839 3849 (
2870 3785 3013 3836 llam.
3049 3801 3074 3834 ν
3103 3790 3116 3850 )
3142 3827 3153 3846 ,
3201 3801 3316 3838 cum

1801 3861 1970 3918 potius
1989 3853 2198 3904 diabolo
2225 3851 2590 3916 persuadente,
2618 3853 2719 3904 Eva
2749 3854 3129 3914 consentiente,
3158 3856 3318 3906 Adam

1798 3923 1994 3974 sciente
2024 3921 2304 3971 intraverit.
2336 3919 2435 3970 Sed
2481 3921 2694 3973 diabolo
2724 3937 2824 3972 non
2867 3923 3163 3988 imputatur,
3204 3923 3320 3988 quia

1798 4007 1825 4041 ιι
1869 3990 2070 4042 diabolo
2115 3989 2302 4040 nullam
2345 3989 2598 4053 originem
2638 3991 2687 4039 iu
2731 3991 3092 4054 propagatione
3121 3991 3319 4054 accepit

1800 4060 1972 4110 homo.
2007 4061 2132 4121 Que
2162 4059 2343 4108 iterum
2389 4071 2488 4106 non
2532 4057 2822 4114 ascribitur,
2871 4059 2983 4118 quia
3025 4061 3100 4105 vir
3145 4071 3242 4107 non
3288 4072 3315 4107 a

1800 4126 2011 4180 muliere.
2032 4165 2047 4186 ,
2078 4125 2168 4176 sed
2199 4126 2380 4177 mulier
2406 4139 2434 4174 a
2467 4124 2581 4176 viro
2607 4131 2684 4176 est
2705 4163 2717 4182 ,
2751 4135 2800 4174 et
2831 4124 2935 4188 ipsa
2968 4131 3081 4187 post
3110 4134 3314 4188 recepto

1798 4196 1931 4247 virili
1963 4194 2146 4246 semini
2174 4207 2326 4245 suum
2349 4193 2654 4243 secundario
2683 4193 2861 4255 adiicit
2881 4232 2895 4248 .
2924 4195 3052 4243 sicut
3082 4191 3316 4243 videmus

1799 4265 1931 4328 quod
1965 4272 2102 4314 terra
2134 4262 2353 4323 primum
2379 4275 2555 4312 semen
2586 4261 2792 4325 recipit,
2827 4261 3012 4313 deinde
3055 4275 3178 4313 suos
3222 4261 3312 4312 hn-

1799 4346 1968 4382 mores
1997 4329 2353 4390 administrat,
2385 4337 2437 4380 et
2468 4329 2716 4395 pullulare
2748 4329 2885 4380 facit.
2919 4331 3023 4382 Soli
3056 4343 3178 4396 ergo
3208 4332 3322 4382 viro

1800 4403 1945 4465 culpa
1975 4400 2273 4460 imponitur,
2296 4399 2410 4462 quia
2441 4407 2492 4450 et
2516 4399 2682 4450 sciens
2705 4406 2756 4448 et
2778 4398 2954 4465 videns
2984 4400 3246 4460 peccavit,
3271 4410 3322 4449 et

1798 4464 1972 4518 maluit
1999 4469 2062 4517 ad
2088 4469 2264 4517 h0ram
2293 4481 2502 4518 uxorem
2532 4479 2674 4516 suant
2703 4480 2803 4515 non
2834 4464 3097 4516 oliendere
3119 4505 3133 4529 ,
3165 4483 3317 4533 quam

1793 4539 1843 4588 in
1876 4536 1962 4587 Dei
1993 4535 2284 4585 obedientia
2321 4547 2674 4598 perseverare.

1859 4605 2118 4666 Quzeritur
2155 4616 2312 4664 quare
2343 4616 2501 4664 puero
2529 4602 2695 4653 adhuc
2726 4602 2774 4652 in
2807 4609 2953 4652 utero
2984 4601 3162 4652 matris
3191 4615 3310 4652 ort-

1790 4672 1958 4737 giuale
2003 4681 2272 4737 peccatum
2318 4670 2614 4736 imputetur,
2658 4680 2711 4722 et
2745 4685 2908 4735 quare
2943 4670 3007 4720 de
3055 4670 3311 4731 haptizato

1793 4742 2079 4805 baptizatus
2111 4753 2208 4788 non
2237 4750 2494 4790 nascatur.
2522 4741 2596 4790 Ad
2625 4741 2719 4790 hoc
2742 4740 2926 4789 dicitur
2951 4739 3066 4802 quia
3096 4737 3160 4787 de
3191 4750 3308 4786 cor-

1792 4819 1942 4874 rupto
1973 4822 2070 4858 non
2101 4806 2197 4857 nisi
2225 4815 2520 4874 corruptum
2570 4807 2708 4858 nasci
2762 4814 2939 4871 potuit.
2980 4806 3042 4855 Et
3084 4807 3264 4856 iterum
3297 4821 3308 4854 :

1796 4871 1960 4929 llomo
1988 4883 2231 4939 quantum
2264 4871 2311 4923 in
2342 4888 2398 4925 se
2426 4885 2506 4925 est
2535 4876 2807 4926 muttdatnr
2838 4876 2885 4924 in
2918 4874 3186 4940 bapiismo,
3217 4873 3312 4924 sed

1793 4945 1913 5010 quia
1943 4944 2056 4994 sine
2084 4940 2495 5006 concupiscentia
2530 4957 2801 5008 procreare
2833 4957 2932 4992 nou
2966 4951 3127 5007 potest
3154 4982 3168 5005 ,
3215 4940 3317 4992 im~

1795 5021 1998 5073 putator
2023 5020 2074 5061 et
2103 5010 2238 5061 illius
2271 5013 2416 5075 proli.
2450 5013 2593 5063 Sicut
2633 5022 2764 5060 terra
2813 5018 3080 5075 purgatum
3132 5026 3310 5063 semen

1797 5099 1822 5135 τι
1852 5081 2008 5146 paleis
2037 5077 2279 5143 suscipit,
2311 5092 2360 5128 et
2391 5089 2559 5127 tamen
2591 5079 2783 5141 absque
2814 5081 2972 5145 pileis
3003 5095 3102 5130 non
3136 5080 3302 5144 ipsum

1791 5149 2040 5213 exsurgit.
2073 5146 2171 5198 Sed
2203 5159 2362 5211 quare
2390 5147 2574 5196 animae
2603 5148 2851 5211 originale
2894 5159 3157 5210 peccatum
3205 5148 3312 5197 im-

1796 5228 2018 5279 putatur,
2045 5229 2159 5266 cum
2189 5229 2312 5263 nova
2344 5223 2394 5265 et
2420 5218 2606 5264 munda
2632 5228 2658 5263 a
2690 5215 2793 5265 Deo
2822 5216 3154 5277 procreatur?
3179 5215 3316 5266 Sane

1794 5299 1907 5346 quia
1941 5286 2044 5349 ipsa
2076 5284 2278 5347 corpori
2309 5285 2357 5332 in
2386 5283 2563 5333 eadem
2601 5296 2816 5346 persona
2849 5285 3040 5341 uuitur,
3075 5293 3124 5334 et
3152 5283 3220 5333 ab
3247 5297 3305 5334 ea

1796 5355 1888 5401 hac
1918 5351 2286 5402 consuetudine
2314 5362 2364 5402 et
2396 5351 2582 5402 unione
2610 5353 2979 5415 eorruinpitur.
3013 5349 3161 5400 Verbi
3197 5364 3311 5416 gra-

1797 5419 1896 5481 tia,
1940 5427 1994 5471 ut
2037 5420 2080 5471 si
2125 5433 2241 5486 qus
2284 5418 2470 5469 bonum
2513 5433 2684 5470 semen
2727 5418 2777 5469 in
2810 5428 2996 5470 terram
3029 5418 3233 5479 mittat,
3263 5427 3316 5486 et

1797 5495 1972 5551 postea
2006 5503 2107 5540 non
2139 5485 2356 5539 i'rucnnn
2388 5487 2574 5537 b‘lllllm
2608 5496 2758 5538 terrie
2797 5486 3184 5546 commistione,
3216 5485 3306 5536 sed

1795 5555 1988 5609 zizania
2019 5556 2227 5608 referat.
2261 5555 2363 5607 Sed
2391 5570 2546 5620 quare
2577 5556 2753 5606 melior
2791 5570 2936 5618 pars,
2969 5553 3164 5605 scilicet
3195 5555 3305 5604 aui-

1798 5637 1907 5685 tna,
1943 5625 2274 5689 impurioreut
2306 5634 2531 5690 partem,
2562 5623 2756 5674 scilicet
2793 5636 3014 5687 Corpus,
3058 5637 3157 5674 non
3201 5632 3316 5673 tra-

1802 5692 1895 5755 hit,
1933 5705 1983 5746 et
2013 5710 2159 5746 suun
2188 5689 2604 5746 nonconvcrtit'.’
2646 5691 2752 5745 lloc
2792 5692 2964 5743 divino
3003 5689 3194 5758 judicio
3223 5707 3320 5744 re-
