3914 6228
535 424 628 477 ΠΙ

1023 425 1218 478 ΒΗ)Ᾱί
1262 423 1697 479 VENERABILIS
1735 424 1879 480 OPP.
1924 424 2093 479 PARS
2133 425 2192 478 Π.
2229 426 2414 485 δεετ.
2458 428 2515 482 ll‘.
2566 461 2630 471 -ο
2667 431 2861 488 DUIilA
2906 434 2989 487 ET
3032 435 3293 492 SPURIA.

3626 439 3731 494 Πὲ

534 535 875 611 linquendum
916 545 1017 611 est.
1057 532 1318 599 Qua‘ritur
1359 535 1772 611 quandoquidem
1823 537 2067 588 Dominus
2101 539 2142 596 Α
2174 537 2270 595 sia,
2313 538 2454 601 quasi
2502 555 2648 593 nota:
2694 557 2866 596 causa)
2910 559 3149 611 novaque
3194 548 3524 601 a-lveoienda
3578 557 3725 601 erant

486 634 489 635 ν
542 606 754 656 abstulit
801 605 1053 669 originale
1100 614 1406 671 peccatum,
1453 619 1613 668 quare
1665 606 1820 657 etiam
1866 621 2069 673 poenam

539 674 772 738 ejusdem
822 676 1015 739 peccati
1062 688 1165 724 non
1210 673 1466 724 abstulit?
1509 673 1623 737 Quo
1664 687 1844 726 contra
1887 676 2077 727 dicitur

542 742 676 808 quod
708 744 754 793 in
786 742 884 795 huc
914 741 1318 794 misericorditer
1347 740 1593 792 Dominus
1621 743 1915 806 consuluit,
1940 742 2075 810 quod

542 813 669 863 mori
702 824 1004 877 possumus,
1031 811 1149 875 quia
1180 810 1242 862 ad
1274 810 1464 863 cadum
1495 812 1779 864 ascendere
1814 827 1912 861 non
1946 828 2077 877 pos-

540 894 755 941 sumus,
807 880 903 931 nisi
948 879 1202 942 aliquibus
1250 879 1483 937 meritis,
1529 882 1657 929 sicut
1704 895 1797 931 nec
1829 879 1991 931 Adam
2024 884 2074 931 in

551 948 786 1013 paradiso
816 949 1009 1013 positus
1044 949 1229 1012 potuit.
1266 948 1436 999 Voluit
1468 949 1623 1012 igitur
1654 947 1905 1000 Dominus
1932 953 2073 1001 omni

548 1031 642 1069 nos
673 1018 983 1070 neces-itate
1012 1018 1323 1077 compellere
1356 1026 1408 1067 iit
1440 1016 1555 1087 illuc
1588 1017 1943 1082 tenderemus,
1972 1033 2078 1087 quo

546 1088 750 1138 sublato
780 1087 965 1139 timore
994 1087 1176 1138 mortis
1205 1100 1360 1138 nemo
1406 1085 1715 1151 proliceret,
1761 1101 1877 1137 cum
1926 1085 2080 1137 modo

549 1165 619 1206 tot
657 1156 961 1207 instantibus
991 1154 1264 1221 periculis,
1316 1163 1390 1206 tot
1435 1154 1610 1206 mundi
1662 1155 2081 1207 tribulationibus

544 1233 596 1276 et
625 1222 872 1276 molestiis
903 1224 1047 1289 pauci
1078 1224 1351 1275 admodum
1376 1225 1538 1274 coacti
1565 1223 1626 1273 ad
1654 1226 1809 1274 vitam
1832 1235 2079 1276 meritam

551 1295 885 1355 perveniant.
914 1304 962 1344 et
993 1307 1169 1345 revera
1199 1296 1346 1346 lieret
1373 1292 1528 1343 homo
1554 1292 1922 1359 incorrigibilis
1947 1292 2081 1345 sicut

543 1360 779 1415 diabolus
808 1364 918 1414 sine
950 1361 1245 1414 formidine.

1084 1451 1398 1516 QUAZSTIO
1438 1449 1548 1503 xv.

952 1540 1021 1592 De
1054 1541 1410 1607 Redemptione
1437 1541 1675 1591 ltuntmm.

614 1631 784 1684 Prima
815 1632 1033 1697 qumstio
1061 1642 1161 1693 est,
1193 1648 1352 1694 quare
1378 1631 1629 1685 Dominus
1673 1632 1937 1683 hominem
1970 1632 2085 1685 solo

552 1701 710 1752 verl‘.o
740 1716 839 1753 non
869 1701 1129 1754 redemit?
1162 1702 1307 1765 Quod
1338 1702 1410 1752 sic
1431 1703 1673 1752 solvi'ur.
1704 1701 1755 1754 Si
1783 1702 1894 1751 solo
1926 1704 2082 1754 veibo

549 1768 808 1821 hominem
858 1772 1057 1822 salvum
1102 1785 1215 1823 esse
1266 1772 1619 1834 pra'cepiSSet,
1669 1769 1906 1822 diabolus
1957 1786 2083 1823 ci-n-

542 1843 685 1903 queri
720 1851 887 1903 posset
933 1854 1051 1893 eum
1093 1840 1252 1903 magis
1284 1853 1429 1889 usum
1484 1838 1748 1891 Domittica
1797 1848 2070 1904 potestate,

545 1924 695 1968 quam
725 1909 937 1974 thS'ititc
966 1911 1229 1974 mqu'tate.
1282 1907 1540 1964 Secunda.
1574 1922 1677 1971 quo
1703 1907 1819 1973 jure
1858 1909 2077 1972 tequitzis

547 1976 643 2027 hoc
676 1975 869 2028 fecerit.
930 1977 1243 2040 Responsio,
1294 1977 1413 2042 quia
1458 1976 1698 2028 diabolus
1752 1976 2075 2028 Dominicum

550 2043 825 2103 hominem.
857 2057 1113 2110 naturam,
1144 2064 1243 2098 t.ou
1272 2047 1494 2109 culpam,
1527 2047 1571 2095 in
1596 2046 1753 2095 minis
1779 2044 2078 2106 habentem,

551 2113 600 2165 iu
635 2115 729 2165 hoc
758 2115 894 2177 qunti
924 2116 1149 2167 vinctum
1201 2116 1441 2171 reddidit,
1476 2114 1739 2180 quomodo
1776 2128 1899 2163 sane.
1928 2111 2082 2167 Chri-

548 2194 682 2233 Mlllll
730 2184 910 2249 inquo
957 2187 1152 2247 trcrcati
1196 2184 1279 2250 jus
1320 2200 1419 2235 non
1463 2183 1659 2243 habuit,
1704 2183 1979 2245 cruciﬁxit,
2030 2195 2081 2234 et

553 2254 667 2304 ideo
697 2268 792 2305 mei
811 2255 880 2305 ito
907 2263 951 2304 ct
982 2252 1096 2314 iure
1124 2254 1352 2318 gentium
1377 2254 1546 2304 amisit
1578 2254 1673 2304 hoc
1695 2252 1831 2317 quod
1858 2256 2079 2319 ittrtligita

552 2320 728 2374 fraude
760 2322 1073 2387 possidebat.
1129 2325 1321 2383 'l'ertia,
1374 2337 1530 2389 quare
1563 2320 1654 2373 ista
1709 2321 1971 2372 tril‘ulatio
2001 2336 2083 2372 re-

551 2391 778 2454 tlt'mptio
810 2401 1040 2443 vocetur.
1089 2396 1211 2455 Qui:
1252 2402 1633 2455 consequenter
1678 2390 1929 2449 solvitur,
1963 2392 2079 2455 quia

551 2459 681 2511 sicut
716 2460 847 2515 lis:iu
888 2461 1062 2512 edulio
1115 2461 1264 2512 itutis
1316 2460 1659 2526 piontigcnita
1710 2475 1797 2509 sua
1829 2461 2078 2522 vendidit,

549 2529 616 2580 ita
650 2529 811 2583 Adam
841 2532 961 2582 dum
995 2545 1199 2596 pomum
1237 2540 1443 2599 gintare
1485 2529 1887 2594 pra-sumpserit,
1911 2597 1920 2599 A
1942 2543 1998 2581 se
2030 2532 2079 2581 in

549 2613 753 2650 servum
799 2599 1004 2651 d3aboln
1053 2597 1364 2665 subjugavit,
1416 2615 1566 2663 quem
1606 2599 1852 2648 Dominus
1898 2597 2075 2662 Ji-sus,

551 2680 644 2731 par
673 2667 779 2732 pari
809 2669 1058 2730 referens,
1089 2671 1244 2722 simili
1279 2678 1398 2734 potu
1434 2667 1724 2727 inebriavit,
1757 2682 1856 2730 quo
1890 2668 1973 2719 ille
2008 2668 2080 2720 le-

550 2734 703 2787 tliil'er
756 2738 1129 2803 protoplastum
1186 2735 1543 2789 mortiﬁcavit.
1611 2735 1756 2786 Sicut
1799 2736 1935 2788 cnim
1992 2740 2081 2791 ille

547 2816 699 2871 gustu
728 2804 861 2868 pomi
889 2806 1048 2858 Adam
1076 2820 1291 2859 mortem
1318 2806 1532 2871 potavit,
1557 2806 1621 2856 ita
1649 2803 1893 2855 Dominus
1915 2806 2082 2870 qunti-

546 2864 675 2941 tlam,
694 2864 844 2926 dulce
873 2876 1108 2939 poculum
1136 2876 1181 2927 ei
1218 2864 1529 2939 propinavit,
1571 2874 1776 2941 quando
1803 2864 2077 2926 eunt-con-

545 2940 702 2993 cessit
727 2943 971 2999 obiectari
996 2945 1321 2996 contumeliis
1346 2948 1540 3004 multis,
1565 2940 1693 3008 quas
1713 2941 1811 2993 sibi
1840 2943 2078 3006 ingessit.

546 3012 758 3076 Quarta,
791 3026 881 3064 cur
909 3028 1074 3080 neque
1102 3028 1191 3076 per
1212 3013 1473 3079 angelum,
1506 3027 1670 3077 neque
1694 3025 1783 3076 per
1815 3011 2075 3065 hominem

547 3083 761 3133 saltatio
796 3082 903 3133 iicri
942 3084 1145 3151 potuit?
1196 3080 1505 3151 iiespousio.
1539 3081 1637 3132 l’er
1672 3080 1934 3131 hominem
1969 3082 2079 3133 lieri

547 3151 662 3202 idco
693 3166 792 3201 non
822 3150 1008 3215 potuit,
1049 3151 1165 3215 quia
1204 3150 1537 3214 .impoSsibile
1583 3160 1692 3201 erat
1742 3158 1800 3200 ut
1848 3153 2077 3214 perditus

553 3220 807 3283 perditum
840 3222 1138 3283 redimeret,
1173 3221 1372 3271 vinctus
1402 3230 1627 3272 Vlltt'llllll
1662 3218 1927 3270 liizeraret.
1980 3219 2078 3271 Γοι-

550 3290 788 3353 angelum
818 3304 941 3341 vero
972 3305 1071 3341 nuit
1114 3292 1297 3352 potuit,
1349 3291 1465 3353 quia
1496 3297 1549 3339 et
1576 3288 1616 3339 si
1649 3288 1871 3339 salutem
1913 3291 2081 3350 daret,

550 3357 869 3408 divmitatcm
902 3370 1073 3412 tamen
1105 3360 1316 3410 minime
1365 3360 1641 3412 conterret.
1678 3371 1831 3417 quam
1868 3370 1933 3408 ex
1969 3372 2087 3409 sese

555 3439 655 3477 non
688 3426 923 3478 habebat.
954 3429 1161 3490 Quinta,
1196 3443 1287 3477 cur
1317 3427 1602 3493 angelicam
1631 3435 1864 3493 naturam
1907 3427 1970 3477 ad
2005 3442 2084 3477 re-

555 3497 907 3560 demptionem
966 3498 1191 3549 hominis
1246 3513 1343 3547 non
1395 3494 1713 3561 assumpsit?
1770 3492 2083 3558 ReSpOusio.

552 3563 680 3628 Quia
712 3563 895 3615 iterum
922 3564 1155 3617 diabolus
1186 3576 1590 3631 conquereretur
1627 3562 1762 3628 quod
1794 3578 1881 3615 sua
1918 3579 2084 3631 pugna

559 3648 659 3683 linit
690 3642 828 3685 recte
848 3648 966 3685 cum
988 3633 1204 3686 Domino
1230 3642 1522 3699 enniparata
1553 3634 1754 3693 luisset,
1778 3637 1914 3699 quod
1940 3635 2085 3699 quasi

552 3702 777 3759 gladium
824 3712 1003 3754 ernlra
1051 3713 1307 3755 tenentem
1340 3705 1573 3754 baculum
1597 3701 1871 3753 attulisset.
1904 3702 2085 3765 Sexta,

557 3771 805 3836 quati-itur
851 3786 1015 3832 quare
1062 3774 1234 3824 tandiu
1284 3771 1523 3823 dismlit?
1572 3772 1716 3834 Quod
1751 3772 1815 3820 ita
1845 3773 2085 3823 solvitur.

561 3839 758 3890 Novum
788 3841 909 3905 quid
957 3849 1010 3893 et
1054 3842 1341 3893 inauditum
1372 3851 1526 3904 atque
1559 3839 1793 3891 mirabile.
1840 3839 2087 3891 Dominus

557 3908 787 3959 facturus
829 3918 959 3969 erat,
1008 3912 1142 3975 quod
1175 3912 1348 3961 multis
1398 3908 1613 3960 teStibus
1663 3907 1803 3973 ptius
1831 3917 1941 3959 erat
1971 3923 2088 3973 pro-

561 3975 864 4027 mittendum
893 3986 943 4028 et
977 3977 1303 4039 (innantium,
1326 3980 1440 4041 quia
1473 3979 1513 4029 si
1542 3978 1765 4029 Subittun
1789 3977 2084 4036 acridtsset,

561 4044 735 4096 nullus
767 4044 918 4095 [idem
952 4055 1104 4097 tanta:
1134 4050 1203 4099 rei
1235 4048 1515 4105 habuisset,
1565 4063 1680 4097 tum
1714 4045 1867 4097 tantis
1904 4054 1957 4096 et
1986 4056 2087 4096 tam

555 4112 711 4165 certis
737 4113 937 4165 indiciis
960 4116 1106 4176 pauci
1134 4116 1411 4168 admodum
1443 4116 1633 4168 inventi
1662 4126 1803 4176 sunt,
1825 4114 1911 4181 qui
1935 4114 2087 4168 Chri-

556 4190 637 4234 sto
666 4184 890 4235 venienti
918 4183 1068 4237 [idem
1105 4187 1442 4249 pra-bueriut.
1492 4185 1652 4236 i’ort'o
1696 4184 1737 4235 si
1766 4194 1884 4235 ante
1914 4184 2087 4235 datam

558 4254 719 4314 legem
764 4252 1011 4304 Dominus
1062 4256 1271 4306 saltare
1319 4254 1564 4304 mundum
1614 4253 1859 4311 venisset.
1912 4260 2091 4317 posset

557 4320 746 4386 aliquis
773 4321 949 4372 dicere
999 4324 1118 4385 quia
1162 4325 1455 4385 supeilluus
1486 4333 1622 4374 esset
1653 4324 1765 4386 ejus
1814 4321 2088 4383 adventus,

556 4404 675 4441 cum
709 4388 874 4456 aliqua
910 4400 1162 4455 pm'cepta
1194 4392 1400 4442 dedisse
1428 4392 1703 4455 potuisset,
1734 4405 1845 4454 qua:
1870 4390 2090 4440 salutem

560 4459 919 4509 mintttlisseut.
972 4457 1141 4510 Voluit
1173 4472 1298 4523 ergo
1329 4459 1572 4510 Dominus
1602 4473 1696 4509 nos
1728 4457 1897 4508 omnia
1948 4459 2088 4521 prius

2179 617 2456 680 pra-cepta,
2482 624 2598 674 quae
2619 619 2671 662 et
2692 613 2755 660 ab
2779 614 3068 678 Evangeliis
3091 616 3432 680 proﬂuerent,
3468 627 3518 671 et
3551 630 3723 668 ιειιηι-ιι

2176 676 2397 751 quadam
2445 680 2809 751 sua_novitate
2850 692 2900 734 et
2924 676 3237 738 necessitate
3278 701 3382 738 non
3422 676 3729 751 superﬂue-

2178 753 2312 809 rent,
2346 746 2394 798 in
2424 760 2530 818 quo
2555 747 2791 801 innititur
2822 750 3102 817 Apostolus
3148 755 3465 807 auct0ritate
3499 746 3727 818 propbeo

2179 821 2368 892 Ψιιιη-
2397 815 2533 892 (Ιθέοά
2559 815 2880 892 μηδι-ἀκεᾎτη-
2902 820 3250 892 ΙειιθεηίΜοςεί
3274 833 3458 876 contra
3489 815 3724 875 redivita

2179 883 2297 956 vitia
2332 883 2617 956 inspirante
2668 886 2885 939 Domino
2931 898 2981 941 et
3007 883 3221 956 j‘ubenic
3270 894 3599 950 spiritiialem
3630 893 3719 943 de-

2178 949 2360 1002 detiiut
2391 954 2789 1009 eorreelionein.
2835 957 2965 1009 Cum
2996 949 3133 1010 enim
3176 949 3423 1013 Dominus
3455 962 3505 1012 in
3553 962 3720 1011 Evan-

2180 1020 2317 1092 gelio
2349 1025 2559 1092 hortans
2593 1039 2686 1075 nos
2716 1026 2777 1077 ad
2824 1026 3188 1089 humilitatem,
3220 1044 3283 1080 ne
3324 1032 3441 1092 quis
3476 1032 3723 1080 invitatus

2181 1089 2242 1138 ad
2278 1090 2483 1163 _l|_llt:tia_s
2516 1091 2760 1146 Ecclesiae
2786 1094 3137 1147 discumberet
3183 1099 3229 1148 in
3265 1089 3431 1163 primo
3464 1100 3597 1160 loco,
3631 1115 3719 1147 su-

2182 1157 2373 1235 peiltizc
2397 1159 2724 1235 admoneret,
2768 1164 3049 1235 ostendens
3096 1166 3230 1233 quoii
3266 1157 3345 1218 ἠρ
3372 1168 3491 1235 quis
3520 1157 3720 1219 se'aliis

2182 1225 2472 1301 prafl'erret,
2500 1241 2551 1279 et
2582 1231 2697 1295 quis
2721 1246 2777 1283 se
2802 1231 2867 1283 de.
2892 1234 3000 1284 suis
3043 1225 3238 1287 meritis
3263 1225 3506 1301 jactaret.

2255 1294 2349 1346 I'er
2378 1297 2542 1368 legent
2567 1301 3083 1368 cognnvipecrntunt
3120 1318 3235 1354 esse
3263 1294 3560 1365 vitandum;
3598 1321 3717 1368 pec-

2179 1370 2381 1421 catum,
2415 1362 2599 1433 idest,
2635 1363 2898 1421 diabolus,
2926 1366 3015 1429 qui
3056 1379 3135 1416 me
3166 1362 3391 1431 peccare
3419 1362 3566 1427 tecti,
3600 1362 3729 1433 ope-

2180 1440 2330 1481 ratus
2356 1440 2435 1480 est
2464 1429 2513 1481 iii
2548 1445 2629 1481 me
2655 1429 3237 1496 εοιιςιινιδρυιιιίειιιιζει
3266 1436 3362 1485 hoc
3386 1450 3479 1499 per
3505 1429 3725 1487 manda-

2181 1506 2287 1549 tum
2320 1498 2477 1570 legis,
2502 1513 2603 1550 non
2631 1502 2950 1570 necessitate
2974 1502 3226 1567 peccandi
3257 1498 3474 1569 accepta
3507 1505 3555 1554 iii
3588 1505 3727 1570 lege,

2178 1569 2586 1640 sedioccasione
2630 1567 2729 1640 hoc
2775 1570 2949 1628 modo,
2989 1571 3108 1635 quia
3163 1582 3286 1624 ante
3344 1567 3512 1640 legem
3570 1567 3722 1638 quod

2177 1639 2382 1703 εοιιῘιυε
2404 1644 2519 1689 erat
2541 1636 2801 1697 diabolus.
2824 1654 2925 1690 non
2954 1654 3149 1692 curans
3174 1651 3226 1691 ιιι
3261 1642 3378 1693 illos
3399 1636 3464 1692 ad
3497 1636 3723 1695 iuortcn;

2177 1716 2412 1773 cogeret,
2440 1720 2574 1774 quos
2604 1708 2665 1758 ad
2701 1709 2865 1773 ipsam
2898 1718 3219 1773 spontaneos
3242 1712 3320 1763 ire
3347 1711 3599 1775 videbat;
3630 1715 3725 1764 sed

2176 1789 2295 1825 cum
2325 1775 2535 1826 videbat
2564 1774 2675 1827 dari
2716 1778 2904 1841 legem,
2927 1794 3041 1843 qua.-
3066 1779 3201 1828 viam
3229 1784 3428 1849 peccati
3454 1774 3722 1834 contradi-

2184 1850 2346 1911 ci'ret,
2376 1850 2614 1904 cognovit
2643 1849 2787 1911 quod
2820 1858 2911 1897 eos
2950 1852 3043 1896 aut-
3066 1850 3270 1910 penitus
3309 1851 3609 1907 amitteret,
3638 1858 3726 1896 aut

2180 1924 2269 1960 eos
2296 1908 2369 1961 ire
2396 1912 2459 1964 ad
2489 1913 2621 1964 viam
2660 1908 2840 1964 mortis
2860 1954 2873 1975 ,
2904 1929 3002 1976 qua
3034 1908 3461 1972 interdicebatur,
3489 1914 3721 1975 cogeret:

2184 1978 2360 2049 Ettali
2391 1980 2545 2033 modo
2574 1982 2637 2034 ad
2671 1982 2857 2033 bonum
2890 1982 3017 2048 legis
3059 1998 3157 2049 qua
3188 1982 3592 2048 expergefactus
3621 1997 3725 2043 es'.

2180 2046 2303 2117 eniti
2334 2058 2384 2099 et
2415 2050 2652 2103 laborare
2699 2050 2813 2113 plus
2838 2046 3017 2117 crrp‘t,
3070 2046 3123 2103 ut
3150 2066 3242 2104 eos
3287 2046 3501 2117 cogeret
3535 2052 3721 2101 invitos

2180 2115 2275 2177 ire,
2308 2131 2411 2187 quo
2442 2122 2581 2183 prius
2612 2119 2752 2171 ibant
2780 2115 3077 2185 spontanei,
3116 2129 3168 2172 et
3195 2119 3272 2172 sic
3301 2134 3328 2170 a
3359 2115 3478 2187 lege,
3508 2131 3721 2180 accepta

2182 2186 2455 2237 occasimre
2477 2203 2539 2240 eti
2561 2188 2633 2254 pit
2660 2204 2749 2240 eos
2772 2190 3016 2255 instigare
3047 2199 3099 2240 ut
3124 2186 3432 2255 peccarent.’
3455 2189 3529 2240 Illi
3555 2202 3725 2241 autem

2183 2268 2283 2303 non
2316 2255 2364 2305 in
2399 2254 2503 2309 Deo
2530 2258 2871 2321 Clllintlellle“,
2902 2254 2994 2311 sed
3045 2258 3095 2309 in
3119 2272 3195 2321 se,
3228 2255 3478 2310 resistere
3508 2273 3608 2309 non
3638 2272 3727 2324 pn-

2183 2330 2418 2394 inerunt,
2442 2337 2486 2376 et
2523 2327 2636 2377 ideo
2678 2328 2952 2380 occasioiie
3005 2326 3131 2394 legis
3182 2326 3299 2392 plus
3351 2339 3726 2390 peccaverunt,

2184 2392 2300 2461 quia
2332 2402 2383 2460 et
2408 2393 2769 2448 iuobeilientes
2811 2396 2916 2448 Deo
2947 2392 3174 2455 luerunt,
3206 2405 3256 2448 et
3288 2394 3489 2460 majora
3525 2407 3726 2461 peccas

2183 2456 2436 2530 fecerunt.
2470 2461 2615 2515 Sicut
2657 2465 2699 2516 si
2737 2465 2898 2517 hostis
2948 2467 2997 2518 in
3026 2465 3230 2517 hostem
3271 2456 3502 2517 debilem
3526 2456 3724 2530 surge-

2182 2538 2282 2589 ret,
2329 2529 2378 2581 iii
2409 2545 2525 2581 cum
2557 2547 2655 2583 non
2687 2548 2868 2585 omnes
2898 2536 3033 2585 vires
3070 2543 3361 2591 exerceret.
3416 2535 3507 2585 sed
3538 2534 3580 2584 si
3612 2529 3731 2585 eum

2185 2599 2479 2664 praemuniri
2508 2610 2558 2651 et
2588 2602 2817 2653 roborari
2847 2603 3061 2663 videret,
3106 2602 3290 2655 fortior
3320 2602 3579 2654 adversus
3609 2618 3722 2653 eum

2184 2670 2458 2720 occasione
2488 2667 2571 2722 illa
2604 2670 2914 2735 insurgeret,
2961 2672 3081 2737 quia
3113 2681 3233 2723 tunc
3282 2682 3371 2723 aut
3406 2674 3719 2733 vinceretur.

2181 2748 2269 2787 aut
2297 2738 2546 2789 vinceret.
2591 2739 2927 2791 Occasionem
2952 2754 3053 2791 non
3080 2752 3274 2791 rectam
3302 2756 3517 2791 causam
3546 2754 3726 2791 voeire

2184 2805 2432 2876 solemus,
2456 2822 2621 2876 quam
2673 2807 2830 2860 habet
2854 2809 3105 2861 adversus
3133 2823 3247 2875 nos,
3280 2809 3495 2876 quando
3542 2823 3633 2861 nos
3663 2812 3725 2860 ad

2183 2874 2316 2944 bona
2350 2874 2561 2929 tendere
2581 2877 2855 2944 conspicit.

2250 2942 2542 3015 Notandum
2572 2956 2651 2999 est
2676 2942 2811 3015 quod
2842 2946 3120 3012 Apostolus
3144 2944 3397 3015 terliecm
3432 2944 3599 3015 Ιει-ιαπι
3629 2961 3721 2996 M-

2182 3013 2336 3081 tavit:
2367 3013 2531 3078 legent
2560 3013 2765 3077 carnis,
2799 3031 2915 3081 rpite
2952 3025 3031 3069 est
3063 3018 3289 3078 peccati;
3324 3014 3498 3081 legem
3542 3014 3721 3079 Moysi,

2183 3080 2347 3151 legem
2372 3082 2585 3151 mentis,
2614 3098 2728 3151 qua:
2758 3080 2914 3136 etiam
2941 3084 3022 3136 lex
3044 3096 3121 3135 est
3146 3080 3394 3149 Spiritus.
3422 3083 3563 3133 Dixit
3591 3084 3721 3149 quod

2184 3151 2233 3199 in
2260 3148 2467 3201 Christo
2510 3148 2783 3204 .lesu—sunt
2828 3152 3030 3205 liberati
3080 3167 3106 3203 a
3141 3148 3326 3209 morte.
3375 3162 3425 3201 et
3461 3165 3585 3202 vere
3612 3148 3725 3202 Sunt

2184 3218 2383 3269 liberati
2417 3219 2465 3271 in
2494 3217 2705 3273 Christo
2734 3236 2760 3271 a
2792 3235 2970 3273 causa.
3027 3222 3150 3272 Nam
3185 3223 3335 3272 l’ater
3364 3220 3552 3271 Filium
3581 3235 3723 3270 Suum

2184 3302 2285 3339 non
2315 3301 2473 3340 carne
2503 3292 2722 3355 peccati,
2754 3290 2842 3341 sed
2871 3290 2920 3341 in
2946 3291 3283 3342 similitudine
3309 3288 3486 3338 carnis
3516 3292 3724 3352 perciti,

2181 3355 2446 3407 damnavit
2476 3370 2743 3423 peccatum
2786 3372 3016 3411 noStrum
3048 3364 3113 3411 de
3145 3367 3361 3423 peccato
3393 3357 3569 3422 (Itoni.
3598 3359 3723 3425 vin),

2184 3425 2231 3475 id
2261 3434 2363 3487 est,
2393 3427 2458 3478 de
2488 3426 2619 3480 Filio
2641 3442 2757 3493 suo,
2784 3429 2870 3491 qui
2906 3430 2997 3479 luit
3029 3438 3316 3489 peccatum,
3348 3427 3399 3476 id
3427 3437 3529 3483 e~t.
3566 3428 3725 3478 bos-tia

2182 3504 2277 3561 pro
2306 3504 2540 3561 peccato.
2593 3497 2726 3549 Deus
2759 3498 2909 3548 l'ater
2937 3497 3126 3548 dicitur
3174 3496 3380 3546 mittere
3413 3494 3601 3546 Filium
3633 3497 3725 3545 im-

2186 3565 2413 3629 proprie.
2445 3568 2562 3631 quia
2594 3582 2694 3616 non
2724 3566 2883 3618 mittit
2913 3578 2967 3617 ut
3007 3581 3033 3617 a
3078 3579 3133 3619 se
3164 3564 3401 3616 localiter
3438 3574 3720 3623 removeat,

2184 3634 2268 3696 qui
2297 3647 2473 3685 secum
2500 3644 2577 3687 est
2627 3636 2816 3701 ubique
2866 3650 3113 3699 priescus,
3166 3633 3255 3685 sed
3292 3642 3464 3683 tamen
3508 3633 3723 3697 quadam

2183 3702 2522 3757 similitudine
2566 3705 2772 3757 mittere
2819 3703 3027 3767 dicitur,
3078 3702 3195 3771 quia
3225 3704 3368 3771 sicut
3408 3715 3727 3771 ellﬂliqtlt’ltr

2186 3784 2281 3821 nos
2312 3773 2583 3835 mittimus,
2616 3788 2643 3823 a
2678 3772 2827 3825 nobis
2872 3768 3172 3837 separamus
3193 3810 3207 3833 ,
3235 3771 3311 3821 sic
3342 3768 3498 3821 Pater
3540 3769 3720 3820 Filium

2187 3838 2344 3901 misit,
2380 3844 2587 3905 quando
2615 3855 2735 3892 eum
2787 3842 2835 3892 in
2866 3841 3235 3904 assumptione-
3266 3838 3443 3889 carnis
3492 3853 3519 3887 a
3550 3853 3607 3889 se
3632 3838 3721 3888 ali-

2186 3914 2493 3972 quantulum
2550 3912 2828 3975 separavit,
2878 3909 2997 3976 quia
3029 3910 3145 3959 lieet
3198 3908 3354 3976 Pater,
3400 3916 3453 3959 et
3482 3907 3644 3976 Filius
3672 3920 3719 3955 et

2186 3976 2407 4034 Spiritus
2426 3987 2636 4031 sanctus
2683 3979 2733 4031 iii
2757 3975 3097 4041 conceptione
3121 3976 3285 4027 beatae
3313 3975 3526 4040 virginis
3554 3975 3721 4025 Maria:

2187 4045 2291 4096 sint
2336 4048 2620 4113 cooperati.
2674 4047 2781 4099 sola
2836 4054 3035 4099 tantum
3086 4058 3306 4111 persona
3360 4042 3472 4094 Filii
3518 4058 3719 4094 carnem

2187 4115 2486 4182 assumpsit.
2539 4116 2726 4181 SiCque
2761 4117 2907 4183 quasi
2956 4129 2983 4165 a
3012 4128 3070 4165 sc
3100 4114 3300 4183 videtur
3333 4115 3566 4183 mittere,
3610 4127 3722 4183 quia

2188 4197 2303 4233 cum
2335 4178 2467 4237 Filio
2505 4198 2606 4236 non
2646 4178 2937 4246 assumpsit
2985 4199 3194 4235 carnem
3242 4181 3309 4232 de
3360 4178 3592 4248 Virgine.
3630 4178 3723 4229 γε-

2189 4252 2414 4304 dendum
2466 4263 2548 4305 est
2594 4253 2728 4317 quod
2766 4244 2925 4303 Filius
2959 4254 3147 4304 missus
3178 4261 3255 4301 est
3303 4244 3516 4300 non‘ad
3554 4248 3723 4317 \‘irgiy

2192 4336 2331 4381 nem,
2361 4322 2451 4374 sed
2480 4320 2872 4373 similitudinem
2904 4320 3145 4388 virgini‘;
3175 4330 3226 4371 et
3270 4334 3369 4369 non
3399 4320 3574 4370 carnis
3593 4316 3727 4388 siui-

2193 4391 2415 4455 pliciter,
2468 4389 2559 4441 sed
2590 4389 2759 4442 catuis
2793 4385 3009 4455 peccati:
3061 4392 3113 4441 Si
3144 4389 3283 4439 enim
3330 4387 3530 4438 diceret
3579 4385 3726 4455 Chri-

2192 4468 2329 4509 stum
2379 4458 2652 4525 imaginem
2703 4454 2875 4511 caruis
2927 4459 3136 4519 habere,
3182 4458 3282 4523 jain
3336 4457 3606 4525 videretur
3657 4454 3727 4504 illi

558 4527 804 4591 experiri,
834 4543 888 4578 ut
918 4527 1185 4593 probatum
1218 4538 1356 4579 esset
1385 4542 1477 4579 nos
1500 4528 1640 4579 nulla
1668 4526 1765 4578 alia
1808 4528 1886 4577 via
1915 4526 2087 4578 salvos
2114 4522 2162 4580 D
2193 4528 2440 4579 lucretico
2470 4522 2762 4581 consentire
2805 4532 2891 4593 qui
2921 4522 3191 4578 Christum
3233 4526 3498 4593 asserebat
3549 4524 3729 4587 imagi-

541 4595 672 4645 -tieri
720 4609 890 4660 posse,
948 4597 1040 4649 nisi
1094 4613 1185 4663 per
1229 4612 1369 4661 cum,
1422 4606 1473 4650 et
1498 4596 1609 4663 ejus
1662 4604 1858 4647 tantum
1910 4595 2088 4661 grati-.13

561 4664 1167 4733 omniaascriberentur.
1195 4666 1447 4733 Septima,
1490 4682 1649 4733 quare
1676 4665 1942 4717 diabolum
1985 4681 2086 4717 tiott

559 4731 779 4785 redemit
826 4732 957 4784 sicut
990 4731 1279 4786 hominem.
1327 4731 1634 4799 Responsio.
1694 4735 1886 4786 idcirco
1915 4737 2088 4799 prole-

562 4816 665 4861 cto,
698 4802 939 4865 quoniam
971 4816 1085 4852 cum
1114 4816 1251 4855 esset
1289 4804 1339 4854 iit
1366 4804 1698 4869 amplissimis
1736 4812 1787 4853 et
1817 4803 2089 4867 perlectis-

557 4872 701 4923 simis
736 4871 936 4923 deliciis
963 4870 1165 4922 Domini
1207 4872 1307 4931 sui,
1342 4875 1484 4923 nullo
1516 4874 1801 4936 inspirante
1849 4886 1943 4921 nec
1974 4886 2091 4935 per-

563 4943 829 5000 suadente,
882 4940 972 4991 sed
1004 4944 1213 5007 proprio
1241 4942 1362 4991 vitio
1414 4944 1598 4992 elatus.
1654 4944 1882 4999 corruit;
1937 4943 2092 4989 homo

561 5022 684 5077 vero
712 5009 875 5059 alieno
908 5009 1177 5077 instinctu,
1232 5011 1427 5063 scilicet
1459 5008 1665 5061 diabolo
1717 5009 2085 5074 persuadente,

563 5076 803 5140 deceptus
840 5094 1047 5128 errant.

631 5144 1024 5207 Quatuordecim
1079 5150 1340 5212 Epistolas
1389 5148 1600 5204 scripsit
1646 5147 1943 5208 Apostolus.
1982 5147 2095 5211 ipso

564 5228 657 5265 suo
681 5230 894 5264 numero
916 5223 1193 5270 ostendens
1210 5235 1296 5273 eos
1317 5218 1632 5269 concordare
1653 5216 1903 5283 DeCalogo
1923 5217 2089 5279 Legis,

560 5295 609 5333 et
641 5294 858 5346 quatuor
888 5285 1199 5354 Evangeliis,
1243 5305 1268 5338 ει
1314 5304 1532 5350 quorum
1579 5290 1676 5339 lidc
1722 5301 1767 5337 et
1799 5285 2011 5338 veritate
2042 5287 2091 5338 iii

565 5354 703 5403 nullo
736 5355 1117 5419 discrepabunt.
1169 5356 1269 5408 Sed
1313 5358 1553 5408 Videntur
1595 5358 1854 5413 superflue
1902 5357 2092 5405 addita:

570 5434 678 5485 post
707 5421 1135 5489 Evattge'ta,0ttnt
1167 5425 1213 5475 itt
1239 5439 1316 5475 eis
1337 5429 1559 5490 perlecta
1589 5427 1655 5475 sit
1683 5427 1799 5478 lidei
1831 5425 2092 5484 doctrittt,

567 5494 808 5543 virtutum
842 5494 1130 5555 instructio,
1165 5493 1404 5545 vitiorum
1435 5497 1709 5544 correctio.
1764 5498 1889 5546 bunt
1919 5505 2091 5545 tamen

566 5564 885 5622 net-essaiim,
926 5576 1039 5625 post
1074 5564 1405 5630 tgvaugelium
1442 5562 1707 5627 Epistulae,
1738 5563 1855 5625 Quia
1878 5575 1927 5613 et
1957 5564 2001 5615 si
2029 5562 2097 5613 de

566 5632 803 5683 munibus
834 5634 881 5682 in
907 5634 981 5681 eis
1010 5632 1252 5696 scriptum
1278 5632 1363 5690 sit,
1384 5631 1521 5696 quod
1548 5642 1717 5683 tamen
1741 5644 2095 5683 summotenus

567 5698 632 5747 ibi
665 5700 857 5752 dictum
890 5710 988 5761 est,
1042 5698 1124 5750 hic
1172 5700 1399 5762 plenaiie
1444 5711 1495 5752 et
1540 5700 1858 5753 sul’licienter
1906 5706 2092 5764 perdo-

569 5777 783 5831 cetttur;
818 5778 869 5821 et
896 5769 1281 5822 suboricntibus
1310 5770 1462 5821 ctiam
1497 5770 1643 5822 novis
1674 5768 1810 5821 vitiis
1838 5783 1882 5820 in
1917 5767 2091 5820 Eccle-

2192 4600 2393 4649 narium
2444 4607 2497 4649 et
2523 4592 2901 4662 pliautasticum
2951 4610 3140 4663 corpus
3196 4592 3462 4663 babui~se.
3532 4593 3730 4663 llt_iile

2189 4668 2274 4733 qui
2305 4667 2429 4717 dicit
2457 4684 2467 4717 :
2506 4661 2530 4714 «⁷
2554 4668 2605 4717 Si
2638 4668 2779 4732 virgo
2811 4661 3367 4728 peperit,'phantasma
3409 4662 3525 4713 fuit.
3562 4680 3578 4711 ι
3617 4661 3729 4713 Ideo

2188 4735 2436 4787 dicemlus
2464 4746 2542 4786 εει
2574 4736 2811 4786 Christus
2842 4733 3031 4786 misStis
3080 4736 3236 4786 luisse
3257 4775 3271 4796 ,
3328 4747 3429 4781 non
3484 4733 3726 4797 imagine.

2188 4808 2279 4855 sed
2313 4803 2650 4855 similituiltne
2692 4804 2883 4861 carnis,
2938 4818 3039 4853 tton
3064 4805 3234 4855 carnis
3265 4801 3592 4863 simpliciter,
3642 4802 3727 4851 sed

2188 4874 2357 4922 carnis
2379 4872 2702 4933 DBCCﬂll'lCIS,
2722 4872 2835 4936 quia
2860 4871 3099 4923 Christus
3123 4886 3222 4920 non
3246 4870 3469 4920 similem
3494 4884 3724 4927 carnem,

2188 4941 2279 4991 sed
2312 4955 2484 4991 veram
2523 4951 2575 4991 et
2606 4955 2783 4991 verum
2813 4955 3005 5006 corpus
3046 4941 3253 4990 habuit:
3296 4952 3409 5002 quae
3456 4953 3585 4989 caro
3613 4953 3723 4989 cuni

2189 5010 2302 5061 sine
2330 5018 2539 5075 peccato
2589 5021 2723 5059 es-et
2776 5009 3131 5068 mundissima,
3184 5023 3327 5070 pura,
3372 5022 3516 5060 vera.
3545 5008 3727 5058 similis

2193 5090 2362 5129 tamen
2412 5086 2603 5127 nostra:
2662 5082 2936 5141 peccati-iet
2990 5076 3131 5127 carui
3185 5091 3235 5125 in
3285 5078 3628 5141 passibilitate
3678 5087 3725 5124 et

2194 5160 2359 5199 ttiorta
2386 5146 2544 5215 itate;
2577 5149 2753 5215 sicque
2784 5160 3013 5199 itOstram
3039 5144 3216 5195 habuit
3242 5162 3459 5215 νδιιιςιιι
3485 5161 3588 5193 ιιοιι
3621 5159 3729 5205 pec-

2192 5218 2315 5277 cati,
2347 5217 2435 5263 sed
2464 5214 2617 5266 simili
2640 5211 2686 5267 in
2737 5232 2947 5269 carnem
3002 5220 3297 5277 peccatraci.
3349 5217 3402 5266 Si
3438 5211 3587 5263 Pater
3619 5216 3727 5260 mito

2195 5294 2305 5336 lens
2339 5281 2523 5335 Filium
2555 5301 2705 5336 suum
2754 5290 2803 5337 in
2846 5283 3180 5337 similitudine
3224 5290 3396 5335 carnis
3444 5292 3643 5345 peccati
3674 5284 3731 5329 de

2197 5362 2427 5415 peccato,
2482 5354 2530 5405 id
2576 5364 2675 5417 est,
2728 5356 2789 5404 de
2826 5354 2978 5417 Filio,
3029 5358 3115 5420 Qui
3156 5365 3265 5404 irat
3298 5352 3465 5403 boStia
3500 5364 3596 5413 pro
3622 5366 3732 5416 pec-

2192 5435 2332 5483 cato,
2368 5434 2421 5473 ut
2450 5423 2636 5475 dictum:
2673 5433 2771 5484 est,
2822 5422 3083 5473 damnavit
3126 5436 3417 5488 peccatum,
3454 5420 3596 5485 quod
3628 5431 3732 5473 crat

2196 5505 2347 5542 suum
2400 5508 2448 5542 tn
2490 5498 2671 5544 nostra
2719 5508 2877 5545 carne
2930 5493 3238 5545 damnavit:
3297 5489 3417 5540 ἀίω
3452 5498 3729 5552 ‘pecraiuui

2196 5562 2443 5628 originale
2468 5572 2521 5615 et
2540 5562 2742 5613 actuale
2769 5563 2970 5626 penitus
2994 5563 3041 5613 in
3065 5569 3230 5612 morte
3256 5556 3371 5612 Filii
3393 5558 3731 5615 destrueodn.

2198 5642 2248 5681 et
2300 5630 2536 5684 l‘omilem
2592 5631 2790 5697 petcati
2837 5633 2925 5697 qui
2972 5632 3022 5682 itt
3065 5642 3223 5681 carne
3272 5640 3551 5687 remansu.
3605 5632 3731 5680 unde

2145 5744 2156 5753 .
2197 5699 2362 5752 oritur
2386 5700 2732 5762 deliilitaitdo,
2764 5702 2833 5752 ita
2858 5696 2920 5752 ut
2947 5697 3169 5752 carnalis
3209 5696 3435 5749 titillatio
3466 5712 3568 5750 non
3602 5701 3733 5749 ultra

2200 5769 2267 5822 ita
2300 5778 2347 5821 ttl
2383 5769 2599 5834 solebat,
2636 5769 2936 5839 impugnare
2969 5767 3165 5829 tidelcs.
3198 5766 3241 5820 si
3284 5766 3332 5818 in
3368 5767 3587 5822 Domino
3618 5781 3729 5819 euu-
