3914 6228
463 284 567 337 485

918 270 1111 331 ΙιΕΜΞ
1149 274 1578 330 VENEllABlUS
1614 275 1759 329 UI‘P.
1800 273 1971 331 PARS

2113 272 2299 327 SECT.
2342 271 2399 325 ll.
2438 302 2500 311 -
2533 270 2735 325 DUBIA
2777 269 2860 323 ET
2900 266 3167 324 SPURIA.

3545 272 3651 325 484

465 389 655 451 uitibus
673 386 951 437 cantoribus
974 384 1213 450 pi'a’fet‘il,
1236 393 1283 433 ιιι
1304 399 1515 435 consona
1536 390 1656 435 esset
1681 382 1910 445 iiielodia,
1934 396 1996 435 ei.
2028 386 2070 442 Α
2102 390 2153 432 et
2197 379 2489 451 Christiana
2521 378 2769 451 r_elig_ione
2796 370 3047 451 continet
3068 377 3338 451 mysteria,
3380 387 3435 433 et
3464 381 3588 451 quia
3620 397 3649 431 ει

464 467 809 523 prccciitores.
863 454 1046 503 Deinde
1092 453 1166 504 liis
1209 454 1693 523 omnilitts_q_ttatuo:
1721 451 1771 501 in
1818 453 1993 523 prfeci-

464 516 625 578 iisndo
652 523 878 591 apposuit
907 524 1182 591 magistros,
1214 522 1404 586 Asaph,
1429 516 1615 581 Eiltan,
1652 518 1832 591 Emori,
1866 516 1994 568 Idit-

465 595 587 653 nun,
634 588 734 658 μη·
783 588 1107 656 signiﬁcante
1158 590 1353 653 Spiritu
1382 598 1583 648 Sancto,
1626 588 1763 655 quod
1795 602 1994 658 coope-

468 654 749 714 rante'illo
797 654 862 713 de
914 674 1017 725 quo
1064 659 1245 721 psalmi
1277 658 1546 723 compositi
1578 654 1745 725 erant,
1794 654 1843 706 id
1882 663 1991 725 est,

466 729 671 782 Christo
698 723 951 780 catholica
983 728 1207 779 Ecclesia
1236 726 1301 778 de
1321 725 1520 777 eunetis
1548 723 1725 777 mundi
1759 724 1995 791 partibus

466 810 518 849 et
568 798 796 861 pluribus
844 798 1017 860 lingua
1068 806 1119 847 et
1166 796 1391 847 moribus
1442 792 1666 844 dissonis
1717 790 1993 859 gentibus,

466 868 606 929 quasi
640 880 921 917 consonam
949 866 1053 917 Deo
1080 875 1218 915 esset
1245 864 1503 915 redditura
1533 862 1833 920 melodiam,
1860 871 1911 913 et
1943 864 1992 913 in

467 934 585 1002 fidei
626 942 676 985 et
708 934 1011 985 Christianae
1044 932 1307 999 religionis
1339 931 1625 1002 identitate.
1662 932 1759 981 I’er
1788 939 1993 1002 quater-

474 997 671 1053 iiaiitini
700 1004 841 1055 enim
874 997 1160 1053 nutrierunt
1194 1010 1295 1051 tam
1346 1001 1393 1049 in
1424 1000 1720 1050 cantoribus
1756 1012 1905 1063 quam
1945 997 1995 1049 iii

468 1070 747 1136 magistris,
799 1082 1021 1135 quatuor
1067 1070 1238 1120 mundi
1289 1076 1465 1134 partes
1513 1068 1861 1132 designantur,
1906 1081 1999 1129 per

468 1142 607 1191 mide
635 1154 757 1191 vero
791 1140 999 1205 perfecti
1032 1154 1095 1189 ex
1136 1137 1237 1188 illis
1278 1137 1327 1187 in
1360 1136 1590 1187 Ecclesia
1631 1136 1858 1205 collecti.
1892 1136 1996 1185 Ho-

467 1223 579 1259 iuin
607 1204 1038 1274 autemquatuor
1068 1216 1446 1270 princeiitorum
1480 1204 1773 1255 nominibus
1804 1204 1997 1274 Esdras
2038 1256 2044 1266 ,

466 1278 719 1342 quosdam
752 1273 979 1341 psalmos
1008 1276 1287 1327 intitulatit
1308 1312 1320 1333 ,
1349 1275 1428 1325 vel
1462 1274 1581 1339 quia
1610 1274 1701 1337 ipsi
1731 1273 1996 1342 adjutores

466 1340 515 1395 in
550 1340 774 1409 ipsorum
830 1344 1047 1394 melodia
1100 1344 1322 1407 fuerunt,
1357 1342 1454 1405 vel,
1488 1342 1625 1407 quod
1660 1340 1842 1393 melius
1883 1350 1995 1403 est,

467 1416 585 1478 quia
619 1413 726 1477 ipsa
758 1412 965 1462 nomina
992 1412 1272 1462 secundum
1298 1412 1775 1478 interpretationem
1804 1419 1855 1461 et
1882 1424 1996 1475 my-

384 1524 385 1527 η
466 1477 684 1531 sierinm
712 1496 859 1532 suum
885 1481 1095 1545 psalmis
1114 1480 1236 1546 ipsis
1254 1478 1585 1531 conveniunt.
1608 1477 1828 1542 Pr0pter
1842 1492 1997 1542 quam

466 1563 673 1599 causam
704 1548 915 1614 quidam
966 1551 1145 1614 psalmi
1168 1547 1493 1615 quibusdam
1534 1549 1649 1599 aliis
1679 1548 1994 1609 nominibus,

469 1626 522 1667 ιιι
546 1618 734 1683 Agpzei,
757 1617 1038 1678 thCillﬂ'liP,
1065 1618 1246 1683 Moysi,
1270 1625 1391 1668 sunt
1416 1616 1658 1667 intitulaii
1686 1634 1697 1666 :
1724 1630 1822 1667 non
1854 1630 1996 1676 vero,

469 1693 521 1735 ut
566 1689 771 1753 quidam
820 1686 1023 1745 dcunt,
1054 1686 1191 1751 quod
1225 1688 1293 1737 illi
1328 1684 1994 1753 psalmoseomposnerint,

466 1770 596 1821 quos
626 1768 807 1806 omnes
838 1758 976 1805 solus
1011 1754 1169 1805 DaVid
1212 1754 1522 1819 composuit.
1557 1752 1837 1805 Sciendum
1868 1757 2001 1821 hanc

472 1820 813 1885 prophetiam,
865 1824 910 1873 id
947 1832 1025 1873 est
1080 1822 1416 1885 Psalterium,
1469 1822 1585 1873 ideo
1620 1822 1733 1886 plus
1762 1820 2000 1871 omnibus

467 1892 581 1942 aliis
614 1894 663 1942 iit
710 1891 937 1943 Ecclesia
991 1894 1327 1957 frequentari,
1360 1890 1478 1957 quia
1509 1890 1654 1958 plura
1683 1889 1747 1941 de
1794 1886 2001 1940 Christo

2102 450 2330 513 patribus
2381 448 2578 501 Veteris
2628 448 2948 500 Testamenti
3004 446 3055 499 in
3099 446 3256 499 simili
3291 462 3390 500 usu
3443 446 3515 502 sit
3545 451 3645 501 ha.

2096 519 2221 572 btta.

2164 587 2267 638 Nec
2298 585 2716 653 prmtereundum
2741 584 2879 653 quod
2906 585 2955 635 in
2991 583 3087 635 hac
3115 583 3385 650 prophetia
3417 585 3558 637 sicut
3588 595 3642 639 ct

2097 654 2147 706 in
2202 655 2316 706 aliis
2365 656 2601 720 quzcdam
2649 655 2815 706 futura
2858 654 3097 705 dicuntur
3149 669 3240 717 per
3291 668 3526 719 presens
3556 657 3636 707 vel

2098 723 2418 790 praeteritum
2452 741 2463 775 :
2497 723 2634 790 quod
2669 723 2786 775 ideo
2829 723 2886 776 fit
2927 723 3045 789 quia
3077 722 3290 786 Spiritui
3340 733 3522 774 sanito
3554 725 3639 789 qui

2095 807 2156 843 ea
2189 792 2401 853 revelat,
2436 793 2563 845 nihil
2589 802 2665 846 est
2699 792 2947 851 futurum,
2984 797 3037 842 et
3068 790 3184 858 quia
3216 791 3352 857 apud
3385 806 3483 842 nos
3513 793 3637 843 nihil

2096 870 2176 913 est
2226 871 2326 911 tam
2358 872 2555 913 certum
2602 876 2753 927 quam
2806 874 3033 926 praesens
3065 860 3144 911 vel
3204 860 3547 925 prieteritum.
3586 860 3637 913 Si

2097 930 2213 992 quis
2241 944 2449 981 causam
2481 940 2533 982 et
2563 931 2906 983 intentionem
2957 928 3112 993 hujus
3158 930 3333 995 aperis
3382 930 3632 996 requirat,

2100 998 2323 1049 breviter
2373 1007 2647 1065 utrumque
2694 999 2771 1050 sic
2817 998 3063 1064 colligat:
3097 996 3225 1061 Quia
3270 998 3455 1048 mortis
3504 998 3633 1049 illius

2096 1066 2440 1133 gravissimai,
2472 1082 2626 1135 quam
2660 1067 2856 1131 primus
2903 1074 3049 1132 pater
3095 1066 3279 1135 tradux
3319 1068 3513 1132 peccati
3544 1067 3631 1118 toti

2098 1137 2449 1187 eoinmuniier
2495 1133 2696 1188 mundo
2729 1136 2993 1198 intulerat,
3026 1133 3109 1185 cui
3155 1137 3394 1201 pereunti
3426 1150 3516 1187 nec
3544 1148 3634 1186 an-

2099 1207 2263 1267 gelus,
2298 1219 2395 1257 nec
2426 1205 2784 1271 philosophus,
2831 1218 2927 1256 nec
2963 1212 3199 1257 creatura
3247 1204 3417 1269 aliqua
3448 1203 3634 1257 subve-

2100 1276 2214 1325 nire
2243 1282 2443 1338 peierat
2470 1290 2479 1323 :
2515 1274 2665 1325 beato
2691 1272 2995 1337 patriarchae
3018 1271 3175 1324 David
3200 1286 3411 1324 carnem
3440 1286 3632 1323 assunt-

2101 1351 2328 1405 pturuui,
2385 1352 2436 1393 et
2482 1341 2764 1394 Ecclesium
2818 1350 3140 1393 sacramento
3188 1340 3268 1391 sui
3313 1340 3546 1407 corporis
3581 1351 3629 1393 et

2102 1411 2374 1477 sanguinis
2402 1419 2743 1474 structuram,
2774 1409 2910 1462 Deus
2945 1410 3097 1461 Pater
3122 1424 3209 1475 per
3234 1408 3485 1473 Spiritum
3515 1424 3631 1461 sano

2096 1489 2233 1531 ctum
2284 1481 2398 1545 plus
2445 1479 2683 1531 omnibus
2730 1488 2778 1531 et
2841 1480 3068 1544 apertius
3114 1480 3427 1544 quandoque
3484 1479 3629 1530 linem

2098 1550 2393 1599 adfuturum
2436 1549 2867 1613 praemonstravit.
2914 1549 3108 1599 Idcirco
3138 1550 3215 1598 vir
3250 1548 3336 1599 ille
3367 1548 3628 1599 sanctissi-

2103 1632 2218 1668 mus
2250 1616 2384 1668 hunc
2413 1616 2597 1669 librum
2630 1618 2725 1668 sub
2757 1618 3025 1683 prophetia
3058 1616 3194 1668 illius
3236 1614 3427 1667 futura:
3456 1617 3628 1667 salutis

2109 1696 2421 1751 composuit,
2454 1686 2726 1737 intendens
2756 1686 2818 1737 ad
2848 1684 3058 1736 humani
3088 1684 3297 1751 generis
3326 1684 3630 1736 consolatio-

2041 1740 2079 1797 Β
2111 1740 2250 1816 ιιειιιξ
2301 1764 2353 1807 et
2392 1740 2705 1807 Christiana:
2736 1753 3000 1823 religionis
3043 1740 3469 1807 itistructiOiiem.
3498 1751 3633 1805 Nunc

2107 1826 2169 1874 ad
2203 1825 2388 1876 librum
2419 1824 2747 1877 accedamus.

1579 2158 1966 2251 INCIPIT
2020 2168 2521 2243 EXEGESIS.

880 2444 939 2497 IN
983 2444 1101 2499 PSA
1113 2442 1296 2498 ιιιυιι
1341 2442 1615 2496 PRIMUM.

1045 2547 1418 2586 ARGUIIENTUI.

542 2630 734 2680 Omnes
764 2625 1081 2691 generaliter
1112 2626 1175 2676 ad
1216 2624 1385 2675 studia
1413 2624 1658 2675 virtutum
1706 2621 1905 2683 incitat,
1933 2619 2006 2672 si-

473 2700 580 2749 mul
613 2696 899 2762 adjuugens
936 2708 1054 2759 qua:
1102 2707 1303 2762 merces
1333 2694 1494 2762 bona,
1538 2706 1652 2758 qua:
1681 2692 1817 2762 mala
1862 2701 2001 2762 gesta

473 2759 737 2832 sequatur.
768 2759 1130 2832 Tertullinus
1152 2764 1201 2811 in
1226 2761 1359 2813 libro
1381 2764 1446 2814 de
1466 2760 1792 2832 Spectaculis
1819 2759 2005 2832 asserit

475 2828 609 2886 hunc
643 2833 894 2898 psalmum
926 2842 977 2882 et
1006 2830 1071 2883 de
1108 2828 1299 2894 Josepli
1330 2846 1481 2897 posse
1513 2830 1748 2895 intelligi,
1774 2828 1858 2894 qui
1893 2843 2005 2879 cor-

475 2919 567 2967 pus
620 2903 818 2954 Domini
865 2898 1121 2966 sepelivit,
1173 2906 1225 2951 et
1260 2903 1325 2951 de
1376 2900 1453 2951 liis
1482 2902 1569 2968 qui
1621 2908 1683 2950 ad
1716 2899 2011 2959 spectacula

469 2974 699 3039 gentium
734 2986 833 3021 non
866 2969 1177 3021 Conveniunt

1070 3070 1408 3108 EXI‘LANA'I'H).

551 3144 745 3195 Primus
782 3148 999 3213 psalmus
1039 3146 1150 3196 ideo
1184 3162 1279 3197 non
1322 3145 1466 3197 habet
1496 3146 1693 3198 titulum
1722 3146 1835 3211 quia
1862 3144 2013 3207 capiti

475 3225 643 3265 nostro
674 3216 886 3263 Domino
914 3214 1189 3275 Salt'atori,
1212 3216 1273 3264 de
1302 3231 1396 3279 quo
1426 3216 1647 3265 absolute
1670 3215 1890 3265 dicturus
1919 3223 2009 3277 est,

476 3284 599 3333 nihil
627 3283 789 3333 debuit
818 3282 1057 3347 pueponi.
1095 3281 1229 3334 Nam
1260 3284 1369 3332 licet
1396 3292 1441 3332 et
1474 3286 1560 3333 alii
1589 3283 1766 3347 psalmi
1806 3284 1865 3332 de
1904 3283 2013 3347 ipso

475 3353 633 3401 multa
656 3351 845 3413 dicant,
877 3366 1019 3400 nemo
1046 3362 1206 3402 tanien
1236 3354 1296 3400 de
1320 3352 1424 3418 ejus
1446 3354 1529 3418 qui
1551 3352 1643 3417 fuit
1662 3353 1713 3401 iii
1734 3352 1875 3403 terris
1896 3366 2013 3401 coii-

474 3422 749 3469 i‘trsutione
776 3421 845 3470 sic
890 3421 1106 3483 loquitur
1129 3435 1146 3469 :
1187 3430 1230 3470 et
1260 3422 1491 3483 quoniam
1528 3428 1590 3471 ait
1630 3421 1759 3471 Iinnc
1794 3436 1905 3485 qua:
1930 3421 2009 3470 di-

478 3494 633 3537 cenda
661 3498 795 3547 sunt,
824 3500 1000 3537 cuncta
1033 3490 1319 3554 iesiiicittnt,
1349 3490 1519 3539 merito
1543 3499 1687 3556 caput
1718 3492 1875 3539 sancti
1897 3506 2012 3556 ope-

474 3558 541 3604 ris
572 3558 793 3619 ponitur.
853 3557 979 3605 Nam
1019 3560 1223 3618 quidam
1272 3558 1423 3617 tituli,
1468 3560 1665 3623 quidam
1708 3559 2012 3624 prwfutionis

472 3624 634 3693 locum
658 3637 767 3671 eam
795 3633 959 3674 tenere
981 3624 1224 3676 dixerunt.
1242 3626 1276 3693 γΊ
1292 3628 1421 3677 otius
1444 3628 1620 3692 psalmi
1646 3626 1795 3693 hujus
1812 3627 2015 3693 prophe-

472 3700 519 3737 ιιι
552 3690 736 3756 referre
760 3704 990 3741 narraiur
1018 3702 1195 3743 textus.
1227 3692 1288 3745 In
1318 3690 1472 3757 prima
1499 3703 1635 3757 parte
1660 3690 2013 3745 viiantsancttz

474 3759 830 3831 incarnationis
856 3763 1053 3831 exponit
1079 3776 1096 3812 :
1127 3764 1340 3813 secunda
1366 3778 1481 3812 vero
1508 3776 1817 3829 percatorum
1840 3765 2010 3831 ncqui-

473 3827 567 3877 tiiis
619 3828 669 3877 iii
722 3830 893 3893 ['uturo
938 3830 1133 3895 judicio
1178 3832 1366 3882 debitas
1406 3827 1619 3895 recipere
1662 3827 2012 3884 commemorat

468 3898 697 3947 ultiones.

1030 4004 1447 4042 COMMENTARIUS.

540 4074 749 4126 l‘iimus
784 4078 1009 4138 psalmus
1041 4078 1238 4127 duabus
1268 4084 1332 4131 de
1361 4080 1531 4131 ετιυμίε
1559 4086 1704 4128 caret
1732 4078 1898 4139 titulo,
1932 4079 2009 4131 vel

472 4143 589 4214 quia
627 4147 735 4209 ipse
767 4145 943 4195 titulus
972 4155 1024 4195 et
1054 4146 1365 4209 principium
1396 4156 1476 4197 est
1504 4150 1745 4206 aliorum,
1780 4148 1857 4199 vel
1890 4150 2009 4214 quia

470 4213 689 4262 vieinius
720 4227 765 4264 ei
800 4214 1029 4279 apertius
1064 4214 1206 4277 juxta
1250 4216 1383 4278 quod
1430 4218 1561 4265 inter
1608 4217 1843 4266 homines
1885 4213 2010 4266 coit-

2110 2444 2189 2487 est
2216 2435 2281 2487 de
2312 2431 2620 2486 voluntariis
2648 2434 2889 2501 peccatis.
2927 2435 3176 2487 Dicuntur
3206 2443 3378 2487 autem
3412 2435 3521 2489 lnec
3549 2440 3629 2492 nia

2112 2519 2251 2555 mors
2298 2504 2506 2563 animai,
2535 2504 2651 2568 quia
2685 2518 2777 2570 per
2814 2518 2877 2555 ea
2925 2507 3096 2556 anima
3145 2504 3213 2555 ab
3254 2519 3318 2555 eo
3347 2503 3436 2570 qui
3469 2508 3562 2557 vita
3587 2522 3631 2561 et

2109 2576 2324 2625 maritus
2353 2571 2464 2637 ejus
2503 2579 2607 2629 est,
2632 2572 2844 2634 recedit,
2896 2571 2945 2623 id
2988 2584 3066 2624 est
3115 2586 3142 2622 a
3177 2571 3304 2636 Deo,
3336 2585 3389 2625 et
3418 2576 3633 2629 sociatur

2108 2642 2261 2692 morti
2293 2678 2307 2703 ,
2357 2642 2406 2691 id
2455 2648 2535 2692 est
2580 2640 2803 2691 diabolo.
2858 2640 3199 2708 Designaiitnr
3247 2656 3371 2694 vero
3412 2642 3493 2698 ba:
3540 2654 3633 2698 tres

2110 2721 2304 2761 mortes
2334 2709 2519 2759 anima:
2553 2723 2641 2771 per
2668 2719 2777 2761 tres
2808 2720 3036 2762 mortuos
3064 2725 3089 2760 a
3116 2709 3334 2762 Domino
3364 2716 3634 2765 resuscita-

2110 2788 2211 2829 tos.
2244 2780 2337 2829 l'er
2364 2779 2581 2845 puellam
2611 2780 2747 2829 enini
2776 2778 2823 2829 iii
2846 2780 3000 2829 domo
3020 2780 3414 2847 archisynagogi
3437 2781 3557 2833 Jaisi
3585 2784 3636 2833 li-

2115 2849 2260 2907 liain,
2295 2861 2475 2898 manus
2504 2848 2766 2897 erectioiie
2807 2848 3138 2911 suscitatam,
3186 2851 3466 2901 deleCtatto
3511 2851 3637 2903 desi-

2117 2928 2323 2982 gnatur,
2354 2932 2467 2981 quis:
2496 2930 2562 2980 qu
2597 2917 2639 2966 si
2670 2917 2848 2979 pudica
2880 2924 2979 2977 est,
3008 2920 3125 2983 quia
3153 2918 3383 2969 nondum
3414 2924 3633 2972 exterius

2115 2994 2349 3051 apparet,
2385 2998 2478 3035 nec
2522 2983 2815 3049 CXuillpilﬂll
2850 2986 3063 3049 praebet.
3115 2986 3261 3039 Unde
3307 2993 3363 3037 et
3411 2989 3461 3039 in
3491 2989 3637 3041 domo

2116 3067 2334 3105 manens
2364 3052 2660 3117 suscitatur,
2687 3057 2891 3121 quando
2920 3054 2983 3106 ad
3007 3055 3411 3107 satisfactionem
3443 3060 3505 3110 de
3538 3060 3635 3121 ipsa

2117 3125 2342 3184 venitur,
2374 3132 2425 3174 et
2463 3121 2642 3174 leviter
2680 3122 3027 3190 eleemosynis
3060 3124 3263 3176 scilicet
3303 3134 3359 3176 et
3394 3127 3507 3176 aliis
3532 3130 3638 3177 tali-

2114 3191 2211 3244 bus
2243 3200 2507 3257 purgatur.
2556 3191 2654 3242 Per
2681 3191 3065 3243 adolescentem
3110 3207 3233 3245 vero
3264 3193 3512 3247 lascivum
3556 3210 3631 3246 at-

2113 3276 2213 3326 que
2262 3264 2311 3310 ιιι
2340 3262 2494 3310 domo
2523 3261 2704 3311 matris
2731 3267 3005 3327 antequam
3047 3262 3391 3313 suscitaretur
3426 3266 3632 3327 elatum,

2116 3329 2417 3395 intelligitur
2461 3342 2765 3391 consensus,
2796 3332 2881 3397 qui
2929 3332 2977 3381 iii
3006 3330 3249 3383 exteriori
3295 3332 3637 3396 applicatione

2118 3399 2348 3462 positus,
2400 3397 2691 3463 exemplum
2720 3402 2802 3449 dat
2834 3398 3181 3451 cernentibus.
3218 3397 3368 3452 Unde
3408 3403 3511 3466 jnn
3545 3403 3634 3452 nisi

2115 3469 2253 3531 gravi
2285 3468 2581 3530 pamilentia
2616 3476 2877 3532 peccatum
2912 3470 3008 3519 hoc
3038 3470 3257 3530 deletur,
3290 3482 3390 3534 qua
3426 3486 3512 3535 per
3547 3473 3639 3523 huc

2116 3537 2439 3601 intelligitur,
2474 3538 2589 3603 quia
2622 3550 2802 3589 manus
2835 3537 2953 3588 huic
2983 3552 3009 3587 a
3041 3536 3259 3588 Domino
3288 3553 3389 3588 non
3421 3542 3632 3605 porrigi-

2116 3614 2221 3664 tur,
2248 3606 2337 3655 sed
2368 3608 2589 3669 quodam
2616 3606 2762 3669 quasi
2796 3609 2943 3669 pulsu
2976 3618 3023 3655 et
3053 3607 3305 3671 gravitate
3335 3606 3382 3656 ei
3412 3608 3630 3659 dicitur:

2114 3674 2441 3743 Adolescens,
2486 3671 2570 3722 tibi
2605 3676 2736 3743 dico,
2765 3688 2927 3737 surge.
2960 3674 3055 3725 l’er
3083 3676 3334 3725 Lazarum
3368 3691 3489 3725 vero
3517 3693 3635 3743 qua-

2114 3744 2401 3791 triduanum
2435 3742 2482 3792 in
2508 3742 2743 3806 sepulcro
2767 3751 2820 3792 et
2846 3744 3057 3793 fetidum
3082 3743 3391 3810 intelligitur
3416 3753 3469 3795 et
3498 3760 3636 3797 actus

2111 3810 2325 3874 simplex
2370 3820 2421 3861 et
2465 3810 2787 3876 consuetudo
2838 3812 3103 3876 peccandi.
3157 3812 3227 3865 De
3256 3817 3634 3867 cuii8uetudine

2111 3894 2207 3941 qua
2239 3875 2923 3949 dicitur,:iComputriierunt
2955 3882 3179 3949 juntenta
3214 3882 3264 3931 in
3290 3890 3510 3932 stercore
3528 3900 3630 3935 εει-ι.

2110 3950 2235 4007 Quae
2266 3962 2368 3998 non
2399 3948 2493 3997 nisi
2520 3957 2656 3998 recta
2681 3958 2734 3999 et
2763 3948 3049 4013 ponderosa
3080 3951 3440 4002 satisfactione
3470 3953 3634 4002 absol-

2112 4025 2267 4077 vitur,
2300 4015 2431 4081 quod
2468 4031 2555 4081 per
2582 4031 2662 4067 vin
2680 4016 2722 4068 is
2749 4019 3025 4071 cl..inoreni
3053 4031 3103 4070 et
3134 4020 3394 4069 fremitum
3427 4030 3633 4081 spiritus

2114 4080 2325 4135 Domini
2370 4083 2418 4136 iu
2453 4080 2601 4150 hujus
2649 4095 2983 4138 suscitatione
3032 4086 3358 4151 intelligitur.
3412 4080 3508 4139 l‘er
3546 4094 3630 4143 has

2113 4162 2217 4201 tres
2266 4162 2459 4204 mortes
2509 4155 2693 4205 tradux
2726 4157 2918 4219 peccati
2948 4154 3111 4207 Adam
3158 4170 3184 4203 a
3217 4154 3322 4207 Deo
3366 4166 3629 4209 moriendo

2112 4222 2350 4291 recessit,
2399 4224 2635 4291 quodiin
2692 4227 2860 4289 ptimo
2910 4224 3059 4288 hujus
3108 4226 3290 4291 psalmi
3325 4234 3481 4277 versu
3513 4226 3632 4278 l'ro-

473 4290 712 4363 versatus
758 4293 859 4363 est,
892 4281 1119 4357 loquitur
1149 4283 1211 4332 de
1252 4282 1359 4360 illo,
1391 4283 1435 4331 id
1467 4293 1546 4332 est
1572 4289 1634 4332 de
1665 4284 1890 4361 L’hiisto,
1923 4286 2006 4351 qui
2038 4306 2083 4363 ι)
2115 4287 2263 4350 pheta
2312 4281 2493 4340 innuit.
2546 4281 2719 4342 Potest
2749 4307 2887 4344 vero
2910 4281 3045 4345 tot-us
3078 4281 3156 4346 hic
3186 4297 3415 4359 psalmus
3452 4305 3538 4347 aut
3582 4314 3628 4346 tu

475 4354 759 4396 secundum
810 4350 1032 4399 divinam
1070 4351 1349 4401 essentiam
1377 4365 1514 4400 omni
1560 4362 1703 4402 caret
1734 4350 1999 4418 principio,

473 4427 549 4484 et
578 4432 603 4463 a
640 4430 741 4479 quo
770 4430 937 4466 omnia
971 4429 1175 4469 sumunt
1209 4419 1533 4484 principtuin.
1582 4421 1669 4471 Est
1696 4431 1863 4472 autent
1898 4424 2006 4474 hinc

477 4483 633 4546 pritiii
688 4484 867 4556 psalmi
920 4487 1151 4556 intentio,
1186 4483 1384 4556 hortari
1427 4490 1623 4556 lideles,
1658 4499 1711 4540 ut
1758 4505 1785 4540 a
1820 4493 2004 4556 triplici

476 4560 643 4624 morte
690 4552 879 4624 animm
931 4554 1168 4616 exemplo
1216 4555 1399 4619 capitis
1439 4555 1684 4607 festinent
1714 4552 2001 4624 resurgere,

473 4618 521 4668 id
553 4629 631 4688 est
661 4630 735 4679 ut,
772 4619 820 4670 in
854 4635 1099 4685 quantum
1135 4623 1347 4685 i-OSsint,
1376 4638 1400 4670 a
1437 4625 1648 4688 regione
1678 4618 2003 4676 αἰδειιιιῖιιιιιξ

471 4686 631 4761 diuis,
682 4690 729 4739 in
761 4704 857 4761 qua
892 4705 984 4753 per
1016 4691 1239 4756 ptimum
1284 4686 1545 4761 parentem
1599 4694 1816 4744 traducti
1862 4706 2002 4761 sunt,

470 4754 711 4829 studeant
745 4757 934 4818 redire,
969 4754 1028 4808 et
1050 4762 1097 4809 in
1134 4754 1328 4824 peccati
1376 4761 1699 4829 immunitate
1728 4764 1879 4829 capiti
1912 4754 2006 4816 suo

473 4839 527 4873 se
553 4824 775 4876 sociare.
807 4829 986 4876 Omnis
1018 4844 1156 4877 mors
1184 4830 1369 4879 anima:
1414 4828 1469 4878 lit
1502 4832 1661 4879 tribus
1690 4824 1877 4890 modis,
1905 4835 2005 4887 sci-

476 4892 595 4943 licet
642 4902 728 4942 aut
780 4894 1121 4945 delectatione
1168 4906 1384 4953 tantum,
1432 4907 1521 4946 aut
1567 4899 1908 4952 defeetataone
1954 4914 2005 4954 et

472 4975 756 5020 consensu,
804 4971 855 5009 et
906 4967 1098 5022 peccati
1152 4967 1555 5027 perpetratiotie.
1607 4968 1886 5019 lleleitaiio
1917 4987 2004 5022 ιυ-

475 5030 645 5079 luntas
679 5029 923 5092 peccandi
952 5047 1063 5093 qum
1087 5030 1142 5081 lit
1167 5048 1214 5082 ιιι
1237 5033 1405 5083 anima
1429 5048 1492 5083 ex
1527 5035 1820 5087 titillatione
1850 5049 1895 5087 et
1927 5042 2003 5088 fo-

475 5100 619 5157 mite,
649 5108 699 5147 et
727 5096 1013 5166 aptitudine
1047 5102 1315 5162 peccandi,
1340 5117 1451 5166 qua:
1484 5104 1531 5153 iii
1564 5103 1709 5153 nobis
1736 5116 1834 5166 e-t,
1862 5117 1907 5158 et
1940 5123 2000 5159 ex

473 5174 827 5228 suggestione,
863 5165 909 5214 id
939 5176 1019 5215 est
1074 5165 1367 5220 incitatione
1392 5174 1667 5223 lllceliltlrls
1696 5174 1884 5225 diaboli
1916 5192 2001 5226 su-

476 5238 856 5296 peiveniente:
906 5244 957 5285 et
989 5234 1085 5286 hoc
1128 5245 1207 5286 est
1254 5237 1410 5300 prima
1463 5255 1599 5290 mors
1648 5256 1853 5293 antinw.
1901 5248 1999 5296 Se-

474 5307 637 5377 cunda
673 5317 793 5352 vero
837 5315 915 5352 est
945 5318 1251 5366 consensus,
1286 5307 1487 5369 quando
1535 5322 1628 5357 nos
1662 5310 1724 5359 ad
1756 5324 2002 5377 peragen-

472 5372 891 5442 tlttlll,_gu3llilltlt
939 5386 1231 5435 possumus,
1283 5386 1604 5425 extrinsecus
1652 5372 1999 5442 nos'appl'ica-

471 5451 603 5507 mus.
637 5440 807 5507 'lertia
838 5450 1008 5489 autem
1039 5453 1118 5492 est
1151 5443 1309 5505 ipsius
1340 5444 1534 5505 peccati
1584 5444 1739 5495 actio.
1769 5440 1890 5507 om
1922 5453 1997 5500 di-

472 5506 661 5577 viditur
693 5505 739 5555 in
773 5511 894 5570 duo,
930 5508 1125 5561 scilicet
1156 5525 1205 5559 in
1237 5514 1491 5561 actionem
1527 5512 1661 5577 siiop
1684 5505 1832 5573 iccni,
1864 5526 1916 5568 et
1948 5534 1996 5569 in

467 5571 810 5639 frequentem,
846 5586 977 5629 sicut
1018 5588 1070 5631 ct
1113 5579 1379 5647 prtcttiissa
1411 5584 1533 5646 duo,
1562 5571 1745 5637 et'hoc
1798 5571 1994 5641 dictum

2113 4372 2241 4430 voce
2280 4359 2592 4430 capitislrgi
2623 4363 2689 4413 de
2717 4378 2773 4413 se
2816 4376 2878 4413 ac
2907 4366 3155 4415 membris
3189 4367 3303 4428 ejus
3348 4367 3625 4430 loquentis,

2111 4439 2200 4476 aut
2232 4427 2281 4478 in
2314 4443 2437 4498 voce
2471 4429 2760 4495 Propheta},
2795 4432 2842 4480 in
2876 4446 3091 4494 persona
3120 4427 3309 4496 capitis
3353 4427 3627 4498 loqiientts.

2108 4499 2263 4555 Quasi
2293 4497 2430 4548 dicat
2465 4511 2476 4546 :
2507 4498 2777 4550 Prmcesstt
2803 4500 2922 4549 olim
2967 4503 3016 4551 in
3049 4504 3274 4550 humano
3300 4497 3494 4566 genere
3522 4504 3628 4567 qui-

2106 4568 2220 4612 dam
2254 4570 2411 4617 miser
2432 4575 2486 4616 et
2515 4567 2711 4628 infelix,
2738 4567 2862 4617 tiulli
2893 4568 3189 4630 imitandus,
3221 4577 3403 4619 tradux
3432 4571 3627 4623 εςιιιειοι

2114 4635 2309 4697 peccati
2343 4633 2525 4695 Adam,
2556 4634 2641 4700 qui
2672 4634 2794 4685 abiit
2821 4634 2869 4685 in
2896 4636 3161 4701 regionem
3192 4637 3628 4691 dissimilitudinis

2105 4715 2131 4748 a
2158 4716 2250 4751 suo
2279 4712 2511 4755 creatore
2558 4706 2605 4755 in
2655 4714 2879 4768 peccatis
2925 4706 3155 4769 pturilius
3200 4708 3527 4769 delectando,
3576 4724 3625 4761 ei

2105 4772 2248 4820 stent
2273 4787 2580 4825 consensum
2600 4773 2925 4825 delectationi
2947 4773 3263 4834 adhibendo,
3287 4786 3332 4823 ei
3356 4776 3488 4827 sedit
3513 4794 3625 4841 pec-

2105 4849 2215 4887 c.tta
2241 4855 2330 4890 sua
2357 4844 2661 4906 peragcndo,
2686 4851 2738 4892 et
2757 4844 3047 4903 exemplum
3082 4852 3302 4906 posteris
3332 4858 3622 4899 existen-ic.

2107 4906 2390 4958 Adl‘ulutus
2417 4919 2498 4959 est
2525 4919 2697 4959 autem
2728 4912 2933 4975 quidam
2965 4912 3167 4973 beatus,
3202 4912 3249 4961 id
3281 4925 3364 4963 est
3408 4918 3456 4965 in
3488 4918 3624 4965 omni

2108 4976 2241 5025 liono
2270 4990 2472 5039 auctus,
2505 4992 2585 5026 cui
2615 4981 2732 5028 data
2760 4989 2837 5029 est
2865 4989 3025 5043 gratia
3054 4979 3275 5045 Spiritus
3305 4987 3472 5034 sancti
3512 4987 3623 5034 sine

2106 5058 2371 5107 mensura,
2402 5056 2455 5097 et
2500 5046 2616 5096 ideo
2643 5060 2761 5098 \eie
2807 5047 3104 5113 imitandus,
3134 5051 3378 5101 Christus
3426 5052 3623 5103 scilicet

2103 5114 2328 5165 existens
2360 5116 2433 5165 vir
2462 5130 2476 5165 :
2508 5115 2555 5163 id
2583 5124 2681 5175 ist,
2715 5114 2861 5166 fortis
2906 5117 3031 5170 noli
3062 5126 3406 5172 succumbens
3456 5133 3619 5172 ienta-

2113 5183 2257 5256 ltutii,
2309 5200 2408 5256 lion
2436 5184 2593 5235 abibit
2620 5199 2648 5231 at
2680 5184 2783 5256 Deo
2828 5197 2921 5236 suo
2949 5189 3212 5241 voluntate
3241 5194 3398 5241 etiam
3429 5192 3620 5256 pet-cali

2102 5252 2431 5313 aberiando,
2481 5265 2574 5302 nec
2620 5254 2777 5305 stabit
2821 5260 3233 5317 consentteiido,
3285 5274 3380 5308 nec
3428 5252 3623 5310 sedebit

2102 5330 2231 5367 alios
2260 5335 2355 5371 suo
2381 5320 2617 5385 exemplo
2644 5336 2856 5386 peccare
2893 5326 3145 5377 docendo.
3204 5330 3331 5377 Nlla
3389 5330 3620 5379 ordinent

2105 5389 2395 5438 \‘ctbotuni.
2452 5390 2667 5440 ﬂetuum
2696 5393 2833 5443 enim
2872 5407 2900 5444 a
2930 5396 3132 5446 Christo
3180 5397 3320 5447 abire
3349 5402 3505 5447 etiam
3540 5414 3622 5448 νυ·

2103 5453 2300 5508 lontate
2329 5467 2527 5507 totistat
2554 5472 2748 5511 remota
2775 5476 2890 5514 eSse
2918 5474 3053 5515 stare
3082 5478 3132 5514 et
3159 5465 3361 5515 sedere.
3412 5464 3477 5516 Et
3506 5468 3620 5519 ideo

2102 5539 2173 5602 ne.
2203 5527 2502 5602 superlluat,
2549 5530 2611 5602 ad
2640 5534 2870 5602 membra
2918 5533 3221 5596 referamus,
3254 5548 3387 5585 sicut
3414 5551 3530 5602 qua:
3562 5542 3621 5588 de

2100 5595 2262 5645 Adam
2312 5594 2710 5663 aftirmavimus,
2763 5600 2811 5654 iii
2857 5614 3079 5669 posteris
3123 5594 3221 5656 sibi
3265 5594 3621 5659 consimilibus
