3914 6228
197 409 309 463 497

952 407 1011 460 l.\'
1053 404 1463 460 ιέ.ιι,ιιι)ιιι)ιι
1508 403 1759 459 [13111131
1806 395 2148 454 EXEGESIS.
2193 434 2260 446 --
2304 408 2538 465 i’S.\LM.
2585 411 2670 463 111.

3306 395 3406 447 .193

192 522 353 572 Sicut
378 527 531 582 caput
562 526 749 569 meti-ra
782 518 1014 568 membra
1049 516 1208 581 rt-git.
1243 514 1449 580 quando
1481 515 1589 580 ipsa
1621 514 1750 567 ratio
1781 515 1824 569 Α
1855 516 2130 582 ammenta
2155 514 2313 565 multa
2344 529 2458 577 qua:
2482 517 2557 568 cis
2598 513 2930 582 singulariter
2974 523 3133 582 come
3165 523 3221 560 sa
3266 520 3404 572 sunt,

207 600 284 640 ita
320 593 516 653 regitur
548 602 573 638 a
603 587 771 650 capite
800 602 919 642 suo.
954 586 1001 637 id
1035 596 1135 643 cst,
1167 585 1400 646 Christo,
1443 594 1498 637 ιιι
1527 599 1627 635 non
1660 584 1750 639 de-

204 662 313 711 viet
353 660 402 712 in
430 659 623 722 aliqua.
680 659 851 708 l’oteSt
883 656 1048 722 gloria
1080 671 1188 705 ιιισςα
1211 698 1224 717 ,
1273 664 1316 706 et
1355 655 1584 707 exultans
1613 661 1760 715 caput

205 745 406 788 meum,
454 729 604 778 aliter
653 726 774 792 logi,
819 735 874 776 ut
917 724 1157 777 dicatur:
1203 724 1272 776 Ita
1302 725 1556 789 suscipies
1589 739 1671 774 nte
1699 724 1764 774 de

205 800 487 863 sepulcro.
515 806 568 848 ut
595 798 666 848 sis
695 794 860 864 gloria
891 811 1023 856 mea,
1056 795 1104 846 id
1136 803 1236 854 est,
1266 793 1529 861 gloriﬁccs
1560 807 1641 844 me
1673 807 1765 856 per

115 903 124 912 .
209 867 708 928 ittttiinrtalitatem,
761 875 814 916 et
859 879 950 927 per
1000 864 1510 928 impaSSibilitatem.
1557 874 1606 914 ct
1649 870 1765 926 post

207 937 655 996 glorilicationem
683 936 754 986 sis
777 935 1004 987 exultans
1034 944 1181 1000 caput
1213 951 1394 994 tllt’um,
1425 933 1471 984 id
1499 942 1599 994 est,
1624 931 1768 984 exal-

211 1019 298 1058 ιεε
334 1006 538 1071 me,qui
567 1015 720 1066 caput
746 1019 982 1058 meorum
1014 1018 1127 1057 sum
1158 1017 1248 1069 per
1277 1004 1671 1058 coiisessioncm
1702 1000 1765 1052 ad

208 1076 492 1128 dexteram
524 1085 683 1127 tuam.

297 1167 478 1217 Potest
505 1165 658 1217 etiam
689 1175 941 1233 susceptor
968 1179 1106 1215 meus
1133 1164 1206 1215 sic
1234 1165 1422 1233 expulit
1455 1177 1466 1211 :
1504 1160 1576 1212 Tu
1609 1177 1657 1213 es
1687 1177 1774 1213 su-

215 1244 425 1301 sreplor
453 1251 607 1296 meus,
645 1236 693 1286 id
724 1231 840 1298 est,
866 1233 1109 1287 defensor
1136 1246 1312 1292 meus,
1347 1231 1395 1281 id
1440 1240 1551 1288 est.
1593 1245 1771 1283 susce-

216 1307 350 1368 pisti
407 1319 616 1357 causam
671 1319 842 1356 meam
890 1305 953 1355 ad
997 1304 1254 1368 agendum
1308 1310 1490 1353 contra
1540 1301 1775 1353 inimcos

220 1389 379 1426 meos
410 1390 425 1428 ε
459 1382 534 1437 ιιι,
565 1373 705 1436 dico,
736 1373 898 1443 gloria
929 1388 1057 1433 mea.
1090 1373 1139 1424 id
1170 1382 1281 1443 est,
1303 1371 1354 1443 in
1377 1385 1478 1443 quo
1507 1372 1619 1423 solo
1649 1370 1774 1423 mihi

217 1444 559 1504 gloriandum
601 1451 711 1508 est,
740 1440 808 1496 'et
851 1456 953 1495 non
999 1443 1047 1494 in
1089 1455 1192 1494 me.
1245 1441 1390 1494 Unde
1421 1440 1616 1494 dictum
1651 1449 1774 1494 est:

215 1513 331 1577 Qui
359 1514 604 1581 gloriatur
651 1513 700 1562 in
751 1511 986 1570 Domino.
1037 1511 1295 1579 glorietur.
1348 1510 1621 1581 Etritermj:
1660 1510 1776 1562 Non

218 1579 472 1646 glorietur
499 1585 697 1646 sapiens
727 1584 777 1634 in
807 1582 1052 1648 sapientia
1081 1597 1172 1633 sua
1191 1620 1205 1645 ,
1235 1595 1388 1646 neque
1416 1580 1559 1644 {ortis
1595 1579 1646 1631 in
1678 1582 1779 1646 for-

212 1651 465 1716 titudine,
497 1667 652 1719 neque
678 1652 810 1704 dives
840 1653 893 1704 in
919 1651 1134 1713 divitiis;
1182 1651 1269 1703 sed
1299 1648 1541 1718 glorietur
1586 1658 1779 1702 tantum

214 1721 355 1773 scire
380 1738 478 1785 me,
510 1732 554 1774 et
585 1738 728 1774 nosse
754 1738 853 1785 me,
886 1722 1006 1773 dicit
1041 1719 1304 1773 Dominus.
1345 1720 1398 1774 In
1442 1721 1538 1773 hac
1567 1728 1775 1774 senten-

220 1791 298 1843 tia
332 1793 560 1844 exultans
588 1801 738 1858 caput
765 1805 867 1846 non
899 1799 1148 1844 mutatur.

313 1883 443 1935 Voce
479 1897 586 1936 mea
622 1882 687 1935 ad
727 1881 995 1934 Dominum
1032 1882 1256 1934 clamavi.
1300 1882 1483 1934 Merito
1521 1881 1771 1947 suscipies
1812 1856 1855 1915 Β

223 1970 317 2007 me
348 1952 684 2020 gloriﬁcaudo
711 1960 764 2006 et
791 1952 1082 2012 exaltantlo,
1116 1952 1235 2017 quia
1274 1967 1388 2018 ego,
1433 1951 1482 2002 in
1523 1962 1770 2013 quantum

229 2034 443 2090 partem,
487 2038 568 2076 me
605 2022 844 2076 idoneum
875 2032 930 2073 ut
965 2022 1222 2086 suscipiar
1250 2023 1484 2073 reddam.
1518 2022 1646 2083 Quia
1677 2036 1775 2088 egi

225 2094 476 2144 claniabo
504 2107 604 2145 nou
633 2093 696 2145 ad
723 2106 934 2154 aurum,
954 2105 1058 2144 non
1082 2090 1146 2143 ad
1174 2103 1465 2158 argentum.
1489 2092 1578 2143 sed
1606 2093 1668 2142 ad
1704 2102 1772 2154 te,

228 2163 478 2224 Domine,
513 2171 622 2214 uta
662 2173 711 2213 te
749 2161 1022 2226 suscipiar,
1053 2170 1104 2216 et
1144 2171 1194 2214 te
1233 2162 1499 2222 praemittat
1533 2161 1773 2215 habeam.

221 2232 505 2293 (Ilatuabo,
536 2232 742 2298 inquam
765 2269 780 2290 .
811 2239 863 2282 ει
892 2231 989 2283 hac
1017 2245 1161 2290 voce,
1195 2229 1243 2283 id
1272 2240 1353 2283 est
1388 2246 1490 2281 non
1523 2245 1648 2283 voc-.3
1677 2247 1777 2282 ειι-

229 2301 441 2364 teriori,
485 2315 599 2368 quze
646 2300 864 2367 strepitu
913 2301 1170 2353 verberati
1217 2303 1352 2353 aeris
1401 2300 1476 2365 lit,
1520 2301 1609 2352 sed
1655 2315 1779 2354 voce

225 2371 434 2423 contis.
470 2374 594 2438 Qua:
633 2372 754 2423 licet
794 2369 1088 2423 hominibus
1126 2369 1274 2430 silet,
1315 2369 1421 2422 Deo
1463 2384 1634 2423 tamen
1675 2372 1780 2422 i-la-

233 2456 358 2493 tuor
385 2453 465 2492 est
487 2482 500 2502 ,
529 2450 582 2493 et
610 2455 710 2506 qua
739 2455 840 2492 non
871 2440 1046 2493 minus
1076 2440 1265 2504 aliquid
1294 2440 1496 2492 orando
1533 2443 1782 2503 impetra-

228 2521 345 2574 tur,
377 2509 499 2563 licet
528 2511 663 2562 nulla
693 2524 788 2563 vos
816 2525 846 2563 e
875 2525 1095 2573 corpore
1122 2509 1391 2572 reddatur,
1420 2511 1463 2563 si
1496 2511 1651 2563 nulla:
1681 2521 1783 2564 ter-

232 2595 385 2633 renae
424 2581 767 2649 cogitationes
801 2580 876 2649 ab
914 2578 1102 2649 allecto
1131 2579 1387 2632 orationis
1428 2580 1778 2649 intercedant,

224 2651 331 2704 sed
373 2647 718 2704 tota'mcntis
757 2648 964 2703 aﬂ‘ectio
1007 2647 1073 2702 ad
1117 2663 1236 2701 eum
1285 2649 1538 2704 intendat.
1589 2647 1786 2704 Dicitur

232 2731 412 2774 autem
444 2720 556 2774 iure
600 2722 716 2773 talis
742 2736 872 2784 vox,
906 2719 957 2775 id
987 2728 1096 2783 est,
1131 2719 1427 2783 huiusmodi
1467 2722 1656 2773 mentis
1696 2736 1785 2786 ap-

235 2792 472 2857 plicatin,
524 2800 733 2859 propter
781 2793 882 2842 vim
933 2791 1094 2857 ipsius
1145 2789 1433 2845 aﬂectionis
1479 2791 1678 2844 clamor
1721 2791 1786 2844 ad

235 2862 555 2926 Dominum,
587 2861 725 2928 quod
749 2859 1086 2928 nequaquam
1131 2859 1426 2923 frustratur,
1459 2861 1549 2913 sed
1580 2875 1788 2925 semper

231 2933 538 2985 exauditur.
588 2933 693 2984 llac
737 2947 864 2984 voce
907 2931 1117 2994 clamat,
1165 2931 1251 2997 qni
1297 2933 1455 2983 corde
1502 2930 1679 2982 clauo)
1722 2935 1787 2982 ab

229 3003 383 3052 ()tlllli
412 3000 688 3055 all'ectiOue
715 3009 939 3064 terrena,
960 3009 1062 3052 tota
1089 3001 1275 3052 mentis
1294 2999 1566 3052 aﬂcctionc
1596 3016 1694 3051 non
1723 3001 1786 3052 ad

231 3071 436 3136 aliquid
470 3084 768 3138 terrenum,
809 3071 899 3123 sed
943 3072 1006 3121 ad
1050 3072 1209 3122 Deum
1249 3074 1477 3135 aspirat,
1526 3081 1580 3122 ut
1623 3071 1788 3136 ipsum

237 3142 519 3206 prasinium
563 3140 796 3206 recipiat.
845 3141 936 3194 Ille
964 3154 1087 3192 vero
1131 3154 1230 3191 non
1274 3139 1372 3191 hac
1412 3154 1537 3192 voce
1578 3141 1788 3206 clamat,

1864 591 2014 630 mons
2043 578 2285 632 Dei‘otiut
2315 583 2436 636 dicti
2469 591 2610 645 sunt,
2643 578 2705 635 ad
2735 579 3099 637 differentiam.

1935 646 2043 714 Ego
2072 650 2280 701 dormiit"
2297 691 2313 711 ,
2351 661 2396 704 et
2431 661 2694 718 separatus
2721 667 2864 712 sum,
2895 657 2937 699 et
2981 647 3264 711 ersurrmzi,
3295 650 3411 710 ιμιῖα

1867 715 2110 769 Dominus
2139 720 2351 784 suscepit
2383 715 2749 774 mestlslentlit
2775 733 2875 784 qua
2910 717 3242 769 exrtttditionu
3277 719 3413 770 Deus

1867 786 2017 839 Pater
2046 786 2214 837 iasum
2243 788 2596 850 csaudiverit,
2626 790 2742 852 hac,
2773 788 2929 842 scilici
2952 795 3000 850 t,
3034 787 3151 852 qttia
3183 795 3412 851 potesta-

1868 862 1970 908 letn
1999 855 2140 908 dedit
2173 858 2294 906 mihi
2330 859 2545 921 ponendi
2573 860 2795 910 animant
2821 873 2980 909 meam
2999 891 3021 919 ,η
3049 866 3094 908 et
3121 857 3297 906 itrruin
3323 873 3409 907 su-

1867 925 2027 976 mendi
2075 940 2207 996 eam.
2251 925 2409 996 Quasi
2437 926 2572 996 dicat
2601 930 2619 979 :'
2647 926 2758 996 Ego
2804 927 3033 979 dormivi.
3089 926 3270 978 Insiste
3309 925 3409 976 vim

1871 995 2210 1063 pronominis.
2244 994 2355 1047 Non
2386 994 2550 1050 Judaii
2578 994 2780 1052 scilicet
2807 1007 3178 1064 persequentes
3206 996 3268 1048 ad
3298 1010 3413 1061 pas-

1869 1067 2085 1134 sionem
2109 1074 2391 1134 coegerunt
2433 1080 2545 1128 me,
2577 1067 2668 1119 sed
2698 1082 2793 1134 ego
2838 1067 3039 1130 propria
3084 1075 3269 1130 sponte
3298 1078 3411 1116 inca

1871 1133 2125 1197 dormivi,
2158 1133 2207 1185 id
2253 1144 2361 1196 est,
2413 1135 2705 1200 passionem
2737 1133 2938 1188 ’sultivi.
2994 1136 3231 1187 Dormire
3270 1135 3410 1187 enirn

1874 1204 2080 1269 oroprie
2105 1203 2253 1268 quies
2282 1202 2365 1254 illa
2407 1212 2488 1255 est
2525 1217 2640 1268 quae
2683 1205 2945 1258 antecedit
2985 1219 3249 1264 somnum,
3282 1204 3416 1256 sicut

1872 1271 2240 1339 inspergelieri
2271 1276 2480 1340 proprie
2509 1282 2590 1326 est
2621 1284 2737 1338 post
2772 1289 3010 1325 somnum
3040 1319 3051 1336 ,
3085 1274 3290 1340 quando
3319 1289 3415 1324 nec

1877 1341 1995 1398 ii,il
2029 1341 2262 1406 penitus,
2305 1356 2401 1396 nec
2429 1345 2628 1409 sopitus
2665 1343 2846 1410 aliquis
2872 1353 2983 1404 est;
3024 1355 3075 1396 ct
3115 1343 3231 1396 ideo
3272 1343 3418 1406 ponit

1876 1412 2242 1464 dormitionem
2277 1427 2368 1479 pro
2398 1414 2638 1477 passione
2659 1453 2674 1473 ,
2709 1429 2825 1480 qua:
2852 1423 3071 1466 nuortcm
3102 1413 3418 1472 antecessit;

1877 1495 2119 1534 somnum
2150 1495 2276 1534 vero
2316 1495 2412 1548 pro
2452 1480 2562 1546 ipsa
2597 1492 2793 1544 morte,
2826 1498 2942 1536 cum
2970 1483 3097 1536 dicit
3126 1499 3140 1536 :
3176 1483 3421 1545 Dormivi.

1880 1550 1928 1603 id
1957 1559 2065 1613 est,
2097 1550 2302 1620 propria
2332 1550 2599 1605 voluntate
2629 1555 2923 1618 passionem
2955 1554 3173 1620 pertuli,
3206 1565 3248 1604 et
3276 1567 3418 1616 sopo-

1879 1628 2017 1689 ratus
2043 1635 2192 1689 _sum,
2235 1619 2284 1672 id
2328 1629 2427 1685 est,
2461 1635 2701 1687 saporem
2743 1624 2926 1676 mortis
2958 1619 3081 1689 post
3129 1621 3422 1689 passionem

1881 1687 2006 1742 adii.
2033 1686 2097 1740 Et
2127 1698 2300 1742 tamen
2333 1699 2449 1754 post
2474 1691 2702 1743 triduum
2729 1707 2756 1744 τι
2788 1686 3255 1750 morteexsuriexi.
3282 1691 3420 1754 ideo,

1883 1760 2004 1825 quia
2038 1758 2285 1811 Dominus
2317 1758 2467 1811 Pater
2497 1761 2575 1812 vel
2605 1761 2778 1813 divina
2809 1773 2992 1813 natura
3022 1763 3087 1813 ab
3119 1762 3300 1815 inferis
3331 1761 3421 1811 dc-

1884 1830 2095 1882 structis
2133 1829 2341 1881 rediens
2383 1828 2447 1880 ad
2498 1830 2862 1884 resumeudmu
2907 1833 3165 1897 pr0priam
3211 1843 3422 1882 carnem

1881 1900 2112 1965 suscepit
2141 1913 2245 1960 me,
2275 1899 2341 1951 du
2370 1899 2632 1964 sepulcro,
2663 1901 2892 1963 scilicet,
2927 1899 3283 1953 rcsuscitando
3315 1915 3419 1952 me.

1881 1965 1972 2019 Vcl
1994 1967 2111 2034 quia
2139 1967 2567 2039 Dominusl’ater
2590 1974 2821 2039 suscepit
2846 1971 2908 2023 ad
2931 1974 3187 2038 agendum
3209 1983 3420 2023 causam

1880 2051 2068 2099 meam,
2099 2046 2152 2089 ut
2179 2053 2332 2102 supra
2363 2037 2555 2091 dictum
2585 2051 2682 2094 cst.
2751 2037 2763 2039 “
2963 2043 2967 2046 ⁴

1953 2104 2069 2158 Non
2112 2105 2292 2159 timebo
2338 2107 2498 2160 millia
2540 2113 2712 2176 pepuli
2753 2113 3111 2166 circumdantis
3155 2129 3250 2167 me.
3295 2111 3423 2176 Quia

1888 2176 2139 2230 Dominus
2184 2177 2336 2249 Pater
2377 2178 2459 2249 vel
2502 2193 2585 2230 me
2629 2181 2878 2249 suscipiet
2919 2189 2985 2236 de
3032 2184 3302 2247 sepulcro,
3345 2178 3424 2233 vel

1879 2261 2092 2318 causam
2139 2248 2203 2298 ad
2255 2246 2509 2318 agendum
2553 2262 2746 2310 meam.
2774 2246 2915 2305 ideo
2962 2268 3060 2304 non
3107 2246 3292 2304 (inicito
3330 2265 3427 2318 ego

1881 2316 2041 2366 millia
2073 2317 2434 2368 tumultuantis
2473 2320 2649 2384 populi
2693 2323 3053 2386 circumdontis
3097 2338 3174 2373 me
3215 2321 3264 2372 in
3311 2316 3428 2382 pas-

1884 2387 2033 2439 sione
2060 2400 2207 2448 mea,
2238 2401 2336 2438 non
2368 2387 2431 2439 ad
2465 2389 2797 2455 imitandum,
2829 2392 2918 2445 sed
2951 2390 3014 2443 ad
3047 2388 3420 2444 insultandum.

1883 2455 2093 2524 Legitur
2133 2457 2270 2509 enim
2314 2456 2451 2524 quod
2487 2461 2738 2513 ει·υεὶίὶιο
2789 2461 3009 2516 Domino
3057 2463 3214 2513 multa
3264 2458 3424 2511 millia

1887 2526 2191 2598 immittit"),
2230 2529 2318 2592 qui
2365 2543 2458 2594 pro
2488 2529 2766 2585 festivitate
2805 2531 3036 2598 paschali
3076 2538 3428 2584 t-Oavenerant

1883 2593 2284 2674 ierosolymam,
2313 2593 2555 2674 esierunt
2576 2599 2641 2674 ad
2671 2614 2789 2674 eum
2808 2593 3020 2654 tantum
3048 2615 3202 2674 causa
3230 2609 3428 2674 specta-

1883 2664 2141 2744 culi,.aut
2186 2666 2346 2718 etiam
2395 2665 2958 2744 insultationisjcausa,
3006 2673 3085 2727 vel
3133 2664 3430 2744 derisimiis,

1889 2739 2036 2802 pauci
2070 2748 2193 2788 vero
2218 2750 2376 2788 causa
2405 2739 2903 2805 commiserationis,
2928 2742 3070 2805 boni,
3096 2742 3316 2804 scilicet,
3341 2742 3432 2805 qui

1889 2820 2109 2858 numero
2151 2809 2300 2870 pauci
2342 2816 2395 2861 ει
2434 2811 2624 2864 occulti
2661 2819 2829 2865 erant.
2875 2812 3024 2866 Unde
3067 2814 3261 2866 dictum
3304 2819 3429 2862 est:

1889 2873 2264 2950 gircumspcxi,
2304 2887 2350 2950 et
2393 2894 2490 2950 non
2518 2891 2622 2931 erat
2648 2883 2731 2948 qui
2763 2897 2838 2934 ine
2861 2883 3143 2950 adjuvaret.
3174 2881 3239 2933 Et
3266 2881 3385 2932 item
3421 2895 3435 2931 :

1893 2943 2132 3016 Torcular
2151 2946 2340 3016 calcavi
2362 2948 2521 3010 solus,
2540 2960 2586 3001 et
2606 2943 2669 3001 de
2683 2953 2905 3016 gentibus
2922 2943 3022 3003 non
3040 2961 3107 3002 cst
3133 2953 3204 3002 vir
3222 2963 3434 3000 mecum.

1929 3012 2210 3093 ~Insurgit,
2243 3013 2474 3093 Domine,
2503 3012 2799 3071 snlcuni'nie
2825 3023 2924 3089 fac,
2956 3019 3086 3072 Deus
3115 3035 3267 3071 meus.
3302 3017 3441 3083 ραυ-

1889 3088 2023 3136 niam
2051 3096 2103 3134 tu
2133 3088 2416 3150 pereussisti
2446 3105 2612 3141 (mutes
2638 3093 2952 3142 adversantes
2981 3092 3096 3140 mihi
3121 3090 3224 3141 sine
3246 3103 3395 3139 causa
3423 3101 3442 3139 :

1897 3159 2064 3206 dentes
2112 3165 2424 3220 peccatorum
2475 3161 2767 3212 contrivisti.
2823 3159 2930 3212 lloc
2979 3168 3094 3213 orat
3143 3168 3299 3223 caput
3349 3171 3442 3224 pro

236 3202 331 3277 qui
382 3212 546 3280 magis
593 3202 800 3265 terrena
843 3223 997 3289 quam
1045 3210 1204 3262 Deum
1248 3208 1540 3296 desiderat,‘
1579 3220 1631 3260 et
1679 3202 1791 3296 una

1907 3202 2175 3296 membris,
2226 3225 2276 3277 id
2321 3239 2434 3290 est,
2483 3244 2575 3296 pro
2607 3230 2863 3293 lidelihus,
2896 3240 2948 3283 ut
2991 3238 3131 3282 tanto
3161 3202 3322 3296 magis
3349 3202 3444 3281 ex-

241 3285 412 3334 Deum
459 3279 559 3333 non
609 3297 702 3346 pro
729 3295 787 3334 se
830 3291 886 3333 ιιι
929 3279 1097 3348 ipsum
1141 3280 1414 3348 prtemium
1458 3281 1666 3342 habeat,
1709 3281 1799 3334 sed

242 3367 344 3419 pro
385 3350 512 3414 ipsis
548 3350 778 3403 terrenis
819 3352 1063 3416 postulat.
1110 3349 1208 3414 Qui
1255 3348 1514 3402 infelicior
1559 3362 1638 3403 εει
1666 3366 1801 3409 cum

241 3422 549 3481 exauditur,
593 3434 748 3486 quam
780 3421 821 3472 si
868 3434 969 3472 non
1000 3419 1358 3473 exaudiretur.
1394 3419 1600 3485 Quanto
1641 3425 1803 3486 magis

240 3492 392 3544 enim
444 3505 562 3558 qua:
609 3489 874 3542 desiderat
923 3490 1101 3542 nociva
1148 3490 1422 3542 commoda
1469 3489 1801 3556 recipitliic,

241 3571 399 3612 «toto
437 3559 764 3625 gravioribus
815 3559 865 3614 in
907 3559 1081 3611 futuro
1123 3559 1392 3625 urgebitur
1435 3559 1800 3615 incommodis.

242 3632 404 3684 (inde
432 3633 498 3683 de
526 3644 655 3684 voce
695 3629 938 3699 pririlicta
979 3637 1121 3682 recte
1150 3628 1383 3700 dicitur:
1427 3628 1502 3680 Tu
1539 3647 1653 3683 cum
1691 3649 1808 3700 ora:

239 3701 396 3761 veris,
430 3701 563 3751 intra
609 3704 658 3752 in
696 3697 983 3752 cubiculum
1013 3708 1171 3757 tuum.
1221 3707 1264 3750 et
1309 3697 1480 3751 clauso
1527 3701 1672 3763 astio,
1717 3697 1804 3752 ora

248 3771 460 3822 l’ntrem
485 3782 622 3820 tuum
647 3773 696 3820 in
723 3769 1036 3832 abscondito,
1068 3778 1113 3822 et
1141 3768 1295 3820 Pater
1326 3779 1461 3831 tuus,
1493 3770 1580 3837 qui
1606 3771 1732 3822 ridet
1754 3773 1806 3824 in

243 3840 494 3893 abscondi
520 3855 566 3900 ο,
600 3840 774 3891 retltlct
804 3840 908 3891 tibi.
945 3840 1076 3905 Quid
1114 3842 1252 3892 enim
1280 3841 1478 3892 orando
1508 3841 1804 3894 cubiculum

246 3915 471 3975 intrare,
516 3920 568 3963 et
608 3911 803 3962 ostium
849 3909 1092 3961 claudere
1134 3908 1274 3960 aliud
1318 3921 1399 3962 est
1446 3925 1599 3976 quam
1648 3925 1705 3963 se
1751 3911 1805 3965 in

250 3991 488 4034 mentem
523 3981 780 4044 recipere,
812 3988 864 4030 et
893 3981 1105 4043 ostium,
1135 3980 1182 4030 id
1214 3987 1315 4041 est,
1347 3993 1550 4041 sensus,
1583 3997 1608 4028 a
1643 3990 1806 4034 terre-

249 4065 441 4103 norum
491 4065 622 4112 resp:
645 4059 728 4101 ctu
768 4062 1062 4106 removere.
1109 4058 1160 4099 et
1202 4050 1300 4100 Soli
1341 4047 1531 4106 divina:
1570 4061 1804 4104 contem-

253 4119 473 4189 plationi
508 4129 608 4170 tota
644 4117 931 4172 intentione
961 4131 1163 4170 vacare.

331 4211 394 4262 Et
433 4212 682 4262 rxnudivit
706 4226 800 4264 me.
829 4210 959 4274 Quia
1004 4224 1102 4276 ego
1135 4209 1304 4262 taliter
1355 4209 1594 4263 clamabo
1622 4252 1636 4274 ,
1687 4214 1804 4268 ideo

248 4282 369 4347 ip>8
405 4280 652 4332 Dominus
685 4277 837 4331 Pater
863 4281 1108 4332 exaudiet
1147 4295 1249 4345 me,
1294 4281 1654 4336 resuscitando
1698 4302 1801 4337 me.

253 4352 514 4406 lixaudiet
537 4349 654 4401 dico
684 4349 745 4398 de
773 4361 936 4400 monte
961 4359 1132 4400 sani-lo
1160 4367 1268 4414 suo,
1299 4350 1348 4402 id
1375 4361 1473 4414 est,
1497 4353 1561 4405 de
1583 4365 1803 4407 memet-

251 4423 394 4489 ipso,
427 4423 513 4486 qui
543 4435 654 4470 sum
686 4428 898 4489 sant-tus
927 4436 1076 4489 mons
1103 4419 1237 4486 ejus.
1274 4421 1380 4474 11ι.ε
1405 4420 1600 4474 dictum
1631 4433 1711 4476 est
1737 4429 1803 4480 de

250 4487 489 4550 illiristo,
526 4488 808 4542 secundum
836 4489 969 4555 quod
1001 4487 1187 4554 duplex
1220 4498 1398 4542 natura
1433 4490 1484 4541 in
1513 4507 1576 4543 ευ
1605 4504 1704 4545 εει.
1747 4494 1798 4546 ln

249 4578 318 4614 eu
345 4547 486 4614 enim
515 4567 594 4610 est
618 4567 670 4610 ct
698 4557 778 4610 cui
805 4547 1087 4609 conveniat
1116 4560 1393 4622 posmlare,
1430 4560 1656 4612 humana
1686 4579 1798 4614 εει-
1835 4547 1880 4602 D

165 4692 176 4695 _
254 4635 377 4683 licet
408 4638 612 4694 natura,
651 4638 703 4678 ut
730 4628 812 4678 cui
843 4642 1045 4680 romen
1073 4637 1124 4677 at
1151 4627 1420 4692 exaudire,
1453 4630 1627 4683 divina
1655 4635 1796 4684 scili-

253 4711 342 4754 cet
375 4707 578 4751 natura.
624 4697 854 4749 liniuiuis
885 4697 1022 4750 enim
1057 4708 1132 4749 est
1173 4699 1452 4761 postulare,
1493 4700 1582 4752 Dei
1624 4714 1797 4756 autem

251 4771 531 4824 exaudire.
565 4767 761 4821 D.citur
789 4768 1101 4839 autcmripse
1128 4768 1363 4833 Chrisms
1392 4785 1561 4835 mons,
1593 4783 1802 4839 propter

251 4839 596 4893 eminentiam
645 4843 914 4907 virtutum.
963 4838 1115 4890 Juxta
1164 4838 1299 4904 quod
1359 4853 1447 4904 per
1499 4838 1799 4907 pr0plietam

254 4914 460 4962 dictum
489 4921 568 4960 est
596 4909 814 4980 dciilloi:
849 4905 913 4980 Et
944 4909 1035 4958 erit
1072 4910 1120 4980 in
1153 4909 1428 4961 novissimis
1471 4905 1642 4980 diebus
1676 4929 1803 4980 pra:—

251 4989 464 5048 parntus
491 4995 628 5048 mons
658 4979 858 5028 Domini
886 4977 936 5028 in
971 4978 1145 5028 vcrtice
1183 4980 1442 5029 montium.
1486 4979 1576 5032 Vel
1608 4977 1755 5034 aliter
1788 4998 1798 5031 :

256 5047 536 5104 Exaudivit
566 5063 641 5097 me
681 5049 730 5098 in
777 5048 1128 5098 resurrectione
1171 5050 1231 5098 de
1270 5064 1360 5098 suo
1407 5059 1580 5100 sancto
1619 5060 1801 5114 monte,

254 5123 342 5175 vel
373 5121 522 5172 aliter
554 5136 564 5169 :
601 5115 870 5170 Exuudivit
901 5136 975 5171 me
1003 5120 1062 5168 rte
1092 5127 1252 5169 monte
1275 5128 1443 5170 sancto
1473 5136 1580 5180 suo.
1625 5121 1672 5172 id
1703 5133 1800 5184 est,

255 5202 480 5260 propter
504 5187 754 5256 justitiam
784 5204 929 5260 suam
949 5229 964 5251 ,
994 5185 1103 5241 sive
1134 5203 1332 5260 tuenti,-
1356 5202 1657 5260 quaerimus
1690 5207 1807 5257 pro-

256 5258 378 5329 μειὲ
423 5267 756 5329 cunnetitiam
794 5259 1013 5329 dicitur,
1054 5261 1198 5325 juxta
1242 5258 1365 5310 illud
1412 5275 1420 5308 :
1467 5258 1674 5311 Iustitio
1725 5271 1809 5312 tua

256 5326 387 5382 sicut
419 5339 608 5381 montes
641 5326 753 5378 Dei.
786 5326 988 5396 iustum
1030 5334 1166 5380 eum:
1207 5329 1322 5392 fuit,
1359 5338 1411 5379 et
1450 5340 1699 5396 quantum
1746 5333 1808 5383 ad

261 5401 476 5454 Patrem
510 5399 595 5462 qui
625 5412 746 5450 vere
783 5394 958 5464 justus
987 5407 1095 5458 est,
1141 5410 1191 5450 ct
1221 5394 1479 5464 quantuni
1516 5401 1578 5449 ad
1620 5400 1807 5452 Filium

258 5471 380 5536 ejus
407 5472 672 5522 Christum
692 5508 706 5533 ,
736 5471 822 5535 qui
853 5469 964 5518 sine
992 5483 1146 5519 causa
1182 5471 1331 5521 tuorti
1367 5469 1584 5520 traditus
1613 5480 1721 5533 e.-.t,
1760 5484 1811 5523 ut

263 5540 459 5594 Filium
497 5539 665 5604 ipsum
693 5547 996 5588 innocenter
1023 5539 1322 5588 damnatum
1356 5539 1811 5593 resuscitaret.\'cl

256 5608 529 5663 exaudivit
566 5623 649 5660 me
681 5608 730 5660 in
765 5616 1155 5658 resuscnatiuue
1187 5608 1253 5658 de
1280 5621 1374 5660 suo
1402 5617 1580 5660 sancto
1614 5623 1809 5671 monte,

261 5680 317 5732 ,ἀ
362 5686 464 5736 εει,
514 5689 723 5742 pmptcr
767 5677 1107 5728 humilitatem
1152 5688 1430 5741 assumpta:
1464 5678 1659 5740 Carnis,
1692 5693 1811 5743 quia

257 5767 365 5818 ego
395 5749 510 5814 ejus
539 5758 890 5818 praeoptent:
921 5748 1166 5797 voluntati
1200 5747 1311 5818 ejus
1337 5747 1584 5798 ubedicns
1614 5763 1813 5799 assum-

261 5816 346 5888 p31
381 5821 443 5872 dc
484 5816 697 5880 Iudaeis,
735 5816 818 5882 qui
863 5828 1070 5882 propter
1113 5817 1234 5884 legis
1267 5818 1598 5870 eminentiam
1639 5827 1688 5870 ct
1732 5834 1811 5871 sa-

1908 3293 2142 3366 hortetur
2170 3309 2280 3358 eos,
2327 3309 2379 3348 ιιι
2419 3293 2502 3353 hic
2545 3302 2946 3366 compatiaulur,
2991 3308 3044 3353 et
3088 3293 3294 3352 tandem
3325 3311 3446 3351 con-

1905 3362 2281 3443 glot‘iﬁcetttttr.
2316 3365 2472 3443 Quasi
2500 3368 2641 3443 dicat
2667 3362 2693 3423 νε
2736 3371 2842 3432 Τιι,
2889 3362 3106 3443 Domine
3145 3369 3317 3433 Pater,
3358 3369 3446 3433 qui

1911 3438 2038 3486 lacis
2088 3447 2173 3488 me
2228 3449 2332 3488 non
2390 3438 2574 3490 timere
2629 3438 3032 3494 innumerabiles
3080 3447 3444 3506 persecutores

1909 3518 2084 3568 meos,
2115 3519 2338 3574 exsurge
2364 3509 2518 3560 etiam
2552 3507 2604 3561 in
2636 3509 2798 3574 meis,
2831 3509 2880 3562 id
2909 3519 3024 3570 est,
3055 3522 3336 3575 exsurgere
3367 3509 3445 3558 [ac

1908 3589 2073 3639 meos,
2105 3576 2226 3642 quia
2253 3585 2373 3631 tunc
2401 3578 2528 3631 salvi
2557 3591 2728 3632 erunt.
2763 3579 2908 3634 Unde
2935 3579 3132 3632 dictum
3165 3588 3245 3630 est
3275 3595 3285 3626 ε
3319 3575 3445 3639 Qui-

1907 3660 2101 3717 cunque
2139 3649 2515 3710 perseveraverit
2542 3664 2698 3716 usque
2734 3651 2784 3701 in
2813 3649 2991 3717 ﬁnent,
3024 3648 3184 3702 saluus
3225 3647 3337 3699 erit.
3384 3645 3448 3698 Et

1907 3716 2067 3767 debes
2093 3729 2377 3784 exsurgere
2415 3719 2464 3770 in
2496 3724 2646 3782 meis,
2675 3716 2886 3788 quia’tu
2914 3720 3002 3786 qui
3045 3717 3274 3770 omnium
3309 3718 3443 3788 Deus

1909 3798 1965 3836 es
1992 3796 2265 3857 potestate,
2297 3803 2443 3840 meus
2467 3788 2604 3842 Deus
2626 3786 2703 3849 es,
2728 3790 2777 3842 id
2800 3801 2899 3857 εει,
2930 3803 3162 3843 nieorum
3187 3806 3241 3840 es
3269 3786 3446 3839 ialm.»-

1913 3862 2050 3926 tate;
2080 3856 2174 3921 ipsi
2206 3870 2307 3909 non
2336 3857 2552 3920 Jovem,
2585 3873 2684 3911 non
2715 3856 3005 3926 Apollinem
3029 3901 3043 3923 ,
3073 3859 3163 3912 sed
3195 3866 3244 3911 te
3271 3857 3442 3908 solum

1910 3925 2080 3999 Deum
2116 3940 2267 3999 suum
2315 3941 2431 3999 esse
2471 3930 2671 3999 volunt.
2723 3925 2955 3999 lissurge
2994 3930 3185 3983 dicitur
3226 3927 3446 3986 Domino

1908 4009 2013 4046 non
2053 3995 2366 4059 dormienti,
2410 3997 2489 4066 vel
2533 3999 2854 4050 recumbenti
2877 3995 2917 4061 ,⁷
2938 4001 3029 4053 sed
3059 3999 3177 4066 quia
3213 4011 3307 4048 nos
3339 4003 3446 4046 tor-

1912 4077 2091 4130 pvntcs
2117 4070 2288 4118 carnis
2321 4065 2597 4134 fragilitate
2635 4083 2915 4134 exsurgere
2956 4065 3086 4120 facit
3120 4066 3280 4118 animi
3325 4079 3446 4117 cor-

1909 4135 2257 4190 roboratinnc.
2310 4138 2400 4188 Est
2444 4141 2579 4189 enim
2632 4153 2741 4189 mos
2789 4139 2976 4191 divinae
3011 4138 3293 4204 Scriptura:
3337 4134 3445 4187 Deo

1909 4221 2023 4269 qua:
2054 4205 2102 4255 in
2136 4211 2284 4258 nobis
2315 4207 2439 4258 facit
2466 4207 2772 4259 attribuere.
2802 4208 2947 4262 Unde
2968 4207 3094 4260 dicit
3119 4205 3397 4273 Apostolm
3428 4219 3444 4256 :

1910 4278 1984 4325 Au
2024 4275 2170 4326 vultis
2210 4279 2596 4342 experimentum
2625 4293 2731 4342 ejus
2761 4281 2841 4344 qui
2871 4279 2921 4330 in
2954 4295 3028 4330 me
3053 4277 3272 4345 loquitur
3301 4273 3448 4328 Citri-

1907 4355 2010 4396 stns
2032 4351 2053 4398 1’
2097 4346 2346 4410 Loquitur
2379 4348 2544 4411 ponit,
2581 4363 2694 4411 pro,
2728 4349 2867 4410 loqui
2896 4349 3050 4412 facit;
3082 4360 3134 4402 ει
3161 4348 3282 4399 alibi
3312 4347 3445 4399 dicio

1909 4426 1991 4466 tur
2022 4435 2033 4467 :
2080 4417 2301 4481 Spiritus
2331 4419 2551 4484 postulat
2583 4434 2674 4485 pro
2704 4419 2864 4484 nobis,
2900 4420 2948 4472 id
2979 4430 3094 4484 εει,
3128 4419 3449 4485 postulantes

1907 4502 2000 4538 nos
2029 4489 2165 4538 facit.

1973 4557 2178 4606 Domini
2205 4568 2274 4608 est
2301 4558 2461 4622 salus,-
2489 4568 2535 4609 et
2560 4573 2709 4625 super
2739 4559 2978 4623 populant
3008 4568 3147 4610 tuum
3178 4557 3450 4609 benedictio

1905 4636 2012 4678 tua.
2052 4627 2172 4678 Ideo
2200 4630 2359 4680 debes
2387 4641 2479 4678 eos
2508 4633 2594 4692 qui
2630 4644 2678 4678 te
2721 4628 2880 4680 Deum
2919 4647 3068 4680 suum
3109 4629 3305 4679 iaciunt
3343 4625 3447 4675 sal-

1907 4711 2061 4759 vare,
2092 4711 2124 4747 o
2157 4697 2327 4758 Pater,
2360 4700 2477 4763 quia
2512 4697 2607 4764 ipsi
2637 4709 2755 4750 sunt
2788 4702 2921 4750 servi
2958 4701 3061 4760 tui,
3099 4706 3148 4748 et
3181 4706 3230 4746 tu
3261 4709 3318 4746 es
3351 4694 3448 4744 Ι).›ο

1906 4768 2076 4818 minus
2115 4779 2318 4826 eorum,
2362 4778 2415 4819 et
2456 4769 2521 4820 ad
2564 4771 2833 4820 dominum
2879 4769 3098 4835 pertinet
3139 4777 3192 4816 ut
3235 4778 3447 4816 servum

1905 4838 1992 4902 qni
2021 4850 2078 4887 se
2108 4842 2312 4888 salvaie
2344 4853 2444 4889 non
2482 4850 2651 4902 potest
2680 4839 2868 4892 saltet.
2916 4837 3061 4890 Unde
3092 4839 3286 4886 dictum
3319 4842 3401 4887 est
3433 4851 3445 4887 :

1909 4905 2024 4956 Non
2048 4907 2161 4970 sibi,
2192 4909 2276 4959 setl
2318 4908 2517 4961 domino
2539 4926 2700 4976 graus
2727 4920 2815 4975 cst,
2840 4925 2950 4976 qua:
2978 4915 3122 4958 servit
3151 4914 3360 4973 egestas.
3389 4905 3454 4958 Ει

1906 4977 2022 5042 quia
2075 4987 2218 5029 tuum
2269 4979 2475 5030 salvere
2520 4987 2600 5030 est
2645 4981 2779 5041 illos,
2832 4979 2950 5031 inde
3003 4976 3299 5029 benedictio
3344 4990 3447 5026 non

1908 5046 2168 5122 quielibet,
2202 5050 2292 5099 sed
2327 5058 2432 5122 tua,
2476 5047 2526 5098 id
2559 5059 2659 5110 est,
2703 5050 2765 5100 ad
2800 5059 2848 5101 te
2892 5049 3177 5115 pertinens,
3224 5046 3446 5121 scilicvl.

1910 5115 2291 5168 incrementum
2323 5117 2591 5178 virtutum,
2618 5123 2753 5183 quod
2787 5139 2812 5170 ει
2846 5127 2893 5172 ιε
2921 5129 3118 5172 tantum
3144 5115 3448 5179 suscipitur.

1908 5186 1974 5238 sit
2001 5201 2151 5252 super
2182 5187 2422 5256 populum
2453 5197 2612 5253 tuum,
2644 5187 2695 5239 id
2725 5200 2824 5252 est,
2856 5206 3013 5255 super
3038 5189 3153 5241 illos
3180 5186 3263 5252 qui
3292 5199 3348 5236 se
3377 5187 3446 5232 la-

1909 5260 2050 5309 cium
2099 5270 2200 5310 non
2248 5272 2399 5311 suum
2449 5267 2718 5325 populum,
2769 5261 2861 5312 sed
2911 5269 3078 5322 tuutn,
3128 5263 3442 5325 quierentcs,

1910 5327 2137 5389 sciLcet,
2168 5344 2269 5380 non
2299 5343 2417 5395 qua:
2447 5323 2540 5382 Sua
2572 5340 2710 5381 sum.
2747 5329 3047 5382 Benedictio
3079 5323 3170 5379 Dei
3198 5323 3448 5395 accipitur

1915 5397 2122 5462 proprie
2156 5413 2249 5464 pro
2279 5391 2556 5464 augmento
2590 5399 2868 5463 virtutuai,
2899 5398 3046 5465 juxta
3080 5397 3204 5450 illud
3241 5412 3251 5443 :
3292 5391 3449 5445 Bene-

1913 5467 2041 5517 dicut
2082 5483 2169 5518 nos
2210 5467 2456 5519 Dominus
2496 5468 2629 5520 Deus
2668 5478 2850 5528 noster,
2885 5482 2984 5521 etc.
3032 5469 3175 5521 Sicut
3212 5481 3240 5516 e
3268 5475 3449 5516 contra

1917 5536 2212 5588 maledictio
2239 5553 2352 5603 ejus
2382 5539 2636 5604 accipitur
2677 5553 2770 5604 pro
2808 5540 3149 5590 diminutione
3180 5536 3444 5584 virtutum.

1987 5605 2233 5666 Quoniam
2287 5616 2340 5657 tu
2393 5610 2678 5672 percussisti
2725 5625 2892 5661 omnes
2940 5610 3249 5659 adite-sontes
3306 5604 3446 5654 mihi.

1916 5675 2158 5730 l’robutio
2189 5678 2453 5740 pt'xlnissa
2480 5694 2508 5728 a
2534 5681 2812 5740 contrario,
2859 5682 2995 5746 quod
3025 5690 3144 5726 vere
3190 5674 3323 5723 Deus
3354 5674 3447 5746 be-

1917 5746 2117 5797 nedice!
2149 5747 2338 5809 populo
2376 5761 2490 5809 suo,
2524 5753 2642 5813 quia
2673 5744 2945 5801 malediect
2979 5761 3007 5798 ε
3038 5754 3218 5796 contra
3254 5744 3445 5808 populo

1916 5830 2018 5870 non
2064 5830 2174 5869 sua.
2228 5817 2374 5882 Quod
2422 5819 2498 5874 sic
2533 5819 2650 5873 dicit
2683 5837 2694 5871 :
2727 5819 2819 5886 Tu,
2864 5816 3083 5872 Domine
3131 5813 3304 5878 Pater,
3348 5828 3451 5865 non
