3914 6228
856 507 919 561 IN
961 491 1271 564 PSALMUM
1311 508 1394 561 tv.

755 621 812 674 In
841 619 992 675 linem
1027 620 1186 674 David
1215 620 1506 674 Canticum.

946 746 1317 787 ABGUHENTL’I.

425 829 680 885 Ezechias
716 835 901 881 contra
938 827 1156 880 tumulos
1192 841 1317 886 suos
1354 825 1419 877 de
1462 825 1656 877 auxilio
1697 826 1899 880 Domini

341 901 624 968 gloriatur,
659 898 947 958 corripiens
972 897 1181 968 eosdem
1204 938 1217 956 ,
1251 909 1316 948 ne
1337 897 1392 968 in
1423 895 1694 968 mendacio
1723 897 1900 948 conti-

339 963 484 1020 s'lant
515 986 527 1020 :
559 969 649 1020 sed
676 968 972 1020 desinentes
999 980 1028 1016 a
1059 967 1210 1016 malis
1235 963 1659 1030 Cogitationibus,
1690 978 1901 1026 semper

339 1035 468 1092 Deo
495 1037 746 1090 serviam.
779 1036 946 1088 Aliter
983 1033 1238 1099 Propheta
1266 1035 1498 1096 increpat
1527 1031 1753 1084 Judmos.
1791 1033 1901 1084 Ali-

337 1115 436 1158 ler
478 1105 740 1158 Arnobius
776 1104 1013 1165 exponit,
1053 1105 1170 1169 quia
1213 1102 1346 1154 Deus
1381 1100 1595 1167 iustitia:
1631 1101 1898 1154 exaudivit

335 1176 404 1227 in
430 1187 596 1227 cruce
625 1174 845 1240 positum
877 1172 1036 1224 lilium
1064 1186 1245 1242 suum,
1272 1176 1452 1224 contra
1483 1184 1638 1238 quem
1667 1170 1898 1242 irascen-

337 1254 433 1298 tes
463 1243 629 1298 ludzei
662 1250 880 1312 peccant
910 1255 1071 1308 usque
1101 1240 1275 1292 hodie.

961 1345 1308 1385 EXPLANATIO.

424 1420 572 1475 Finis
602 1422 723 1491 legis
757 1430 826 1475 est
848 1419 1100 1484 Christus,
1127 1422 1196 1473 ad
1212 1420 1470 1489 justitiam
1493 1416 1632 1491 omni
1656 1419 1892 1491 credenti,

331 1492 438 1560 qui
483 1501 555 1546 est
584 1489 802 1544 omnium
845 1492 1086 1542 bonorum
1129 1491 1347 1558 gloriosa
1389 1489 1661 1557 perlectio;
1689 1489 1806 1546 sive,
1842 1499 1894 1541 ut

334 1560 650 1624 quibusdam
677 1562 856 1630 placet,
881 1575 970 1630 pr_9
1002 1560 1141 1630 nobis
1166 1560 1354 1611 dictum
1381 1567 1471 1622 est,
1501 1560 1554 1610 in
1584 1573 1708 1622 quos
1733 1573 1893 1630 sicca-

335 1631 517 1682 lorum
552 1627 906 1698 ﬁnis'ndt'ettit.
931 1627 1165 1680 Psalmus
1186 1637 1352 1679 autem
1372 1637 1441 1680 est
1466 1642 1709 1698 organum
1739 1629 1894 1698 muti...

333 1714 487 1761 cum,
530 1695 691 1766 capite
717 1713 970 1760 sonorum,
1001 1714 1098 1765 quo
1139 1698 1311 1749 diuina
1349 1697 1603 1765 prisconia
1642 1695 1891 1748 caneban-

339 1778 463 1831 tur;
489 1770 757 1832 canticum,
789 1767 924 1834 quod
961 1782 1200 1834 supernas
1232 1767 1401 1818 laudes
1429 1766 1662 1818 humanis
1691 1767 1890 1817 vocibus

1083 397 1145 450 ΙΝ
1187 398 1596 482 PSAL‘HQRUM
1637 398 1885 453 LIBRUM
1927 397 2274 457 EXEGESIS.
2300 399 2626 456 —PSALil.
2671 401 2760 455 ιν.

3423 405 3528 461 53‘:

1923 510 1973 566 Α
2001 507 2181 579 libera,
2220 517 2274 563 et
2299 523 2458 562 sonus
2489 500 2821 564 instrumenti
2870 526 3178 579 quocunque
3207 515 3388 568 ordine
3428 501 3518 568 as-

2004 578 2254 642 sociatur,
2280 587 2332 631 et
2361 580 2510 644 longe
2537 581 2745 631 suavius
2766 595 2916 647 quam
2950 581 2993 634 si
3022 578 3324 635 alterutrum
3351 599 3442 643 per
3469 601 3523 639 με

2003 647 2305 716 accipiatur.
2341 649 2416 700 Ad
2447 648 2660 701 alterius
2687 649 2858 716 itaque
2888 649 3070 702 horum
3102 651 3516 712 similitudinem,

2002 713 2164 786 illius,
2196 715 2414 786 scilicet,
2449 717 2532 770 ubi
2562 713 2787 781 psalmus
2811 718 3077 784 pracedit,
3105 730 3152 772 et
3185 721 3517 786 subsequitur

2002 785 2283 846 canticum,
2339 784 2578 837 dicuntur
2625 788 2780 838 verba
2830 787 2982 850 hujus
3031 789 3213 852 psalmi
3242 807 3252 840 :
3281 784 3517 843 Psalmus

2001 854 2198 914 cantici,
2230 853 2349 917 quia
2395 861 2447 905 et
2484 869 2761 920 supernam
2811 856 2959 908 nobis
2989 856 3216 909 indicant
3245 858 3514 921 virtutem,

1999 921 2135 985 tpiod
2183 931 2324 992 notat
2354 922 2599 992 psalmus,
2647 930 2702 977 et
2743 926 2861 990 quia
2891 939 3006 992 qua:
3033 925 3265 978 indicant
3305 927 3368 978 ad
3407 942 3517 979 mae

1997 1003 2150 1060 gnam
2201 989 2577 1056 jucunditatem
2641 1000 2696 1045 et
2748 989 3144 1046 delectationem
3213 995 3514 1060 pertinent,

1998 1056 2134 1129 quod
2166 1067 2311 1111 notat
2331 1061 2610 1114 canticum.
2639 1064 2809 1129 Agunt
2837 1063 2975 1115 enim
3004 1063 3070 1116 de
3110 1056 3296 1115 Christi
3328 1056 3514 1117 clarili;

1995 1127 2226 1190 catione,
2269 1129 2399 1180 facta
2430 1130 2479 1179 in
2527 1127 2926 1192 resurrectione,
2949 1132 3272 1192 ascensione,
3310 1133 3515 1186 conl‘es-

1969 1197 2166 1259 .sione,
2195 1211 2310 1266 qua!
2331 1211 2358 1247 a
2392 1198 2539 1250 nobis
2568 1199 2717 1251 valde
2742 1201 2965 1263 jucunda
2994 1210 3150 1266 atque
3192 1200 3514 1255 delectabilia

1995 1265 2279 1337 reputando
2306 1273 2444 1328 sunt,
2467 1268 2708 1337 quoniam
2742 1269 2790 1318 in
2823 1268 2934 1337 ejus
2959 1265 3340 1323 resurrectione
3362 1281 3515 1337 atque

1995 1332 2365 1386 clarillcatione
2384 1336 2639 1386 certitudo
2670 1336 2956 1388 nobis’data
2988 1346 3087 1401 est,
3116 1338 3250 1404 quod
3273 1349 3324 1391 ει
3343 1332 3514 1392 resur-

1992 1414 2173 1468 gamus
2201 1415 2255 1454 et
2301 1405 2829 1468 conglurilicabimur,
2860 1406 2903 1457 si
2945 1407 3109 1470 ipsum
3140 1416 3335 1458 tantum
3363 1409 3515 1459 Ciri-

1993 1480 2134 1544 ειιιιιιΔ
2160 1470 2507 1544 imitabimur.
2543 1476 2732 1544 rl‘otest
2759 1489 2982 1539 quoque,
3017 1476 3059 1526 si
3089 1475 3201 1542 quis
3241 1475 3511 1544 diligenter

1991 1539 2306 1605 consideret,
2353 1541 2438 1593 hic
2484 1543 2637 1595 etiam
2685 1544 2810 1594 ordo
2845 1539 3119 1595 verborum
3149 1539 3358 1600 notari:
3378 1545 3512 1597 Prat-

1993 1607 2128 1677 cedit
2157 1610 2294 1660 enim
2326 1609 2376 1661 in
2412 1609 2489 1663 his
2513 1611 2848 1677 sequentibus
2872 1613 3039 1665 verbs
3066 1613 3131 1665 de
3156 1612 3346 1665 Christi
3370 1615 3514 1666 invo-

1991 1676 2196 1729 c:ttione
2219 1679 2282 1728 ad
2315 1678 2475 1730 Demn
2523 1676 2874 1736 Patremante
2901 1682 3346 1742 clariticaiinnem,
3378 1685 3511 1747 quod

1993 1753 2179 1816 potest
2212 1747 2425 1816 intelligi
2478 1762 2569 1814 per
2601 1749 2892 1814 psalmum;
2940 1752 3268 1816 subchuitur
3301 1766 3424 1804 vero
3450 1752 3514 1805 de

338 1814 1885 1904 attexataté‘;zttsz52.2'a‘ua;;".;;..satis,una
1923 1835 1962 1890 Β
1992 1815 2100 1904 ἔρεξ’
2139 1814 2678 1904 Clafiflfatismﬁ.9958
2702 1818 2864 1870 ιηιιιιο
2888 1814 3163 1899 ιιιενμιιάίόι
3203 1831 3278 1898 es}
3307 1820 3512 1898 ign-oca-

335 1903 694 1958 instrumentis
736 1906 935 1957 musicis
964 1918 1008 1958 et
1057 1905 1221 1957 choris
1269 1904 1587 1969 psallent.'um
1621 1903 1884 1968 sacriﬁciis

336 1976 630 2028 celestfbus
672 1981 889 2026 consona
931 1975 1285 2037 uociferatione
1319 1974 1641 2033 canebantur,
1675 1974 1743 2024 sic
1780 1973 1884 2024 istis

331 2045 506 2097 verbis
537 2043 765 2099 omnibus
785 2059 1153 2096 commonemur
1180 2044 1242 2095 de
1269 2042 1481 2094 Domino
1505 2041 1703 2094 Christo
1728 2042 1886 2092 canti-

335 2129 464 2166 cum
508 2114 642 2167 istud
683 2128 790 2166 esse
833 2113 1102 2171 dicturum.
1136 2110 1235 2164 Per
1276 2119 1429 2163 totum
1462 2111 1706 2173 psalmum
1744 2111 1887 2163 verba

337 2193 466 2236 sunt
500 2194 685 2236 sanctw
725 2183 895 2233 matris
929 2181 1186 2234 Ecclesiw.
1218 2178 1282 2233 In
1312 2181 1474 2246 prima
1499 2190 1637 2249 parte
1664 2189 1804 2246 rogat
1836 2189 1887 2232 ut

338 2254 460 2320 ejus
483 2253 724 2304 audiatur
755 2253 948 2313 oratio,
980 2253 1246 2316 increpans
1268 2248 1518 2320 infideles,
1550 2248 1635 2311 qui
1675 2251 1888 2320 colentes

339 2316 510 2387 falsos
541 2322 679 2384 deos,
728 2321 976 2373 culturam
1023 2321 1120 2372 reri
1166 2319 1368 2371 Domini
1416 2320 1751 2386 negligebant.
1797 2316 1890 2371 Se-

336 2393 520 2444 cunda
569 2401 844 2444 commouet
892 2390 1281 2455 generalitatem,
1315 2397 1389 2450 ut,
1429 2390 1603 2439 relicta
1647 2387 1887 2450 supersti-

339 2462 486 2514 tione
514 2461 709 2529 fallaci,
749 2461 1057 2526 sacriﬁcium.
1085 2459 1298 2528 justitite
1323 2458 1494 2529 debeat
1537 2455 1891 2529 immolare,et

339 2539 402 2581 ut
430 2525 688 2596 gentilium
717 2525 900 2580 utentes
933 2533 1066 2595 facta
1085 2525 1431 2596 promissione
1469 2535 1783 2584 converteret,
1814 2525 1891 2575 in-

336 2594 516 2666 gentia
580 2608 931 2651 comnwmoral
986 2594 1273 2664 pra’stitissc
1335 2594 1602 2648 Dominum
1655 2596 1891 2662 bene/icio

333 2668 662 2723 ChriJianis.

911 2775 1008 2815 (ῖοΜ
1020 2773 1324 2813 )IENTARIUS.

417 2849 546 2903 Cum
572 2850 850 2901 inrocarem
879 2849 1131 2901 exaudivit
1160 2865 1236 2900 me
1261 2847 1414 2902 Deus.
1449 2846 1686 2899 Psalmus
1710 2847 1791 2900 hic
1824 2856 1890 2898 ta—

339 2917 469 2972 liter
491 2918 788 2972 intitulatur
814 2937 824 2970 :
855 2917 914 2969 lu
945 2920 1095 2986 finem
1131 2920 1354 2982 psalmus
1384 2917 1560 2969 cantici
1594 2915 1773 2986 David.
1811 2918 1892 2969 Fi-

349 2990 436 3040 nis
465 2988 746 3056 dupliciter
796 2989 846 3042 in
895 2987 1178 3046 Scri.-turis
1227 2985 1765 3056 acripitur,_scilicet,
1806 2997 1895 3038 aut

347 3072 449 3124 pio
474 3054 898 3125 cohsomptione,
931 3063 1019 3109 aut
1049 3058 1140 3123 pro
1183 3054 1652 3120 eonsttmmationc,
1696 3055 1745 3107 id
1791 3067 1897 3117 est,

347 3141 450 3194 pro
502 3126 844 3192 perfectione.
897 3128 997 3181 Pro
1042 3126 1456 3192 eunsuinptione,
1503 3133 1559 3176 ut
1601 3138 1717 3176 cum
1762 3125 1889 3194 dici-

346 3193 468 3248 iuus
492 3212 506 3248 :
534 3195 685 3249 Panis
716 3199 890 3249 tinitus
919 3204 1020 3258 est,
1057 3195 1105 3248 id
1146 3203 1247 3258 est,
1279 3201 1620 3258 consumptus
1647 3203 1745 3246 est.
1785 3193 1886 3246 Pro

349 3265 678 3332 ιιεινΐιςειίοηε
703 3280 848 3328 vero,
874 3274 928 3317 ut
955 3281 1068 3315 cum
1098 3263 1317 3318 dicimus
1343 3281 1355 3316 :
1380 3260 1504 3315 Tela
1528 3261 1671 3314 linita
1697 3271 1800 3326 est,
1833 3264 1882 3314 id

344 3344 453 3398 est,
499 3335 728 3403 perlecta
777 3346 874 3387 est.
931 3335 982 3387 In
1029 3333 1126 3385 bac
1176 3334 1330 3403 igitur
1374 3332 1751 3403 signiﬁcatione
1794 3349 1884 3396 pro

347 3399 701 3471 perfectione,
752 3405 972 3465 scilicet,
1017 3403 1156 3467 linis,
1199 3402 1411 3455 Christo
1436 3399 1700 3471 convenit,
1731 3405 1880 3471 quod

349 3469 440 3525 est
479 3488 637 3527 verus
690 3474 827 3537 ﬁnis,
866 3483 919 3527 et
973 3471 1451 3540 perlectiorumbraa
1495 3469 1684 3522 veteris
1729 3470 1878 3536 legis.

347 3542 499 3596 Unde
527 3546 719 3595 dictum
744 3553 825 3595 est
849 3560 861 3593 :
887 3540 1030 3594 Finis
1059 3542 1180 3607 legis
1210 3539 1434 3595 Christus
1459 3549 1531 3590 est
1555 3540 1880 3606 adjustitiam

343 3613 483 3663 oumi
513 3612 752 3664 credenti.
785 3613 1074 3678 Apponitur
1098 3620 1271 3662 autem
1300 3612 1351 3662 in
1383 3612 1536 3661 linem
1570 3608 1679 3660 lucc
1709 3611 1878 3661 deter-

350 3682 765 3734 minaliotituhs
812 3681 1151 3748 quorumdam
1201 3681 1514 3748 psalmorum
1557 3678 1620 3729 ad
1669 3677 1874 3731 titialem

349 3748 540 3814 David,
574 3751 622 3803 id
652 3763 752 3811 est,
783 3757 845 3802 ad
869 3750 1153 3812 Christum,
1177 3747 1547 3812 tlenOlandutn,
1574 3747 1659 3814 qui
1688 3757 1738 3797 et
1763 3748 1877 3798 linis

345 3819 480 3886 legis
511 3831 630 3885 est;
661 3829 715 3874 et
759 3821 875 3873 linis
903 3822 1059 3873 etiam
1111 3833 1207 3877 res,
1230 3830 1346 3871 ectu
1381 3814 1875 3886 Ιιιειοιίςιιιδῇινίιί,

345 3885 465 3954 quia:
493 3889 608 3957 ejus
639 3891 818 3942 umbra
847 3894 900 3944 εἰ
946 3888 1109 3958 ﬁgura
1141 3890 1255 3952 luit,
1287 3889 1388 3939 dici
1435 3894 1627 3958 potest.
1659 3885 1879 3958 Signiﬁ-

341 3969 497 4010 catur
522 3956 648 4012 vero
669 3960 911 4012 Christus
942 3956 1105 4011 titulis
1143 3961 1195 4012 in
1225 3957 1532 4024 quibusdam
1575 3957 1669 4006 hac
1697 3956 1875 4006 detur-

343 4029 631 4081 minatione
657 4029 938 4096 aliquando
981 4035 1192 4093 propter
1221 4042 1299 4088 se,
1330 4041 1446 4096 cum
1480 4025 1709 4091 psalmus
1755 4041 1874 4090 pro-

346 4100 459 4163 prie
502 4098 688 4163 capitis
731 4095 830 4161 est,
863 4107 922 4149 ut
969 4097 1072 4151 hic.
1129 4095 1421 4159 Aliquando
1461 4108 1582 4145 vero
1628 4107 1719 4160 pro
1768 4102 1875 4163 toto

343 4162 592 4233 corpore,
626 4166 674 4220 id
727 4176 825 4226 est,
878 4167 1131 4230 Ecclesia,
1178 4166 1258 4220 vel
1286 4179 1377 4231 pro
1424 4163 1593 4229 aliquo
1644 4162 1875 4214 membro

347 4235 621 4296 Εειιεεὶίιε,
656 4235 703 4288 id
733 4247 832 4297 εει,
863 4235 1000 4289 ﬁdeli
1035 4236 1231 4302 aliquo,
1253 4237 1296 4289 si
1327 4233 1558 4300 psalmus
1583 4233 1733 4298 cujus
1759 4233 1875 4284 titu-

345 4305 427 4356 lus
459 4307 544 4359 ille
572 4304 744 4366 fuerit,
773 4305 842 4359 sit
867 4315 955 4357 aut
984 4321 1081 4358 vos
1125 4305 1280 4358 totius
1310 4303 1574 4367 Eccl‘esire,
1609 4311 1698 4354 aut
1725 4304 1875 4353 unius

344 4381 549 4426 tantum
597 4375 839 4438 membri,
872 4374 921 4427 id
966 4385 1067 4436 est,
1111 4374 1326 4441 alicujus
1368 4372 1541 4428 ﬁdelis
1570 4372 1779 4436 animae,
1822 4380 1875 4422 ut

345 4445 501 4496 Innlti
536 4444 753 4497 inferius
780 4445 1128 4497 invenientur.
1163 4444 1384 4496 Possunt
1415 4452 1583 4495 tamen
1607 4453 1657 4494 ει
1691 4441 1870 4493 Eccle-

1921 3168 1964 3225 C

1990 1886 2151 1954 tione,
2183 1893 2238 1937 et
2267 1886 2382 1938 ideo
2412 1886 2712 1953 intelligitur
2743 1902 2833 1954 per
2867 1889 3144 1947 canticum,
3178 1903 3207 1954 q
3233 1889 3294 1940 tia
3327 1892 3513 1953 jucuu.

1983 1952 2094 2003 dior
2119 1967 2216 2005 vox
2249 1968 2400 2019 quam
2456 1952 2686 2018 psalmus
2727 1952 2826 2020 est,
2879 1967 2934 2010 ut
2985 1971 3139 2022 Supra
3172 1952 3361 2008 dictum
3409 1969 3507 2010 est.

1985 2022 2274 2094 [inponitur
2322 2031 2515 2094 autem,
2564 2032 2622 2078 ut
2671 2026 2894 2079 breviter
2936 2026 3155 2088 dicatur,
3188 2027 3512 2092 supradictus

1984 2091 2058 2142 sic
2088 2106 2099 2141 :
2128 2091 2248 2144 Haec
2275 2091 2543 2158 sequentia
2570 2094 2728 2147 verba
2752 2110 2868 2162 qua:
2897 2104 3019 2148 sunt
3057 2091 3274 2158 psalmus
3313 2097 3516 2157 cantici,

1989 2170 2041 2210 ut
2063 2163 2355 2224 expositum
2388 2171 2487 2222 rst,
2517 2163 2872 2217 attribuuntur
2899 2165 3074 2224 David,
3111 2181 3208 2215 non
3240 2165 3512 2225 historiali,

1987 2233 2076 2279 sed
2119 2230 2277 2282 relato
2318 2231 2367 2281 in
2419 2231 2588 2294 ﬁnem,
2642 2235 2691 2283 id
2735 2243 2814 2284 est
2876 2234 3011 2284 ﬁnali
3062 2234 3237 2295 David,
3297 2233 3514 2296 scilicet,

1987 2296 2216 2359 Christo,
2248 2299 2336 2364 qui
2375 2299 2490 2351 linis
2521 2301 2647 2364 legis
2674 2314 2770 2354 εει.
2808 2302 2898 2353 Est
2927 2303 3063 2354 enim
3091 2303 3171 2354 hic
3209 2313 3344 2354 totus
3378 2307 3514 2368 psal-

1991 2381 2105 2419 mus
2131 2382 2228 2419 vox
2260 2368 2461 2436 capitis,
2489 2371 2733 2422 attributa
2757 2370 2802 2423 ei
2835 2382 2948 2431 post
2972 2373 3429 2424 resurrectionem.
3459 2373 3512 2424 lo

1988 2450 2092 2501 quo
2125 2437 2323 2502 psalmo
2353 2438 2574 2492 intendit
2604 2440 2798 2492 hortari
2830 2441 3029 2500 lideles,
3061 2451 3115 2493 ut
3140 2455 3273 2493 nuuc
3303 2441 3508 2493 interim

1990 2515 2140 2559 orent
2192 2517 2244 2559 et
2306 2506 2541 2559 laborent
2601 2523 2696 2575 pro
2748 2510 3083 2577 adipiscenda
3138 2511 3515 2564 resurrectimte

1994 2577 2175 2646 prima,
2209 2577 2260 2627 id
2289 2583 2388 2636 est,
2435 2586 2490 2628 ut
2534 2592 2561 2629 a
2602 2579 2735 2630 vitiis
2768 2579 2850 2631 hic
2895 2589 3182 2646 resurgant,
3211 2588 3267 2632 ιιι
3308 2582 3512 2632 tandem

1990 2644 2330 2714 cxandiantur
2373 2660 2466 2711 pro
2515 2649 2896 2699 resurrectione
2948 2644 3192 2706 secunda,
3246 2659 3399 2714 atque
3449 2651 3510 2700 ad

1993 2713 2155 2777 ipsam
2200 2714 2512 2784 pertingant.
2547 2717 2606 2767 Et
2657 2717 2808 2782 hujus
2851 2717 3201 2770 exauditionis
3247 2713 3510 2784 se’ipsum

1996 2783 2236 2848 prapouit
2267 2783 2416 2835 nobis
2442 2784 2760 2850 exemplum,
2788 2787 2873 2850 qui
2902 2787 3022 2850 quia
3054 2785 3204 2852 digne
3235 2783 3508 2849 ἱιινιιεεινὶι,

1994 2851 2264 2923 exauditus
2293 2861 2394 2916 est,
2439 2864 2493 2905 ut
2521 2865 2571 2906 ct
2603 2869 2696 2907 nos
2724 2854 2877 2923 digne
2925 2851 3163 2907 "micare
3190 2856 3510 2919 studeamus,

1996 2931 2051 2973 ut
2079 2921 2153 2991 sic
2180 2924 2537 2991 examliamur.
2569 2924 2621 2976 Si
2652 2926 2766 2989 quis
2786 2921 2964 2976 autem
2992 2939 3018 2975 a
3049 2924 3197 2977 nobis
3227 2937 3418 2991 qut-rat
3446 2941 3509 2976 au

1997 2992 2047 3042 in
2071 2989 2275 3043 Christo
2302 2989 2458 3060 fuerit
2505 2995 2816 3045 resurrectio
2847 2995 3027 3060 prima,
3062 2997 3188 3046 sciat
3226 2989 3433 3046 minimc
3461 2997 3510 3047 in

1984 3060 2266 3113 coluisse.
2297 3059 2406 3112 Non
2447 3069 2525 3112 cst
2571 3061 2707 3113 enim
2759 3059 3049 3127 resurgere,
3102 3063 3196 3116 nisi
3240 3063 3508 3127 cadentis;
3572 3122 3573 3125 η

1996 3130 2232 3182 Christus
2261 3143 2384 3182 vero
2413 3131 2549 3182 nullo
2580 3131 2732 3181 modo
2755 3132 2960 3192 cecidit,
2993 3134 3108 3197 quia
3140 3147 3306 3198 neque
3335 3145 3512 3185 actua-

1996 3199 2131 3262 liter,
2165 3213 2331 3262 neque
2381 3201 2616 3266 originali
2640 3216 2715 3252 er.
2748 3202 2891 3264 Quod
2935 3201 3202 3252 actualiter
3233 3219 3331 3251 nun
3379 3204 3512 3252 ceri—

1987 3266 2143 3332 derit,
2175 3276 2332 3333 patet.
2363 3269 2508 3320 Patet
2527 3285 2731 3337 quoque
2753 3270 2885 3334 quod
2913 3284 3004 3321 nec
3028 3270 3366 3334 originaliter.
3397 3269 3504 3322 Soli

1986 3353 2208 3404 namque
2252 3337 2322 3388 illi
2354 3353 2531 3389 casum
2576 3340 2840 3406 originalis
2873 3341 3064 3404 peccati
3111 3348 3388 3401 patiuntur,
3419 3342 3503 3405 qui

1984 3421 2075 3471 prr
2105 3420 2306 3472 pinnam
2332 3407 2495 3474 ipsius
2522 3408 2786 3475 originalis
2811 3409 3026 3474 petcati,
3057 3408 3104 3457 id
3135 3417 3230 3467 est,
3265 3421 3354 3473 per
3380 3421 3504 3459 cou-

1979 3476 2355 3539 rupisceutiam
2391 3480 2736 3543 generantur;
2761 3476 2994 3530 Christus
3025 3492 3146 3529 vero
3189 3492 3278 3540 per
3307 3490 3500 3528 concu-

1985 3545 2285 3609 piscentiam
2315 3557 2593 3612 generatus
2616 3562 2716 3598 nou
2742 3557 2840 3607 est,
2864 3548 2979 3614 quia
3007 3548 3118 3600 sine
3141 3546 3330 3598 carnali
3358 3545 3501 3598 dele-

1983 3617 2209 3665 t'tattone
2239 3616 2303 3664 de
2347 3615 2538 3679 Spiritu
2591 3628 2771 3666 sancto
2809 3629 3088 3682 conceptus
3134 3627 3234 3668 est.
3267 3615 3503 3667 Christus

1983 3696 2107 3748 ergo
2152 3682 2417 3748 originalis
2475 3689 2665 3748 peccati
2712 3698 2840 3737 Sane
2887 3701 3073 3747 expers
3118 3685 3368 3738 dicendus
3403 3695 3502 3738 cst.

1984 3749 2170 3805 Dicunt
2198 3761 2368 3803 tamen
2399 3755 2606 3820 quidam
2651 3768 2860 3805 carnem
2907 3755 3101 3807 Cltriui
3133 3771 3309 3805 casum
3351 3755 3506 3818 urigi—

1979 3820 2152 3874 nalem
2180 3821 2402 3887 quodam
2447 3823 2602 3874 modo
2633 3824 2886 3890 attigisse,
2918 3823 3253 3875 materialiter
3283 3825 3501 3880 scilicet,

1980 3893 2081 3940 non
2120 3892 2478 3957 personaliter.
2509 3894 2686 3944 Umnis
2714 3894 2849 3945 enim
2879 3908 3001 3945 raro
3032 3897 3079 3944 ιιι
3132 3894 3293 3944 Adam
3326 3907 3500 3943 casum

1978 3960 2322 4027 connuttniter
2351 3961 2577 4023 pertulit.
2616 3971 2679 4012 At
2710 3971 2880 4013 tamen
2911 3963 2995 4012 illa
3027 3978 3168 4021 caro,
3191 3979 3304 4027 qui:
3340 3962 3504 4011 γετιω

1977 4026 2216 4094 adjuncta
2248 4038 2326 4080 est
2360 4028 2480 4081 licet
2510 4044 2685 4081 casum
2725 4031 2971 4094 attigerit,
3004 4045 3136 4089 quau
3167 4026 3250 4079 uin
3283 4032 3345 4081 al
3394 4044 3500 4077 ma-

1979 4105 2182 4157 teriam,
2214 4097 2333 4163 quia
2364 4098 2428 4150 de
2451 4102 2643 4164 peccati
2673 4114 2829 4151 carne
2859 4108 2969 4149 nata
2994 4107 3091 4159 est,
3117 4108 3309 4161 tamen,
3339 4111 3504 4156 quau-

1980 4174 2085 4218 tntn
2119 4167 2180 4218 ad
2227 4183 2498 4232 personam
2529 4169 2744 4228 Christi,
2777 4182 2928 4218 casus
2958 4169 3124 4219 otuuis
3158 4182 3341 4233 expers
3365 4165 3505 4234 judi-

1977 4240 2138 4288 Canda
2169 4245 2268 4288 est.
2309 4233 2373 4287 Et
2417 4237 2466 4287 hi
2498 4237 2625 4288 tales
2675 4235 3047 4289 immunitatem
3091 4254 3118 4288 a
3165 4233 3501 4302 peccatopri-

1979 4319 2114 4355 mam
2143 4306 2574 4358 resurrectionem
2606 4307 2655 4358 in
2704 4307 2912 4358 Christo
2941 4307 3115 4358 dicunt
3147 4306 3502 4373 accipiendam

1976 4387 2116 4438 esse;
2144 4375 2304 4438 prima
2331 4390 2451 4427 vero
2490 4380 2748 4428 sententia
2789 4377 3054 4444 probatior
3080 4386 3180 4427 est.
3219 4376 3502 4427 Continua-

1978 4452 2059 4494 tur
2087 4455 2258 4496 autem
2287 4445 2454 4497 taliter
2483 4446 2564 4498 hic
2610 4448 2835 4511 psalmos
2865 4461 2876 4496 :
2909 4447 3012 4510 ligo
3042 4445 3248 4509 quidem
3299 4447 3362 4497 de
3398 4460 3500 4511 quo

344 4513 446 4574 sia,
476 4523 530 4582 et
554 4513 825 4582 quodlibet
848 4517 1138 4566 membrum
1168 4511 1426 4582 linisﬁdici,
1459 4520 1700 4577 respectu
1735 4511 1870 4582 illius
1907 4506 1952 4565 D
1981 4517 2241 4578 prouincia:
2275 4523 2349 4566 tot
2375 4524 2426 4566 et
2457 4524 2592 4566 tanta
2612 4506 2997 4580 "praedixerunt,
3028 4506 3211 4565 adsum
3241 4506 3496 4575 Vocaudo,

346 4579 549 4650 populi,
572 4579 665 4647 'qui
697 4583 793 4634 sub
818 4581 931 4649 lege
961 4582 1077 4645 fuit,
1109 4584 1242 4633 sicut
1267 4581 1500 4633 Christus
1532 4589 1769 4646 respectu
1802 4581 1856 4631 il-

345 4650 448 4702 lius
474 4649 658 4713 David,
690 4653 814 4717 quia
856 4661 908 4704 et
954 4661 1090 4703 totus
1119 4652 1203 4702 ille
1233 4651 1452 4720 populus
1483 4650 1662 4720 umbra
1695 4650 1866 4720 populi

346 4721 598 4773 Ιιεειεειω
624 4720 737 4785 [υἱι,
767 4732 818 4773 ει
863 4732 1036 4789 partes
1081 4717 1468 4786 illius'partium
1517 4717 1686 4789 istius.
1721 4717 1869 4789 Psal-

345 4803 466 4841 tnus
495 4798 722 4856 Quoque,
762 4797 818 4842 ut
863 4788 1017 4857 supra
1059 4791 1400 4857 dicttnnfest,
1433 4788 1642 4854 proprie
1682 4788 1872 4840 dicitur

345 4859 437 4910 il'a
465 4873 696 4912 consona
729 4856 950 4912 melodia
978 4875 1091 4926 qua:
1120 4860 1169 4910 iu
1199 4856 1395 4911 musico
1425 4862 1792 4920 instrumento,
1821 4858 1869 4908 id

342 4936 452 4991 est,
495 4929 762 4994 psalterio,
809 4944 934 4980 cum
974 4931 1182 4980 chordae
1225 4930 1494 4994 pulsantur
1522 4927 1586 4980 de
1615 4926 1870 4993 superiori

347 4998 519 5064 parte,
563 4998 817 5054 redditur.
863 4996 1132 5050 Canticum
1164 4997 1371 5062 proprie
1410 5003 1510 5056 est,
1541 4996 1868 5060 quandiTzili-

347 5067 465 5133 quis
493 5083 542 5117 tn
575 5068 817 5120 laudibus
850 5068 937 5120 Dei
966 5082 1083 5120 cum
1126 5066 1301 5117 laetitia
1342 5067 1501 5116 utitur
1533 5067 1692 5116 libera
1721 5079 1868 5125 voce,

346 5136 494 5188 nullo
520 5149 652 5187 sono
681 5137 862 5189 ιιιυείιή
894 5136 1220 5195 instrumenti
1260 5134 1585 5187 concinente.
1618 5134 1744 5197 Qua:
1775 5150 1869 5185 vox

342 5203 622 5272 jucundior
648 5220 777 5259 sono
807 5207 1132 5259 instrumenti
1177 5206 1312 5271 ejus.
1357 5202 1475 5270 quia
1504 5212 1555 5254 et
1599 5205 1869 5256 Itielodiain

346 5276 488 5326 illam
528 5290 680 5342 quam
712 5289 889 5337 sonus,
935 5288 986 5329 et
1018 5287 1263 5340 praeterea
1300 5287 1453 5326 voces
1479 5281 1753 5339 expressas
1778 5278 1871 5324 ha-

351 5343 457 5397 bet.
487 5343 724 5398 Psalmus
761 5355 933 5396 autem
965 5345 1153 5397 cantici
1183 5355 1282 5409 est,
1313 5343 1518 5410 quando
1547 5343 1873 5407 prazcedente

345 5426 482 5465 sono
524 5416 707 5468 musici
736 5414 1064 5468 instrumenti
1098 5416 1258 5467 libera
1289 5428 1385 5465 vox
1437 5411 1686 5477 sequitur,
1716 5419 1872 5476 atque

344 5483 395 5534 ei
428 5483 479 5533 in
509 5484 732 5537 melodis
757 5486 1064 5550 associatur,
1096 5485 1230 5536 sicut
1257 5498 1286 5535 e
1318 5484 1581 5535 contrario
1613 5485 1872 5534 canticum

349 5552 536 5618 psalmi
584 5554 794 5618 dicitur,
836 5554 1041 5622 quando
1073 5555 1385 5620 praciuente
1428 5553 1587 5605 choro
1621 5564 1871 5622 organum

345 5622 411 5672 ad
439 5631 623 5675 cantus
647 5619 920 5678 melodiatn
945 5619 1236 5679 leniendam
1265 5622 1617 5686 Subsequitur,
1649 5621 1785 5685 qUod
1819 5619 1871 5671 iu

347 5691 658 5752 qu:busdam
713 5693 955 5748 Ecclesiis
1004 5696 1138 5748 solet
1184 5692 1316 5745 lleri.
1355 5690 1690 5751 Valdeeuim
1721 5690 1873 5742 dulce

339 5769 454 5826 εει,
499 5762 704 5832 quando
746 5765 842 5820 hoc
885 5776 1186 5834 utrumque,
1236 5762 1392 5819 verba
1441 5759 1637 5814 scilicet
1681 5771 1730 5814 ct
1775 5775 1868 5815 vox

1972 4587 2034 4632 a-l
2067 4584 2219 4634 litem
2248 4590 2457 4636 vocatos
2482 4581 2836 4650 justilicando,
2865 4585 3026 4636 υειιιιι
3061 4583 3265 4635 Patrem
3293 4600 3384 4648 pro
3411 4597 3496 4635 re-

1972 4651 2305 4704 surrectionis
2333 4651 2705 4714 clariticatiope
2734 4652 3042 4706 introeundi).
3077 4652 3141 4704 Et
3165 4668 3337 4719 vo~,o
3372 4653 3498 4703 iide-

1959 4723 2065 4784 les,
2093 4720 2332 4785 exemplo
2383 4734 2498 4772 meo
2548 4722 2806 4786 invocate,
2850 4724 2967 4789 quia
3016 4724 3058 4773 si
3108 4722 3494 4782 iuroeaveritis,

1968 4789 2312 4842 exaudiennui
2345 4808 2356 4841 :
2389 4790 2523 4842 sicut
2568 4799 2621 4845 et
2644 4806 2741 4858 ego
2776 4792 3047 4845 exauditus
3087 4803 3229 4851 siml;
3259 4789 3396 4854 quod
3425 4789 3499 4841 sic

1970 4858 2126 4911 dicit:
2155 4859 2288 4912 Deus
2317 4870 2499 4912 auctor
2522 4859 2739 4927 justitia:
2771 4877 2898 4912 mea:
2939 4859 3201 4911 exaudivit
3234 4873 3317 4908 me
3346 4858 3498 4909 clari-

1973 4929 2174 4981 licando
2220 4945 2302 4981 me
2347 4930 2748 4984 resurrccmuie.
2790 4929 2913 4980 Cum
2961 4929 3259 4991 invocarem,
3314 4927 3363 4977 id
3398 4939 3494 4986 est.

1967 5001 2092 5066 quia
2121 5013 2238 5052 eutn
2269 4998 2318 5050 in
2347 5015 2448 5059 me,
2483 5014 2582 5050 non
2627 5013 2830 5060 aurum,
2864 5012 2963 5049 non
2996 4997 3201 5064 aliquod
3246 4996 3382 5047 aliud
3408 5011 3496 5046 vu-

1971 5065 2106 5133 cavi,
2157 5069 2207 5121 iu
2257 5069 2369 5134 ejus
2397 5068 2599 5120 scilicet
2648 5069 2912 5120 voluntate
2958 5068 3307 5132 persisteudo,
3347 5077 3399 5118 et
3445 5065 3493 5116 in

1974 5140 2113 5199 nullo
2143 5137 2473 5199 a‘prt-ceptis
2517 5136 2631 5202 ejus
2681 5137 2996 5189 aberrando.
3036 5136 3189 5188 Aliud
3233 5138 3371 5188 enim
3415 5145 3490 5185 est

1975 5225 2038 5260 vo
2071 5223 2161 5259 are
2184 5206 2366 5269 Deum,
2391 5207 2527 5256 aliud
2557 5220 2819 5260 invocare.
2848 5206 2938 5258 llle
2965 5207 3125 5259 Deum
3155 5206 3379 5267 ἰιινυειιι,
3409 5206 3491 5266 qui

1975 5284 2139 5343 ipsum
2191 5276 2350 5327 Deuttt
2401 5276 2450 5326 in
2502 5289 2560 5327 se
2602 5288 2771 5339 vocat,
2808 5285 3014 5340 propter
3041 5291 3098 5327 se
3148 5292 3263 5326 eum
3296 5283 3348 5326 et
3395 5286 3494 5323 ItOu

1977 5356 2185 5411 propter
2223 5346 2385 5406 aliud,
2431 5352 2484 5396 et
2521 5345 2640 5412 quia
2685 5346 2935 5409 adimplet
2962 5359 3076 5412 qua!
3111 5346 3493 5409 pr.u-cipitmtur.

1977 5420 2061 5468 llic
2092 5430 2212 5467 vero
2255 5426 2418 5477 vocat,
2450 5427 2534 5480 qui
2565 5415 2710 5475 dicit,
2759 5414 2985 5477 Domine,
3042 5412 3264 5472 Danum,
3311 5420 3363 5462 et
3394 5429 3492 5462 nun

1975 5485 2095 5538 l’ucit
2124 5497 2240 5551 qua:
2269 5487 2653 5551 praecipiuntur,
2675 5492 2729 5535 et
2760 5482 2919 5535 Deum
2951 5497 3051 5532 non
3082 5491 3286 5551 promer
3313 5481 3491 5542 Deu-u,

1974 5557 2063 5608 sed
2089 5549 2296 5620 propter
2318 5555 2452 5604 aliud
2486 5563 2650 5604 vocat.
2685 5553 2906 5605 iustitia:
2938 5566 3066 5602 mese
3095 5549 3226 5620 Deus
3257 5551 3397 5620 diclt,
3432 5552 3491 5598 ad

1975 5616 2348 5677 retunde-udam
2378 5623 2673 5688 superbiam
2706 5633 2958 5676 nostram,
2993 5634 3073 5691 qui
3104 5616 3337 5691 denobis
3362 5631 3492 5682 pne-

1975 5696 2244 5764 sinuimus,
2285 5693 2421 5759 quod
2447 5685 2547 5764 ille
2574 5693 2661 5758 qui
2707 5691 2983 5764 coaequatis
3015 5689 3062 5764 in
3089 5685 3259 5764 divina
3309 5701 3489 5738 nauta

1975 5775 2080 5819 crat
2109 5754 2266 5831 Patri,
2300 5754 2468 5818 lacere
2490 5761 2552 5816 de
2573 5754 2631 5818 se
2657 5754 2984 5816 temerat-imo
3010 5754 3277 5823 judicavit.
