3914 6228
434 322 537 376 503

893 319 1091 372 RBDA
1130 315 1575 374 VENEliABlLlS
1604 311 1751 373 0P9.
1792 317 1962 371 PARS
1999 317 2062 371 ll.
2103 319 2289 374 SliCT.
2332 322 2365 375 l.
2413 351 2473 360 —-
2520 320 2713 377 DUllt.\
2758 320 2843 375 ΕΤ
2885 321 3147 376 SPURM.

3543 324 3653 376 ἵζοι

510 434 569 487 In
597 435 934 504 tribulatione.
963 433 1319 504 Convertitgse
1348 430 1693 504 captitipsttm
1716 429 1779 504 ad
1807 432 1967 504 Deum
2002 432 2043 489 Α
2072 431 2163 504 sub
2191 434 2311 484 sole.
2348 433 2597 504 Dicuntur
2627 434 2784 504 etiam
2836 434 3129 493 mendacia.
3171 435 3298 502 quia
3331 438 3475 501 Quod
3517 452 3648 504 pro-

434 504 639 557 P.ttrem
674 503 1022 568 familiariter,
1041 504 1187 569 quasi
1221 502 1398 556 dicat:
1426 500 1558 553 Vere
1580 499 1833 569 exaudiin
1859 514 1963 569 me,

432 575 551 641 quia
582 572 802 641 dilatasti
832 571 954 624 mihi
995 568 1165 641 posito
1202 588 1253 641 in
1294 570 1647 641 tribtilatione,_
1679 568 1728 641 id
1767 576 1867 641 est,
1901 568 1967 621 de

431 636 667 711 angustia
701 636 1100 711 tribulationum,
1123 638 1395 711 deduxisti,
1430 653 1514 711 me
1555 638 1607 687 in
1637 636 1965 711 latitudinem

432 705 757 775 gaudiorum.
789 709 937 775 Quod
967 709 1140 775 duplic
1167 716 1246 761 ter
1289 706 1455 774 accipi
1503 714 1694 774 potest,
1740 705 1963 775 scilicet,

430 774 571 842 quod
626 782 702 833 vel
760 774 879 842 post.
928 777 1315 830 tribulationem
1369 777 1625 843 passionis
1684 774 1966 828 deduxerit

430 864 548 900 cum
577 849 628 901 in
663 846 990 901 latitudinem
1034 846 1361 915 gaudiorum,
1404 846 1454 897 id
1484 856 1585 907 est,
1616 858 1777 915 super
1797 844 1962 915 coele-

429 917 524 969 stia
554 917 688 970 bona
736 931 852 983 quas
880 926 936 967 et
960 912 1131 982 ampla
1179 929 1231 968 et
1260 924 1453 969 aeterna
1479 921 1605 967 sunt
1628 930 1651 976 ;,
1673 912 1753 964 vel
1796 913 1963 979 ipsum

431 988 653 1063 positum
685 986 735 1038 in
756 982 1111 1063 tribulatione
1144 994 1506 1063 peccatorum,
1542 982 1596 1035 id
1638 990 1741 1044 est,
1766 990 1961 1063 'natum

431 1050 565 1107 inter
592 1061 911 1119 peccatores,
944 1063 999 1106 et
1026 1064 1395 1107 conversatum
1440 1054 1577 1106 inter
1602 1065 1729 1113 eos,
1748 1050 1966 1103 deduxit

432 1123 567 1176 Deus
594 1124 749 1177 Pater
768 1123 817 1175 in
851 1122 1176 1175 latitudinem
1208 1124 1539 1189 gaudiorum,
1560 1121 1619 1172 id
1642 1130 1747 1189 est,
1779 1120 1828 1170 in
1854 1120 1965 1186 ple-

428 1193 626 1245 nariom
667 1193 888 1260 gratiam
915 1192 1186 1251 virtutum,
1214 1188 1336 1259 quia
1384 1199 1439 1243 et
1481 1188 1733 1260 immunis
1775 1202 1960 1260 apoc-

427 1271 542 1312 ran
574 1255 694 1325 fuit;
734 1269 788 1314 et
831 1276 1037 1312 omnem
1086 1255 1329 1312 virtutem
1381 1260 1435 1311 in.
1482 1272 1538 1310 se
1581 1255 1963 1310 habuit.’Undc

427 1330 621 1381 dictum
661 1340 743 1383 est
766 1348 775 1357 ·
803 1328 867 1381 In
895 1346 924 1395 ιι
944 1345 992 1379 ω
1021 1331 1114 1380 Imb
1136 1338 1205 1379 tot
1234 1326 1683 1395 onmisplenitudo
1724 1326 1960 1378 divinita-

428 1399 511 1450 tis.
544 1398 608 1450 Et
636 1400 761 1451 item
791 1413 805 1451 :
832 1394 1090 1449 Benedixit
1130 1405 1175 1449 te
1206 1395 1342 1449 Deus
1392 1394 1525 1447 Deus
1547 1406 1689 1458 tm,
1714 1409 1820 1461 pra:
1846 1410 1960 1460 par-

384 1470 399 1485 ’
428 1467 658 1534 ticipibus
680 1467 802 1530 tuis,
835 1476 937 1519 etc.
975 1466 1093 1518 Non
1124 1466 1209 1518 dat
1235 1465 1369 1517 Deus
1392 1466 1459 1516 ad
1482 1480 1767 1517 mensuram
1789 1464 1958 1534 Spiri-

427 1533 533 1603 tum
552 1551 716 1599 suum,
744 1546 801 1588 et
824 1537 967 1603 plura
1009 1536 1148 1588 talia.
1186 1534 1432 1603 Augustin
1456 1534 1684 1603 pertinet
1703 1534 1773 1585 ad
1796 1533 1960 1584 tribu-

427 1602 696 1664 lationem,
729 1601 865 1657 sicut
894 1605 1112 1656 latitudo
1138 1604 1201 1655 ad
1230 1602 1501 1669 gaudium.
1525 1601 1659 1655 Nam
1677 1606 1815 1653 sicut
1832 1614 1961 1663 gau-

427 1672 569 1724 dium
601 1683 829 1725 mentem
870 1674 1078 1736 dilatat,
1122 1674 1190 1726 ita
1223 1668 1489 1724 tribulatio
1516 1679 1778 1737 angustat.
1813 1668 1959 1722 Unde

425 1739 617 1793 dictmn
644 1752 726 1794 est
750 1758 764 1793 :
786 1741 1065 1795 Tribulutio
1108 1752 1153 1795 et
1184 1744 1414 1806 angustia
1440 1742 1492 1792 in
1523 1755 1718 1791 onmem
1742 1738 1958 1791 animam

426 1812 680 1873 operculis
713 1813 918 1862 malum.
951 1813 1075 1863 Nam
1104 1811 1339 1876 sequitur
1370 1810 1757 1862 tribulationem
1788 1822 1962 1874 angu-

424 1877 544 1929 stia.
591 1877 678 1931 Vel
709 1880 898 1932 aliter:
925 1880 1163 1932 Dilatasti
1204 1878 1347 1939 mihi,
1377 1879 1424 1930 id
1469 1887 1577 1941 est,
1606 1878 1878 1930 dilatatam
1909 1887 1962 1929 et

424 1948 655 2007 amplum
705 1962 797 2001 cor
828 1949 878 1999 iu
929 1950 1186 2001 charitate
1233 1948 1421 1999 dedisti
1474 1950 1623 2010 mihi,
1657 1949 1715 2000 in
1750 1946 1962 2000 tribula-

424 2013 588 2072 tione.
637 2016 685 2069 id
736 2025 835 2079 est,
885 2018 935 2069 in
969 2016 1229 2083 passione,
1278 2016 1499 2081 scilicet,
1543 2027 1602 2068 ut
1646 2032 1748 2069 non
1791 2016 1960 2068 solum

424 2083 654 2138 Charitas
681 2088 852 2140 cordis
882 2089 980 2140 mei
1006 2086 1381 2139 exleitderetur
1410 2101 1503 2151 per
1526 2099 1711 2139 omnes
1740 2084 1958 2150 amicos,

422 2152 515 2204 sed
544 2157 700 2208 etiam
733 2158 795 2207 ad
828 2157 1087 2209 inimicos.
1122 2156 1308 2208 Oravit
1333 2156 1471 2207 enim
1501 2156 1550 2207 in
1579 2155 1825 2222 possimne
1858 2153 1962 2205 Do-

422 2221 596 2275 minus
625 2235 802 2278 noster
837 2239 929 2289 pro
959 2226 1201 2283 inimicis,
1225 2224 1406 2277 dicens
1432 2241 1442 2274 :
1474 2221 1645 2288 Pater,
1676 2225 1874 2290 ignosce
1900 2222 1963 2273 il-

423 2291 519 2361 lis,
544 2294 663 2361 quia
712 2296 941 2346 nesciunt
989 2294 1119 2360 quod
1153 2294 1364 2360 faciunt.
1399 2292 1469 2343 De
1519 2293 1615 2344 hac
1660 2291 1961 2344 dilatatione

420 2359 612 2411 dicitur
640 2380 651 2413 :
678 2362 829 2415 Arcto
870 2364 946 2413 via
972 2359 1063 2426 est,
1108 2359 1219 2428 qua:
1259 2362 1393 2412 ducit
1418 2361 1482 2412 ad
1514 2363 1686 2413 vitam.
1720 2360 1824 2411 Hae
1855 2374 1958 2412 non

422 2429 674 2492 curritur,
726 2432 823 2482 nisi
874 2432 1089 2483 dilatato
1130 2430 1313 2482 corde.
1370 2428 1507 2482 Solis
1554 2430 1694 2482 enim
1739 2428 1839 2481 illis
1868 2430 1957 2495 qui

423 2495 557 2565 hanc
586 2496 778 2552 habent
806 2500 1185 2559 dilatationcut,
1228 2510 1279 2551 et
1311 2501 1385 2550 sic
1416 2513 1588 2551 veram
1625 2499 1843 2565 proximi
1874 2500 1955 2549 di-

418 2563 721 2631 lectionem,
762 2569 880 2623 sine
926 2585 1029 2636 qua
1075 2569 1245 2621 dit-ina
1291 2568 1469 2620 haberi
1519 2563 1635 2619 non
1653 2576 1843 2633 potest,
1874 2569 1955 2619 via

420 2636 541 2687 vita
569 2651 686 2702 qua:
714 2637 830 2691 aliis
855 2647 996 2691 arcta
1026 2648 1126 2701 est,
1154 2638 1382 2705 spatiosa
1411 2646 1468 2689 et
1492 2637 1666 2705 pervia
1705 2648 1807 2698 est,
1837 2636 1954 2702 quia

419 2704 562 2773 omni
592 2707 965 2773 impedimento
991 2704 1197 2759 carent;
1220 2706 1315 2758 Vel
1341 2706 1508 2757 allter;
1555 2704 1792 2757 Dilatasti
1812 2705 1954 2765 mihi,

418 2770 474 2824 id
502 2780 603 2843 est,
638 2770 800 2828 latum
827 2783 880 2828 et
925 2776 1151 2843 amplum
1194 2788 1287 2826 cor
1314 2774 1505 2826 dedisti
1551 2773 1701 2834 mihi,
1732 2774 1951 2836 scilicet,

418 2850 476 2893 ιιι
519 2842 571 2898 in
638 2845 746 2913 ipsa
814 2842 1142 2900 tribulatione
1217 2844 1488 2913 gloriarer,
1537 2844 1708 2896 sciens
1760 2844 1951 2896 bonum

418 2910 670 2981 magnum
690 2929 753 2968 ex
780 2928 839 2968 ea
886 2930 969 2968 me
996 2910 1265 2981 consequi.
1303 2910 1448 2965 Unde
1476 2913 1603 2966 dicit
1630 2914 1912 2981 Aposwlns
1936 2928 1951 2964 :

425 2977 541 3051 Non
567 2983 728 3037 solum
763 2986 1003 3051 patimur,
1032 2983 1119 3037 sed
1147 2977 1195 3036 et
1230 2982 1509 3050 gloriamur
1536 2983 1587 3032 in
1616 2979 1954 3032 tribulationi-

1997 1759 2036 1815 Β

2074 501 2319 564 mittunt,
2369 502 2737 555 sufficientiam
2769 504 2971 557 scilicet
3018 514 3073 557 et
3122 507 3473 570 opulentiam,
3517 501 3644 556 ’μου

2068 569 2217 639 dant.
2261 571 2413 624 Unde
2441 580 2680 638 apparet,
2717 575 2837 639 quia
2884 569 3259 628 beatitudinem
3292 588 3396 627 non
3430 575 3636 628 ferunt.

2137 637 2203 690 Et
2225 642 2416 703 scitote,
2440 637 2577 706 quia.
2623 637 2778 704 Quasi
2828 640 3004 693 dicat:
3042 641 3100 693 Et
3146 653 3201 694 ut
3242 644 3476 709 amplius
3532 661 3641 695 non

2066 710 2317 778 quaeratis
2364 709 2737 763 beatitudinem
2785 710 2835 762 in
2870 712 3034 773 ranis,
3076 712 3251 763 scitote
3291 727 3399 778 me,
3436 714 3489 764 id
3530 723 3639 774 est,

2065 777 2393 848 considerate
2418 793 2522 840 tne,
2557 778 2787 848 nonjam
2818 779 3018 848 scilicet
3046 779 3340 844 carnalem,
3387 796 3493 835 non
3526 783 3637 833 fra-

2064 845 2245 912 gilem,
2274 847 2364 899 sed
2408 847 2778 909 immortalem,
2819 846 3290 913 incorrttptibilem,
3338 852 3639 902 exaltatum

2064 926 2224 981 super
2253 929 2435 968 omnes
2474 916 2660 977 eteius,
2700 917 2818 983 quia
2849 915 2918 969 de
2960 918 3107 969 vanis
3135 931 3237 969 non
3264 920 3471 971 curavi.
3516 918 3642 974 Sci-

2065 990 2181 1052 tote,
2211 985 2442 1047 inquam,
2477 1000 2580 1045 me,
2613 984 2730 1051 quia
2765 986 3060 1052 propositus
3102 999 3217 1037 sum
3256 986 3408 1041 vobis
3438 1003 3637 1042 exem-

2066 1051 2229 1117 plum.
2275 1052 2403 1105 Nam
2450 1053 2704 1106 Dominus
2748 1051 2901 1106 Pater
2945 1068 3031 1106 me
3073 1063 3314 1107 sanctum
3361 1072 3543 1120 suum,
3586 1056 3636 1108 id

2063 1129 2141 1173 est
2159 1136 2312 1189 quem
2337 1122 2446 1187 ipse
2470 1122 2754 1176 immunem
2773 1122 2893 1175 fecit
2912 1136 2940 1174 a
2965 1123 3213 1189 peccatis,
3233 1135 3288 1178 et
3304 1140 3408 1176 non
3432 1140 3634 1178 curan-

2066 1197 2169 1242 tem
2204 1205 2355 1253 vana,
2384 1190 2585 1244 scilicet
2631 1204 2871 1243 sanctum
2921 1202 3251 1257 sanctorum,
3290 1194 3453 1246 Deum
3500 1194 3634 1247 den-

2064 1273 2198 1321 rum,
2229 1260 2534 1323 miriﬁcavit,
2583 1260 2631 1312 id
2673 1269 2777 1323 est,
2809 1260 2957 1326 quasi
2995 1260 3259 1325 quoddam
3301 1262 3547 1316 mirabile
3581 1272 3637 1315 et

2064 1327 2411 1381 desiderabile
2436 1328 2706 1395 proposuit
2736 1330 2906 1392 vobis,
2939 1338 2996 1380 ut
3017 1342 3109 1381 vos
3132 1329 3374 1384 videntes
3399 1346 3485 1383 me
3512 1333 3633 1384 cla-

2061 1397 2322 1449 rilicatum
2373 1399 2773 1462 resurrectione,
2833 1398 3262 1464 conregnatione-
3294 1415 3379 1453 me
3431 1401 3633 1453 imitati

2063 1465 2365 1528 studeretis,
2385 1466 2696 1535 laborantes
2729 1466 2814 1518 hic
2853 1481 2947 1533 pro
2991 1468 3383 1521 resurrectione
3428 1471 3627 1535 prima,

2064 1543 2118 1585 ut
2144 1534 2497 1605 vosntaudetn
2524 1537 2814 1605 susciperet
2859 1536 3111 1589 secunda.
3162 1535 3457 1605 Miriﬁcasit
3491 1554 3630 1591 con-

2062 1615 2192 1667 grue
2217 1602 2343 1655 dicit
2372 1620 2383 1653 :
2415 1603 2536 1670 quid
2563 1605 2704 1657 enim
2746 1605 2909 1669 magis
2940 1605 3129 1657 mirum
3160 1608 3239 1657 vel
3268 1602 3633 1661 desiderabile

2063 1672 2141 1741 rei
2172 1672 2401 1735 mortali,
2435 1673 2664 1739 possibili
2692 1682 2747 1741 et
2795 1672 3129 1733 transitoria,
3177 1689 3331 1739 quam
3377 1677 3515 1741 quod
3547 1686 3633 1729 est

2062 1740 2381 1863 {tuimur-Itale,
2411 1739 2733 1809 impassibile
2763 1750 2815 1796 et
2843 1752 3097 1794 aeternum
3126 1744 3290 1796 videri
3331 1739 3511 1809 debet,
3541 1748 3651 1797 ιιι--

2104 1828 2113 1860 l
2164 1826 2238 1863 set
2266 1819 2385 1863 tcet.

2104 1810 2134 1860 il
2164 1810 2385 1864 scilicet.

2133 1878 2380 1933 Dominus
2420 1880 2650 1932 exaudiet
2683 1895 2777 1932 me.
2824 1878 2951 1932 Item
2984 1880 3231 1934 transfert
3278 1894 3336 1934 se
3366 1881 3432 1935 ad
3479 1882 3623 1943 illos,

2065 1948 2286 2018 loquens
2321 1949 2389 2002 de
2420 1948 2536 2018 illis
2564 1959 2826 2018 tauquam,
2850 1949 2914 2003 de
2943 1963 3024 2003 se.
3058 1952 3216 2015 Quasi
3261 1950 3442 2003 dicat:
3475 1951 3627 2005 Sicut

2063 2016 2149 2072 me
2176 2017 2472 2072 miriﬁcavit
2515 2016 2768 2070 Dominus
2809 2017 2981 2081 Pater,
3015 2021 3201 2073 eodem
3246 2021 3407 2072 modo
3435 2020 3626 2073 miriti-

2061 2087 2202 2141 cabit
2230 2102 2341 2151 vos,
2367 2086 2408 2137 si
2459 2085 2644 2138 imitati
2692 2083 2897 2139 fueritis
2926 2103 3029 2141 me.
3059 2087 3188 2139 Nam
3240 2090 3493 2143 exaudiet
3526 2104 3623 2141 vos

2062 2171 2157 2221 pro
2200 2153 2573 2225 clztrilicalione
2621 2157 2865 2208 secunda:
2896 2157 3326 2219 resurrectionis,
3372 2175 3488 2209 cum
3521 2174 3625 2225 ego

2059 2228 2359 2295 clamarem,
2391 2222 2439 2276 id
2468 2231 2570 2295 est,
2600 2239 2719 2276 cum
2749 2238 2846 2287 ego
2886 2225 3113 2278 clamare
3157 2240 3252 2277 vos
3280 2240 3419 2281 voce
3442 2222 3623 2281 cordis

2061 2293 2265 2355 faciam,
2313 2308 2405 2361 pro
2436 2294 2600 2361 prima
2649 2294 3053 2355 resurrecdoue,
3108 2296 3386 2349 tendentes
3431 2298 3496 2348 ad
3546 2296 3621 2347 il-

2059 2363 2185 2424 lum,
2218 2362 2266 2415 id
2305 2360 2405 2424 est,
2457 2360 2589 2413 nihil
2642 2371 2832 2427 praeter
2859 2362 3029 2429 ipsum
3081 2365 3435 2426 pustulantes,
3484 2365 3622 2417 sicut

2058 2445 2157 2484 nec
2184 2445 2280 2498 ego
2311 2430 2434 2483 feci.
2482 2428 2725 2500 Clamare
2774 2446 2833 2483 se
2882 2428 3022 2484 recte
3059 2432 3209 2493 dicit,
3242 2432 3294 2485 iu
3346 2434 3452 2486 illis
3484 2448 3617 2500 quos

2054 2497 2287 2552 clamare
2314 2500 2456 2569 facit.
2486 2497 2613 2569 Nam
2645 2502 2843 2552 clamor
2873 2501 2959 2552 ille
2990 2514 3118 2569 suus
3154 2511 3236 2554 est
3266 2543 3278 2561 ,
3307 2501 3458 2569 juxta
3492 2497 3615 2554 illud

2054 2569 2192 2632 quod
2212 2568 2484 2639 alibidicit
2512 2566 2671 2639 :_No_u
2691 2582 2774 2639 nos
2799 2569 2914 2639 estis
2931 2568 3028 2639 qui
3057 2566 3342 2639 loquimini,
3373 2572 3464 2622 sed
3497 2571 3617 2639 Spi-

2054 2640 2177 2689 ritus
2206 2633 2374 2689 Potris
2400 2636 2547 2689 vestri
2568 2636 2649 2701 qui
2681 2637 2898 2703 loquitur
2922 2633 2973 2688 in
3005 2633 3159 2690 vobis.

2123 2703 2413 2757 Irascimini
2455 2715 2500 2757 et
2531 2705 2699 2757 nolite.
2738 2705 2899 2770 Quasi
2939 2706 3076 2758 dicat
3108 2724 3120 2757 :
3157 2706 3221 2759 Et
3271 2716 3328 2759 ut
3371 2709 3614 2762 exaudiri

2051 2772 2382 2835 mereantitti,
2406 2774 2687 2826 irascimini
2712 2774 2860 2827 vobis
2889 2773 2956 2844 de
2986 2778 3273 2844 praeterito,
3310 2777 3361 2828 id
3387 2789 3491 2844 cst,
3527 2794 3617 2831 vos

2050 2846 2137 2912 qui
2165 2843 2421 2915 judicatis_
2445 2845 2626 2915 aliena
2648 2853 2896 2915 peccata,_
2911 2842 3113 2915 iudices
3149 2846 3310 2897 vestri
3344 2842 3485 2912 sitis,
3523 2863 3617 2915 pu-

2052 2914 2257 2966 nientes
2286 2927 2379 2967 vos
2412 2913 2553 2981 ipsos
2597 2913 2664 2965 de
2694 2912 2971 2979 prieteritis
3002 2914 3174 2974 malis,
3209 2923 3263 2967 et
3308 2917 3379 2967 de
3409 2912 3615 2981 reliquo

2051 2983 2205 3035 nolite
2243 2998 2468 3049 peccare,
2522 2981 2573 3034 id
2605 2991 2706 3045 est,
2739 2981 2993 3034 cautelam
3043 2984 3295 3047 peccandi
3330 2985 3383 3037 itt
3436 2988 3611 3038 futuro

420 3048 532 3141 ius,
560 3048 1050 3141 scientes‘quouiam
1079 3048 1335 3141 tribpla‘tio
1377 3051 1667 3116 patientium
1695 3058 1951 3141 operatur,
1984 3077 2032 3141 ο
2060 3048 2315 3134 habeatis.
2349 3054 2408 3102 Et
2428 3053 2595 3131 siqua
2617 3051 2945 3141 correctione
2965 3050 3131 3141 digna.
3151 3051 3349 3131 dicitis,
3384 3054 3432 3106 in
3466 3070 3612 3141 nien-

418 3122 662 3183 pntientia
688 3123 1047 3187 probationem,
1078 3121 1308 3189 probatio
1333 3134 1447 3171 vero
1468 3134 1637 3187 spem,
1660 3133 1772 3189 spes
1790 3128 1955 3171 autem

416 3201 516 3238 nou
546 3203 639 3242 con
649 3190 831 3244 fundit.

490 3255 730 3328 Miserere
768 3261 881 3313 mei.
927 3258 1021 3314 llic
1074 3265 1233 3328 caput
1279 3267 1397 3313 orat
1439 3272 1533 3328 pro
1586 3258 1857 3321 membris,
1904 3270 1963 3313 ut

421 3322 558 3396 Deus
588 3326 744 3382 Pater
770 3330 1013 3384 exaudiat
1060 3322 1154 3391 (τί
1194 3343 1330 3383 nunc
1376 3322 1584 3382 inierim
1613 3329 1815 3380 orantia
1866 3343 1960 3396 pro

417 3394 584 3463 prima
630 3401 1034 3457 resurrectione,
1086 3407 1143 3450 ut
1171 3397 1379 3450 tandem
1409 3396 1717 3463 perveniant
1762 3397 1825 3449 ad
1867 3394 1960 3450 ἐει

416 3465 664 3534 qundam.
694 3466 758 3521 Et
789 3469 1013 3534 loquitur
1040 3466 1105 3519 de
1140 3466 1267 3529 ipsis
1296 3467 1441 3532 quasi
1482 3464 1549 3517 de
1577 3479 1656 3529 se,
1698 3479 1760 3517 ac
1797 3466 1840 3517 si
1874 3468 1954 3519 di-

417 3540 539 3582 cat:
567 3533 669 3597 Tu,
718 3533 892 3595 Pater.
937 3535 1025 3601 qui
1058 3550 1140 3589 me
1184 3534 1464 3601 exaudisti,
1513 3535 1767 3587 miserere
1797 3536 1956 3588 etiam

417 3602 542 3669 mei,
578 3602 626 3653 id
656 3612 757 3667 est,
803 3600 1059 3669 uicorum,
1090 3611 1143 3656 et
1190 3604 1278 3654 tali
1324 3600 1676 3665 miseratione,
1706 3615 1762 3655 ιιι
1789 3618 1958 3657 exau-

417 3667 529 3720 tlias
556 3674 826 3727 orationem
856 3667 1114 3733 meam,id
1145 3679 1244 3727 est.
1276 3672 1504 3736 ipsorum
1534 3686 1795 3737 meorum,
1820 3688 1957 3727 nunc

417 3739 623 3810 interitu
657 3757 753 3809 pro
782 3743 945 3810 prima
978 3739 1376 3793 resurrectimte.

486 3805 612 3861 Filii
636 3805 910 3865 ﬂaminum.
947 3811 1091 3862 Ntinc
1118 3823 1176 3861 se
1220 3808 1477 3862 convertit
1504 3810 1573 3863 ad
1616 3810 1870 3873 membra,
1904 3811 1955 3864 id

410 3888 517 3941 est,
550 3878 615 3935 ad
644 3880 787 3946 ipsos
816 3880 1014 3939 lldelt-s,
1066 3878 1325 3929 bortamlo
1353 3892 1464 3941 cos,
1496 3889 1629 3933 utse
1668 3879 1803 3931 tales
1827 3896 1959 3944 pra:-

419 3958 625 4016 parent,
653 3951 742 4016 qui
787 3950 892 4003 sint
918 3948 1054 4015 digiti
1091 3946 1350 3999 exaudiri.
1380 3948 1536 4010 Quasi
1576 3949 1754 4004 dicat:
1782 3949 1824 4002 0
1862 3964 1954 4002 vos

420 4013 530 4077 lilii,
563 4013 852 4070 nou'uttius
890 4013 1137 4077 hominis,
1173 4016 1221 4067 id
1249 4024 1353 4077 est,
1391 4017 1606 4081 Christi,
1637 4034 1795 4082 quem
1844 4018 1955 4073 imi-

419 4085 514 4135 tari
545 4086 766 4144 debetis,
812 4086 905 4139 sed
932 4084 1022 4150 qui
1058 4084 1311 4137 hactenus
1340 4084 1509 4136 fuistis
1537 4086 1626 4153 ﬁlii
1667 4087 1951 4150 hominum,

415 4154 497 4206 vel
529 4161 859 4209 terrenorum
895 4163 1191 4223 parentum,
1240 4154 1493 4219 portando
1538 4157 1741 4207 scilicet
1772 4158 1955 4223 imagia

414 4237 535 4295 item
554 4224 800 4295 illorum,
826 4233 877 4275 et
908 4222 1154 4295 faciendo
1192 4224 1326 4272 mala
1354 4235 1513 4295 opera
1543 4238 1721 4295 eorum
1750 4225 1956 4295 φάγρο-

414 4294 520 4343 nite
546 4292 675 4356 jam,
709 4301 763 4343 ut
806 4290 1179 4352 esaudiamini,
1226 4288 1530 4355 gravitatem
1559 4293 1731 4344 cordis
1780 4294 1831 4344 iit
1861 4288 1955 4345 cu-

415 4361 717 4423 piditatious
757 4371 1107 4421 terrenarum,
1138 4374 1254 4425 qua:
1285 4356 1486 4424 pondus
1523 4372 1664 4427 sunt,
1696 4378 1795 4413 non
1830 4363 1953 4415 sob-

412 4427 629 4489 sidinm,
657 4437 713 4482 et
739 4446 855 4494 quin
884 4439 1111 4497 mentem
1144 4446 1169 4478 a
1213 4430 1353 4480 cultu
1381 4429 1488 4480 veri
1519 4428 1610 4481 Dei
1656 4430 1945 4497 retrahunt,

413 4506 566 4562 atque
591 4496 749 4566 idolis
780 4499 975 4551 servire
1017 4496 1235 4549 faciunt.
1287 4497 1414 4548 Nam
1445 4514 1721 4565 usquequo,
1769 4499 1816 4550 id
1848 4496 1948 4566 est,

410 4565 640 4635 quaudiu
669 4568 825 4619 vultis
854 4579 970 4619 esse
995 4568 1134 4632 grati
1163 4566 1333 4635 corde,
1359 4568 1407 4617 id
1431 4579 1529 4627 est,
1563 4584 1655 4619 cur
1683 4565 1947 4635 gravatum

413 4635 492 4687 his
516 4633 831 4690 vanitatibus
856 4635 1067 4696 habere,
1100 4645 1155 4685 et
1181 4634 1367 4684 dit-ina:
1393 4633 1748 4701 propitiatio'ni
1778 4637 1947 4688 locmu

411 4703 461 4754 in
485 4706 629 4756 vobis
658 4720 760 4758 non
789 4705 956 4757 facere
978 4702 1244 4763 cordibus,
1270 4716 1372 4751 non
1398 4716 1605 4753 sursum
1627 4705 1835 4767 erectis,
1857 4706 1946 4767 sed

410 4773 471 4822 ad
516 4774 694 4828 infima
742 4771 980 4839 deiectis.
1033 4771 1191 4839 Quasi
1242 4770 1497 4839 (Πεδιεδί
1531 4771 1780 4825 hactenus
1810 4766 1949 4835 nullo

410 4842 558 4893 vobis
587 4837 928 4899 subvenietth
957 4857 987 4895 a
1016 4837 1236 4894 veritate
1266 4837 1569 4901 aberrastis,
1594 4844 1778 4893 saltem
1813 4841 1948 4894 hunc

411 4926 494 4961 tne
534 4912 791 4964 medicum
836 4912 1157 4979 cognoscite.
1186 4908 1253 4963 Ut
1291 4910 1408 4977 quid
1432 4911 1638 4974 diligitis
1664 4913 1944 4962 sanitatem.

414 4980 547 5031 Vere
578 4979 779 5030 habetis
818 4994 975 5045 grate
1004 4994 1131 5049 cor;
1164 4994 1285 5032 nam
1350 4980 1559 5049 diligitis
1585 4982 1868 5040 vanitatem,
1902 4990 1947 5030 et

409 5049 632 5109 miseritis
657 5048 990 5111 mendacium,
1021 5048 1072 5100 id
1096 5058 1192 5111 est,
1222 5053 1458 5114 qumritts
1487 5052 1624 5102 hcari
1650 5053 1697 5101 io
1726 5052 1871 5099 vanis
1896 5058 1946 5099 et

414 5118 569 5173 tuend
589 5116 776 5178 icibus,
814 5115 862 5166 id
888 5125 990 5176 est,
1022 5118 1070 5166 in
1108 5119 1326 5168 terrenis
1358 5119 1528 5179 bouis,
1560 5118 1808 5171 sectando
1837 5120 1947 5167 Ιιωε

414 5186 696 5251 posteriora
740 5194 792 5237 et
824 5182 968 5255 falsa
1026 5186 1180 5246 bona,
1226 5196 1463 5255 tanquam
1500 5188 1655 5249 bona,
1700 5196 1943 5255 tanquam

414 5271 558 5315 vero,
588 5265 637 5305 et
668 5253 929 5310 anteriora
982 5259 1137 5311 bona.
1165 5252 1367 5303 scilicet
1401 5252 1817 5318 super-caelestia;
1842 5256 1944 5307 Sed

412 5334 462 5373 ut
493 5327 631 5389 quid,
675 5326 724 5377 id
770 5336 867 5385 Cal,
917 5332 1129 5387 propter
1155 5334 1309 5385 quam
1342 5322 1612 5375 utilitatem
1648 5326 1816 5381 facitis
1847 5326 1947 5375 hoc

414 5395 621 5457 frustra,
652 5396 796 5462 quasi
838 5393 1012 5444 dicat:
1041 5390 1284 5462 Qu'eritis
1314 5392 1687 5446 beatitudinem
1721 5396 1769 5445 ia
1800 5394 1943 5445 vanis

414 5473 461 5515 vt
489 5460 845 5523 mendacibus,
883 5463 1001 5524 quia
1035 5477 1135 5511 ttou
1166 5460 1266 5513 nisi
1305 5462 1411 5513 Sola
1446 5462 1637 5514 veritas
1679 5478 1791 5516 eam
1823 5464 1946 5514 date

412 5543 603 5595 potest.
626 5534 855 5585 Terrena
884 5532 1127 5581 dicuntur
1150 5545 1303 5593 vana,
1329 5532 1442 5593 quia
1471 5532 1765 5582 transitoria
1796 5543 1846 5584 et
1874 5533 1944 5581 la-

410 5603 525 5652 bvlia
574 5606 714 5654 velut
746 5602 921 5651 utnlvra
954 5611 1095 5651 sunt.
1134 5598 1275 5653 Unde
1322 5596 1699 5653 Ecclesiastes;
1746 5599 1945 5650 Varillus

411 5671 696 5734 t'lttllltllttttt,
726 5678 764 5721 ei
792 5670 955 5719 Uillltltl
983 5670 1189 5729 nutritas,
1222 5686 1521 5738 quacunque
1548 5670 1692 5722 homo
1715 5684 1943 5734 aptt'o'm'

1980 4400 2029 4459 ι)

2067 3124 2131 3175 tis
2160 3130 2349 3174 vestite
2377 3119 2713 3187 cogitatione,
2743 3118 2843 3187 ,illa
2894 3119 2999 3170 sint
3028 3128 3227 3172 tantum
3277 3122 3329 3173 in
3372 3124 3609 3174 cordibus

2062 3191 2259 3253 vestris,
2290 3190 2338 3240 id
2367 3198 2468 3252 est,
2500 3202 2602 3241 non
2647 3187 2713 3240 ad
2744 3201 2923 3240 vocem
2954 3188 3106 3240 etiam
3151 3202 3527 3258 prorumpaut,
3559 3201 3613 3243 et

2063 3274 2158 3324 pro
2198 3258 2392 3311 eisdem
2434 3266 2606 3309 tamen
2638 3258 3030 3324 compungimini
3059 3258 3123 3310 ad
3169 3260 3533 3325 paenitentiam
3562 3271 3612 3312 et

2061 3327 2241 3380 ﬂetum
2272 3328 2324 3378 in
2354 3326 2590 3379 cubilibus
2612 3328 2804 3388 vestris,
2827 3326 2878 3377 id
2910 3336 3011 3388 est,
3038 3327 3088 3378 in
3119 3326 3371 3380 cordibus
3404 3329 3609 3382 vestris.

2062 3394 2317 3451 Cubilibus
2360 3394 2734 3465 convenienter
2760 3395 2943 3461 ponit;
2999 3411 3118 3447 nam
3148 3398 3448 3450 concubilia
3489 3413 3611 3465 pro-

2061 3468 2172 3534 prie
2190 3475 2313 3517 sunt
2337 3466 2451 3519 lecti
2480 3464 2725 3527 ferarum,
2751 3466 2827 3517 sic
2855 3475 2906 3517 et
2926 3466 3082 3516 corda
3116 3475 3295 3516 nostra
3322 3481 3425 3519 nou
3458 3464 3609 3520 sedes

2059 3534 2299 3596 rationis,
2330 3534 2422 3587 sed
2451 3535 2604 3604 quasi
2646 3534 2812 3587 ferina
2844 3534 3185 3604 ‘receptacula
3220 3544 3363 3597 sunt,
3396 3540 3609 3604 quando

2059 3604 2358 3673 hnjttsmodi
2402 3602 2741 3669 cogitationes
2788 3602 3067 3673 recipiunt,
3099 3617 3215 3666 qua:
3246 3618 3339 3669 per
3368 3602 3427 3656 se
3468 3610 3607 3659 solas

2057 3671 2229 3740 dignae
2263 3673 2592 3725 correctione
2639 3673 2767 3733 sint,
2818 3671 2938 3722 lieet
2965 3671 3123 3724 etiam
3171 3676 3235 3725 ad
3268 3688 3449 3726 vorem
3504 3690 3604 3726 nou

2058 3756 2270 3808 prorum
2280 3748 2421 3807 paul.
2863 3807 2868 3808 γ
3158 3757 3167 3762 ·

2128 3810 2425 3874 Sacriﬁcate
2470 3808 2793 3875 sacrificium.
2845 3807 3002 3875 Quasi
3053 3810 3231 3864 dicat:
3264 3811 3336 3864 Ita
3393 3811 3513 3863 dico
3552 3823 3606 3864 nt

2056 3880 2351 3931 irascamini
2384 3880 2661 3945 praeteritis
2695 3890 2940 3945 peccatis.
2976 3889 3028 3932 ut
3068 3880 3372 3933 sacrifice-tis
3401 3884 3604 3932 sacrili-

2054 3949 2218 4010 citttn,
2267 3948 2315 4001 id
2358 3957 2457 4009 est,
2507 3949 2835 4001 mortificctis
2866 3952 3073 4014 propria
3122 3950 3242 4000 vitia
3278 3960 3473 4012 vestra,
3525 3954 3600 4002 fa-

2055 4018 2241 4070 ciendo
2288 4017 2474 4081 dignos
2526 4016 2723 4070 fructus
2766 4019 3107 4081 pteuitentiaa,
3156 4027 3357 4071 tantum
3404 4021 3604 4073 scilicet

2054 4100 2149 4153 pro
2177 4086 2396 4151 singulis
2438 4100 2547 4155 vos,
2577 4087 2887 4155 alliigentes,
2917 4097 3167 4151 quantum
3200 4091 3352 4155 digna
3401 4100 3602 4153 expetit

2056 4152 2381 4222 pandentia.
2414 4153 2551 4219 quod
2592 4154 2690 4223 erit
2717 4152 3277 4221 sacriﬁciuttijustitite,
3310 4158 3357 4208 id
3386 4168 3487 4217 est,
3518 4160 3602 4223 ju-

2053 4234 2193 4275 stum
2246 4223 2581 4274 sacriliciutn.
2626 4222 2752 4273 Nam
2787 4223 2913 4273 nihil
2954 4224 3147 4288 jusnus
3179 4236 3278 4289 est,
3313 4243 3467 4290 quum
3511 4222 3599 4291 qui

2056 4294 2206 4361 punit
2234 4294 2399 4343 aliena
2434 4303 2662 4361 peccata,
2695 4299 2748 4342 ut
2788 4293 2967 4359 puniat
3000 4296 3230 4358 propria,
3264 4308 3317 4346 et
3349 4305 3404 4346 ut
3447 4300 3594 4361 quis-

2054 4359 2155 4430 que
2187 4371 2383 4412 tantum
2419 4374 2475 4412 se
2503 4359 2716 4427 afﬂigat,
2749 4371 2999 4430 quantum
3032 4364 3223 4415 leads-ta
3254 4362 3367 4429 ejus
3406 4359 3598 4415 meruit

2053 4429 2391 4495 conscientia,
2422 4438 2475 4482 et
2498 4430 2574 4482 sic
2600 4443 2657 4482 se
2684 4431 2853 4493 ipsum
2883 4429 3036 4482 faciat
3070 4432 3179 4485 Deo
3207 4446 3368 4483 suave
3394 4435 3595 4483 sacritt-

2051 4502 2211 4553 cium.
2264 4500 2441 4552 Potest
2469 4498 2610 4566 illud
2656 4513 2862 4566 quoque
2912 4512 3031 4551 cum
3081 4502 3394 4566 pra-cedenti
3445 4516 3593 4554 γει-ευ

2049 4569 2203 4620 aliter
2234 4568 2352 4633 legi,
2386 4568 2428 4618 si
2459 4564 2740 4617 Irascimini
2770 4564 2871 4619 non
2911 4570 2974 4619 ad
3009 4564 3270 4634 praeterita
3307 4571 3426 4619 vitia
3459 4570 3590 4623 refe~

2051 4648 2215 4695 ratur,
2248 4638 2341 4687 sed
2372 4636 2436 4686 ad
2468 4635 2676 4703 illicitos
2709 4645 2899 4699 motus,
2932 4642 3018 4702 qui
3061 4654 3126 4689 ne
3160 4640 3285 4687 liant
3337 4638 3388 4689 iu
3420 4642 3590 4700 nobis,

2049 4709 2245 4775 evitare
2301 4719 2410 4775 non
2455 4718 2749 4775 possumus.
2804 4707 2876 4756 Ex
2936 4720 3085 4770 pu-na
3133 4721 3270 4757 enim
3318 4711 3593 4775 originalis

2051 4771 2247 4837 peccati
2275 4782 2354 4823 est
2400 4773 2521 4833 hoc,
2549 4773 2687 4838 quod
2736 4776 2787 4826 in
2834 4784 3093 4839 potestate
3120 4786 3298 4827 nostra
3332 4771 3437 4829 non
3469 4789 3592 4831 sunt

2050 4842 2213 4911 illiciti
2243 4854 2434 4905 motus,
2469 4842 2559 4894 sed
2594 4851 2715 4894 tunc
2760 4842 2983 4893 maxime
3024 4842 3296 4911 insorgaut
3330 4848 3379 4898 iu
3413 4849 3587 4907 nobis,

2047 4910 2255 4976 quando
2286 4914 2458 4962 minus
2487 4912 2739 4963 vellemus
2772 4924 2863 4975 per
2893 4910 3258 4977 suggestioues
3286 4916 3504 4978 diaboli,
3535 4928 3591 4967 et

2047 4994 2139 5056 per
2195 4980 2425 5032 fomitem
2470 4979 2667 5056 peccati
2695 5018 2709 5039 ,
2759 4979 2843 5044 qui
2891 4981 3025 5031 inest
3071 4992 3265 5033 nostra:
3311 4986 3591 5056 carinam

2048 5050 2165 5098 ideo
2194 5063 2286 5101 eos
2336 5064 2401 5101 ne
2454 5050 2518 5099 ad
2573 5056 2743 5098 actum
2777 5062 3101 5112 perventum,
3149 5066 3401 5104 coercere
3428 5054 3585 5105 debe-

2046 5131 2181 5187 mus.
2211 5116 2283 5170 De
2318 5119 2397 5169 his
2426 5118 2565 5169 enim
2594 5116 2719 5167 diett
2750 5117 2931 5169 beatus
2963 5118 3149 5170 Paulus
3176 5138 3187 5169 :
3218 5118 3309 5171 Est
3334 5133 3585 5187 peccatum

2045 5185 2094 5235 in
2128 5196 2281 5237 vestro
2311 5188 2508 5237 mortali
2546 5200 2769 5250 corpore,
2802 5187 2888 5237 sed
2916 5203 3013 5238 non
3043 5198 3233 5252 regnet,
3268 5185 3448 5252 idest,
3481 5206 3584 5243 nou

2048 5256 2359 5320 perduratur
2382 5256 2443 5304 ad
2469 5264 2661 5304 actum.
2692 5253 2835 5306 Tunc
2856 5257 2995 5307 enim
3028 5269 3249 5321 regnant
3282 5258 3447 5310 illiciti
3472 5277 3586 5312 tuo-

2048 5334 2127 5375 tus
2166 5340 2282 5376 cum
2332 5325 2689 5390 perducuntur
2737 5325 2801 5373 ad
2853 5336 3046 5375 actum.
3089 5327 3237 5389 Quod
3289 5339 3442 5393 caput
3490 5346 3583 5381 no-

2044 5406 2231 5455 Sll‘ttm,
2265 5392 2313 5445 id
2344 5400 2425 5444 est
2449 5393 2685 5443 Christus
2718 5393 2952 5459 ptuacipit
2980 5395 3174 5445 caveri.
3207 5392 3367 5458 Quasi
3398 5398 3575 5450 dicat:

2047 5463 2110 5516 Ut
2140 5477 2231 5513 vos
2276 5463 2365 5513 filii
2416 5462 2681 5512 hominum
2726 5462 3072 5513 exaudiamini
3116 5479 3141 5512 a
3188 5464 3292 5515 Deo
3333 5466 3485 5518 l‘atre
3510 5469 3580 5520 de

2044 5534 2268 5583 soconda
2315 5533 2716 5587 resurrectione,
2768 5530 3040 5599 irascimini
3069 5543 3110 5581 et
3154 5536 3306 5585 nolite
3354 5552 3575 5600 peccare.

2048 5604 2092 5649 id
2121 5612 2216 5662 est,
2251 5601 2289 5651 si
2317 5602 2523 5663 quando
2554 5604 2621 5649 ira
2650 5600 2726 5648 \t-l
2760 5600 2944 5660 a‘itptis
2970 5599 3180 5653 illicitos
3208 5599 3377 5655 motus
3408 5604 3456 5653 in
3486 5620 3575 5655 vc.

2050 5673 2126 5723 bis
2172 5687 2259 5735 per
2316 5674 2701 5737 διιεεεδιιιιιεω
2766 5668 2955 5720 dt.-boli
3015 5686 3228 5741 surgere
3282 5678 3570 5740 ilictrpcrit.
