3914 6228
545 367 639 420 .‘ill

999 364 1194 418 ῐὶυοᾸί
1237 362 1677 415 VENl-IllABlLIS
1714 361 1858 412 ()PP.
1903 312 2072 412 Piil‘iS
2112 355 2382 409 ILSECT.
2433 356 2490 408 ll.
2536 386 2602 396 —-
2649 354 2844 407 DUBlA
2890 348 2968 403 ET
3012 349 3271 404 SPURIA.

3649 342 3744 393 διε

545 478 655 536 Dei,
685 475 768 540 qni
797 493 852 525 so
880 489 978 525 non
1011 475 1110 525 vult
1141 473 1450 525 subtrahere
1477 487 1504 524 a
1536 473 1747 524 servitio
1775 471 1998 532 Domini,
2029 480 2079 522 et
2111 475 2153 527 A
2187 469 2348 540 tinita,
2375 485 2492 521 cum
2513 484 2616 540 sex
2647 467 2908 540 pra'ilictis
2937 466 3138 540 diebus.
3184 465 3231 516 id
3262 475 3365 540 est,
3399 478 3521 514 enin
3559 460 3740 540 latiore

544 547 630 604 qui
676 547 866 596 mavult
918 543 1144 607 pendere
1191 556 1218 592 a
1272 543 1512 602 Domino,
1557 555 1709 604 quam
1752 555 1812 592 ex
1862 553 1917 590 se
1946 554 2081 592 esse.

543 616 688 679 Quod
713 613 829 677 quia
857 611 1018 664 Adam
1053 612 1235 675 noluit,
1267 610 1652 662 damnationem
1685 609 1922 659 inciirrit.

618 684 861 745 Quoniam
883 690 932 731 tu
955 679 1128 739 beiied.
1158 679 1290 731 Vere
1316 681 1365 730 in
1398 689 1441 729 te
1466 679 1825 746 gloriabuntur,
1851 677 2084 742 quoniam

547 763 598 802 tu
628 751 893 808 benedicis,
935 749 983 800 id
1023 756 1123 810 est,
1158 749 1526 799 incrementum
1567 748 1616 797 in
1664 746 1942 797 virtutibus
1971 746 2084 802 das,

549 822 599 870 iu
650 819 893 884 prmseiiti
935 818 1096 883 justo,
1141 830 1232 881 per
1279 815 1417 879 quod
1464 815 1533 884 ad
1582 825 1832 884 arternai'u
1869 814 2083 875 gloriam

545 883 832 950 perveniat.
875 887 1034 939 Julies
1071 884 1208 937 enim
1245 884 1380 950 quod
1426 883 1522 945 vis,
1564 892 1618 934 et
1660 883 1795 949 quod
1843 884 1991 943 juhes
2032 891 2083 931 ιιι

547 958 658 1022 ipse
704 957 849 1008 iacis.
889 955 1036 1008 Unde
1065 962 1203 1022 patet
1246 953 1408 1022 quod
1437 966 1635 1022 memor
1674 966 1732 1004 es
1786 951 1923 1001 illius
1956 965 2086 1016 pra:-

544 1020 701 1090 cepti,
733 1040 836 1091 quo
863 1025 1074 1084 dicitur,
1107 1021 1230 1074 Sine
1258 1036 1334 1091 me
1359 1020 1484 1071 nihil
1511 1024 1710 1091 potestis
1741 1022 1920 1087 facere.

621 1088 830 1145 Domine
874 1101 927 1144 tu
951 1100 1110 1143 scuto.
1141 1090 1378 1142 Ostendit
1407 1104 1499 1155 per
1526 1089 1767 1142 eﬂ‘ectuin
1797 1088 1930 1155 quod
1963 1101 2085 1137 vere

548 1161 802 1214 Dominus
843 1160 1100 1213 benedicit
1123 1159 1283 1225 justo.
1327 1159 1484 1224 Quasi
1526 1159 1663 1210 dicat
1693 1175 1703 1208 :
1750 1157 1860 1210 Non
1885 1164 1962 1206 cst
1989 1155 2086 1205 ilu-

547 1229 707 1291 Iiiiim,
744 1229 977 1292 Domine,
1008 1229 1129 1296 quin
1158 1238 1209 1279 tu
1241 1227 1512 1280 benedices
1538 1228 1697 1296 justo
1723 1244 1734 1276 :
1786 1239 1910 1296 naui
1943 1239 2087 1296 coro-

546 1300 676 1348 nasti
704 1313 792 1348 nos
817 1297 943 1361 jam,
978 1294 1154 1358 idest,
1184 1297 1315 1346 sicut
1372 1310 1559 1346 corona
1596 1294 1945 1346 multitudinis
1974 1295 2082 1345 cir-

546 1369 851 1417 cumstantis
889 1369 1111 1432 aliquem
1155 1363 1392 1428 protegit,
1448 1365 1516 1414 ita
1552 1369 1603 1414 tu
1645 1362 1856 1414 Domine
1886 1377 2001 1432 nos,
2032 1362 2080 1414 id

545 1447 625 1485 est
666 1449 747 1485 me
778 1431 1062 1484 Ecclesium
1107 1447 1223 1482 cum
1253 1434 1490 1482 omnibus
1521 1432 1648 1484 meis
1678 1431 1948 1497 protexisti
1974 1431 2079 1494 jam

544 1502 597 1553 in
627 1501 934 1567 baptismate
981 1501 1046 1552 ab
1090 1500 1560 1567 impugnationibiis
1597 1498 1807 1560 diaboli,
1844 1508 1897 1550 et
1928 1513 2082 1550 enro-

546 1570 712 1633 iialiis,
746 1569 793 1622 id
822 1578 919 1630 est,
952 1579 1190 1638 protegas
1222 1583 1314 1620 nos
1345 1569 1392 1621 iu
1428 1567 1599 1638 futuro
1626 1569 1690 1619 ab
1715 1579 1906 1638 interna
1933 1569 2083 1638 itani-

549 1639 775 1702 natione,
816 1635 1240 1691 hona'voluntate
1268 1648 1373 1697 tua,
1421 1637 1469 1688 id
1502 1646 1581 1688 est
1603 1637 1765 1703 gratia
1795 1645 1848 1689 et
1875 1635 2080 1688 miseri-

541 1706 717 1760 cordia
751 1716 832 1760 tua
861 1709 1123 1762 existente
1153 1706 1301 1758 nobis
1333 1705 1416 1759 hic
1435 1715 1486 1758 et
1516 1706 1618 1757 illic
1650 1715 1702 1758 ut
1731 1714 1900 1759 scuto.

1046 1794 1106 1848 ΙΝ
1148 1793 1453 1847 PSALMUM
1496 1793 1578 1846 Vl.

785 1887 839 1939 In
871 1884 1022 1939 tinem
1055 1883 1278 1955 hymnus
1307 1897 1398 1951 pro
1429 1891 1608 1936 octava
1643 1882 1823 1936 David.

1128 1987 1498 2027 ABGUHENTUM.

616 2046 862 2099 Ezechias
909 2043 1198 2095 inﬁrmatus
1252 2043 1454 2093 invocat
1505 2041 1800 2102 Dominum,
1864 2054 2084 2092 causaiis

541 2109 872 2180 fragilitatem
899 2114 1135 2164 humanae
1184 2120 1401 2162 naturae.
1429 2111 1593 2162 Aliter
1626 2128 1637 2162 :
1669 2110 1985 2180 vox_t2lii'isti
2019 2111 2080 2180 ad

542 2177 776 2236 Patrem.
815 2182 950 2247 Lege
974 2183 1035 2232 ad
1067 2181 1245 2233 Lazari
1285 2183 1732 2232 resurrectionem.
1777 2177 1903 2230 Nota
1945 2179 2084 2229 ordi-

545 2268 663 2303 nem
738 2250 1099 2318 dispositionis
1151 2249 1426 2315 mysticus,
1473 2248 1592 2318 quia
1635 2248 1826 2318 quinto
1884 2248 2083 2311 ps:iliuo

544 2335 698 2372 tuane
743 2317 1017 2372 liavreditas
1046 2318 1211 2368 ilanila
1260 2317 1599 2383 promittitur,
1632 2317 1681 2368 in
1730 2325 1879 2369 sexto
1912 2332 2083 2368 resur-

545 2390 707 2442 rectio
731 2389 909 2457 judicii
943 2386 1339 2455 periiinescitur.

1140 2485 1205 2523 ES
1218 2486 1490 2524 Ριιικλτιο.

611 2543 661 2596 liv
687 2559 840 2596 rimi
863 2545 974 2610 jam
1003 2551 1170 2593 notum
1199 2552 1293 2601 est;
1317 2543 1531 2610 hymnus
1560 2549 1632 2591 est
1661 2540 1769 2610 laus
1796 2538 2084 2592 Divinitatis

546 2614 688 2664 metri
710 2608 923 2681 alicujus
939 2612 1042 2679 lege
1057 2611 1345 2681 composita.
1374 2609 1478 2661 l’ro
1493 2621 1682 2681 octaua,
1709 2608 1909 2681 Domini
1933 2611 2084 2681 signig

542 2685 658 2746 licet
695 2679 977 2738 adventum,
1028 2680 1228 2746 quando
1259 2681 1401 2742 ﬁnita
1447 2679 1618 2730 sa’culi
1666 2679 1971 2730 hebdomade
2019 2680 2083 2728 ad

533 2752 867 2819 judicanduni
892 2751 1075 2801 venerit
1121 2749 1359 2819 mundum
1391 2763 1408 2798 :
1439 2750 1571 2819 unde
1597 2747 1938 2819 psalmusiste
1971 2762 2083 2819 cum

542 2815 756 2871 tremore
783 2821 997 2871 maximo
1039 2818 1155 2882 fecit
1205 2817 1420 2867 initium.
1470 2815 1695 2878 Quatuor
1723 2815 1882 2866 modis
1910 2816 1960 2866 in
1989 2815 2084 2867 hoc

539 2889 730 2954 psalmo
757 2891 831 2939 vir
859 2888 1112 2952 confidens
1137 2900 1155 2936 :
1186 2882 1250 2935 In
1279 2885 1482 2936 exordio
1512 2884 1798 2936 benevolum
1824 2884 1915 2936 sibi
1936 2885 2081 2953 judi-

540 2972 645 3036 rem
683 2957 800 3036 facit
820 2997 832 3016 ,
857 2958 1076 3008 animum
1115 2957 1224 3023 ejus
1252 2954 1534 3036 deniulc‘eus
1558 2969 1588 3004 a
1615 2954 2079 3036 poti'st‘ate‘judicii,

536 3024 600 3075 ab
622 3026 908 3087 infirmitate
950 3041 1062 3083 sua,
1104 3039 1133 3073 a
1181 3023 1529 3074 consuetudine
1557 3023 1814 3089 parcendi.
1848 3023 2082 3074 Secunda

538 3095 776 3172 divisione
819 3103 991 3172 narrat
1021 3095 1546 3174 writinnasrpropi'ias,
1593 3092 1770 3158 quibus
1797 3091 2078 3174 amictus-et
2107 3115 2148 3174 ρ

537 3163 858 3214 contristatus
893 3161 1208 3226 ingemiscat.
1257 3159 1421 3210 Tertia
1461 3169 1728 3221 sequestrat
1773 3174 1824 3210 se
1850 3175 1880 3210 a
1908 3160 2076 3224 malis,

536 3232 668 3293 quod
698 3233 822 3282 bona
840 3231 1000 3297 judici
1030 3237 1225 3280 noverat
1266 3243 1370 3280 esse
1417 3231 1775 3295 gratissimum,
1805 3236 1856 3278 ut
1893 3229 1955 3281 ab
1982 3229 2082 3288 illis

536 3316 673 3351 mens
714 3300 1006 3352 redderetur
1053 3299 1236 3359 aliena,
1267 3297 1440 3362 quibus
1463 3309 1508 3350 et
1550 3300 1655 3366 ipsa
1681 3298 1878 3364 justitia
1903 3300 2081 3364 proba-

536 3369 679 3419 batur
725 3372 949 3420 aduersa.
1003 3367 1080 3418 Ad
1126 3378 1398 3418 extremum
1449 3367 1709 3418 conturbat
1760 3375 1804 3416 et
1851 3369 2082 3431 repudiat

537 3454 706 3488 omnes
728 3439 1206 3505 iniquos,quoniani
1235 3451 1348 3487 cum
1375 3437 1498 3501 ipsis
1514 3435 1692 3487 habere
1721 3433 1918 3486 nolebat
1947 3438 2081 3487 ulla-

537 3517 678 3556 tenus
699 3511 994 3574 portionem.

1104 3588 1241 3625 C0)!!!
1251 3587 1380 3624 ΕΝτΑ
1390 3587 1520 3627 RIUS.

609 3641 844 3706 Domine,
867 3657 925 3694 ne
946 3642 994 3693 in
1012 3643 1180 3709 furore
1205 3652 1287 3693 tuo
1315 3658 1498 3709 arguas
1523 3657 1618 3706 me,
1646 3656 1800 3708 neque
1819 3641 1871 3693 in
1900 3642 1976 3695 ira
1997 3651 2080 3695 tua

538 3714 781 3778 corripias
812 3728 908 3765 me.
955 3715 1054 3764 Iste
1086 3712 1313 3777 psalmus
1343 3712 1440 3763 hoc
1468 3711 1634 3778 modo,
1655 3710 1980 3764 intitulatur:
2015 3714 2078 3765 In

542 3777 690 3846 ﬁnem
716 3783 1018 3834 carminibus
1045 3797 1133 3849 pro
1162 3788 1336 3830 octava
1358 3782 1578 3845 psalmus
1609 3777 1790 3831 David.
1828 3779 1971 3833 Diem
1998 3781 2082 3849 ju-

544 3850 665 3902 ilieii
697 3851 904 3915 quidam
942 3849 1147 3902 erronei
1179 3857 1414 3899 octavam
1456 3859 1788 3912 vocaverunt,
1827 3862 2076 3917 quantum

541 3921 604 3968 ad
628 3929 827 3984 septem
850 3918 1009 3970 millia
1034 3931 1318 3980 annorum,
1340 3931 1456 3983 qua:
1478 3918 1543 3968 ab
1565 3917 1726 3969 Adam
1750 3919 2075 3984 inceperunt,

542 3988 728 4049 quibus
755 3987 900 4052 quasi
930 3988 1111 4039 diebus
1137 3996 1335 4053 septem
1377 3985 1533 4039 tinitis
1574 3988 1911 4052 proculdubio
1939 3988 2076 4040 diem

536 4054 715 4118 judicii
738 4059 882 4124 sequi
906 4059 1168 4119 dixerunt,
1202 4068 1252 4108 et
1281 4058 1357 4108 sic
1394 4070 1450 4108 se
1473 4065 1525 4107 et
1550 4057 1676 4107 alios
1705 4067 1875 4108 certos
1896 4058 1960 4107 de
1991 4057 2074 4108 illa

539 4124 625 4175 die
662 4125 912 4177 iecerunt.
943 4125 1044 4177 Sed
1087 4125 1460 4178 inconveniens
1506 4133 1676 4176 tamen
1715 4125 2075 4190 oritur;Scri-

541 4203 688 4258 ptiira
745 4195 883 4244 enim
928 4194 1247 4256 l’alsilicatur,
1289 4211 1405 4261 qute
1447 4195 1613 4247 dicit:
1664 4191 1782 4245 Non
1830 4197 1960 4246 enim
2004 4209 2073 4249 est

538 4271 753 4313 uestrum
799 4277 939 4314 nosse
982 4272 1222 4325 tempora,
1253 4275 1388 4326 etc.;
1419 4273 1472 4316 et
1513 4264 1675 4316 item:
1707 4263 1825 4317 Dies
1865 4264 2075 4317 Domini

539 4341 771 4398 tanquam
805 4333 885 4396 [ur
913 4334 1067 4382 veniet
1092 4349 1108 4395 ,'
1135 4341 1186 4384 et
1212 4347 1388 4383 rursus
1417 4350 1427 4382 :
1461 4331 1533 4384 De
1561 4332 1648 4383 illa
1677 4333 1816 4394 hera,
1839 4343 1882 4384 et
1905 4335 1966 4384 de
1987 4336 2074 4384 illa

540 4402 620 4452 die
649 4401 817 4452 nullus
836 4401 1056 4465 scit,nisi
1075 4407 1208 4452 solus
1237 4399 1406 4456 Pater.
1434 4417 1519 4451 nec
1539 4402 1766 4469 angelus,
1794 4419 1879 4452 nec
1898 4404 2069 4466 virtus,

540 4485 627 4519 nec
647 4471 750 4536 ipse
767 4453 1217 4526 Filius'iiovit.Sed
1235 4486 1350 4523 cum
1379 4453 1564 4521 Filium
1591 4453 1722 4520 ii’ulla
1748 4453 1946 4522 occulta
1975 4453 2069 4521 Pa:
2105 4453 2149 4510 υ

544 4540 636 4590 tris
669 4542 876 4600 iaieant,
903 4541 1168 4594 sciendum
1197 4551 1300 4602 est,
1331 4540 1466 4605 quod
1494 4540 1628 4590 diem
1658 4541 1793 4590 illam
1817 4550 2065 4607 quantum

541 4609 603 4658 ad
635 4623 690 4659 se
718 4623 818 4660 non
848 4609 1064 4674 ignorat,
1098 4608 1187 4660 sed
1217 4619 1385 4658 tamen
1425 4608 1611 4659 dicitur
1651 4609 1849 4661 nescire
1895 4626 1907 4660 :
1949 4609 2068 4674 quia

541 4678 822 4741 discipulos
858 4691 976 4728 suos
1020 4678 1205 4739 quibus
1263 4679 1418 4726 multa
1464 4679 1562 4726 alia
1613 4679 1879 4739 i'evelavit,
1929 4677 2067 4730 illam

545 4760 744 4798 neseire
773 4748 919 4806 fecit;
951 4745 1086 4797 sient
1128 4746 1338 4803 dii-itur,
1384 4743 1560 4794 Tentat
1600 4762 1682 4796 vos
1727 4744 1984 4811 Dominus,
2018 4758 2068 4796 ut

543 4814 662 4864 sciat
693 4829 710 4864 :
743 4817 788 4865 id
819 4824 921 4875 est,
949 4823 1017 4864 ut.
1032 4828 1119 4865 vos
1149 4815 1284 4866 scire
1313 4813 1480 4864 faciat.
1528 4813 1739 4864 lteniota
1780 4826 1950 4880 autem
1985 4817 2068 4866 illa

545 4884 817 4933 temeraria
866 4884 1253 4948 computatione
1295 4882 1406 4934 dies
1441 4882 1617 4947 judicii
1670 4893 1832 4947 poti-st
1877 4896 2070 4951 optimc

543 4958 719 5000 octava
746 4954 912 5001 vocari
946 4954 1039 5004 hac
1070 4951 1285 5014 ratione,
1317 4954 1434 5018 quia
1468 4962 1736 5004 transactis
1768 4953 1844 5004 his
1877 4963 2071 5018 tenipo-

544 5019 738 5070 talibus
788 5020 960 5081 rebus,
1005 5036 1119 5087 quae
1169 5039 1258 5082 per
1286 5024 1630 5087 septeiiariiini
1665 5038 1930 5074 numerum
1961 5024 2071 5072 die-

545 5104 658 5140 rum
686 5088 976 5146 volvuntur,
1022 5099 1072 5140 et
1101 5090 1215 5142 ideo
1242 5106 1331 5155 pro
1360 5101 1556 5157 septem
1593 5092 1774 5143 diebus
1811 5093 2070 5156 ai-cipiun-

544 5169 647 5222 tur,
691 5160 924 5224 sequitur
951 5158 1035 5209 illa
1066 5158 1174 5209 dies
1205 5174 1250 5209 οι
1271 5170 1403 5221 lava,
1438 5161 1484 5212 id
1525 5170 1601 5212 est
1630 5162 1740 5212 dies
1775 5161 1979 5226 judicii,
2022 5161 2068 5208 in

542 5242 642 5291 qua
689 5231 892 5284 animai,
938 5229 1120 5291 adepta
1166 5231 1473 5290 mteriiitate,
1499 5231 1618 5280 nihil
1664 5231 1767 5294 jam
1811 5229 2072 5280 debebunt

545 5298 767 5360 tempori
799 5298 874 5346 Vel
906 5296 1199 5347 mutationi.
1246 5299 1359 5348 Alio
1390 5308 1441 5348 et
1471 5300 1621 5347 modo
1652 5310 1830 5349 octava
1860 5297 2066 5358 dicitur,

545 5367 742 5415 scdicct
772 5377 1013 5429 quantum
1046 5366 1108 5416 ad
1154 5380 1238 5416 sex
1289 5367 1421 5424 dies,
1465 5381 1554 5429 per
1591 5382 1716 5430 quos
1749 5369 1890 5417 labor
1921 5365 2071 5432 hujus

549 5434 671 5482 \ita‘.
701 5434 1020 5497 intelligitur,
1069 5445 1119 5486 et
1167 5434 1353 5498 quibus
1387 5433 1632 5484 lloniitius
1660 5438 1921 5486 laborasse
1947 5435 2070 5498 legi—

548 5513 660 5563 tur;
693 5512 741 5553 et
771 5513 1016 5566 quantum
1048 5504 1108 5554 ad
1141 5515 1341 5555 sextum
1375 5503 1531 5561 diem,
1562 5504 1606 5552 id
1639 5515 1717 5554 est
1743 5505 1804 5554 ad
1837 5505 2066 5568 requiem

544 5571 707 5627 illam,
743 5573 790 5621 in
816 5587 909 5636 qua
935 5572 1191 5636 patorum
1224 5572 1405 5623 anima:
1435 5574 1519 5637 qui
1547 5573 1729 5622 mortui
1754 5582 1872 5623 sant
1896 5573 2065 5636 positi,

543 5653 844 5701 exspectant
892 5658 1214 5691 ιιιιιιιιιιιιιιιιιι
1245 5643 1693 5701 resurrectionem,
1726 5651 1776 5690 tit
1813 5643 2067 5706 geminant

543 5717 729 5759 stulam
761 5726 932 5763 ιιιιιιιυι
952 5714 1159 5765 talitatis
1185 5710 1252 5761 ibi
1280 5709 1540 5777 lectitant,
1568 5726 1664 5778 qua
1689 5711 2072 5778 caspcclulicttc

2194 538 2346 604 hujus
2367 539 2567 601 mundi,
2589 532 2762 602 procul
2787 536 2945 587 dubio
2972 536 3205 599 sequitur
3226 534 3567 604 iliesoctava,
3589 532 3639 579 id
3663 542 3738 604 est

2185 607 2507 668 iliesjudicii.
2538 608 2699 658 Aliter
2715 607 2868 656 etiam
2896 614 3058 668 potest
3084 603 3622 654 VOCRt'itiiCSOCUlVa.
3642 603 3737 647 sci-

2188 674 2300 742 i'Cet
2330 684 2575 742 quantum
2605 676 2666 726 ad
2697 674 2952 726 carnalem
2981 671 3370 742 gt'nt‘rlaiiultt'm
3400 681 3456 721 et
3481 669 3738 742 Spiritu:-

2185 741 2304 798 ln'in,
2325 737 2440 810 qua:
2462 745 2683 796 carnalis
2697 745 2963 807 generatio
2990 741 3212 805 pertinet
3238 737 3737 810 adquaternariuni

2186 808 2455 863 numerum
2490 829 2502 863 :
2535 813 2817 877 spiritualis
2844 811 2905 862 ad
2933 811 3240 862 ternarium.
3268 808 3388 860 Ideo
3415 818 3598 858 autem
3625 822 3740 854 car-

2189 881 2318 930 i.alis
2351 882 2576 946 pertinet
2601 882 2662 931 ad
2693 881 2913 938 ιιιιιιιιιιηι
2959 893 3060 929 ιιοιι
3110 894 3215 939 pro:
3241 889 3320 928 ter
3348 891 3562 941 corpus,
3598 879 3734 946 quod

2184 959 2389 999 constat
2430 965 2491 1001 ex
2522 961 2741 1015 quatuor
2772 949 3062 1008 elementis,
3097 948 3174 998 vel
3206 961 3270 997 ex
3305 954 3534 1010 quatuor
3565 945 3736 1008 qttali-

2186 1019 2398 1073 tatibus.
2422 1023 2537 1083 quia
2564 1032 2750 1082 corpus
2777 1025 2856 1069 est
2882 1021 3096 1078 siccum,
3130 1017 3376 1077 calidum,
3406 1015 3661 1076 frigidum
3687 1024 3737 1062 ιιι

2187 1084 2477 1148 humidum,
2505 1087 2583 1138 vel
2615 1097 2819 1152 propter
2839 1099 3058 1149 quatuor
3091 1089 3336 1135 humores
3361 1122 3377 1148 ,
3409 1085 3495 1147 qui
3527 1093 3660 1134 sunt
3687 1083 3731 1132 in

2187 1169 2496 1220 unounoqtie
2551 1156 2776 1205 homine.
2839 1155 3130 1216 Spiritiialis
3172 1164 3345 1206 autem
3391 1155 3619 1216 pertinet
3672 1153 3732 1201 ad

2186 1223 2465 1274 ternarium
2498 1239 2788 1284 numerum,
2815 1225 2936 1288 quia
2965 1224 3026 1274 ad
3050 1223 3312 1284 spiritum,
3342 1222 3390 1271 id
3415 1232 3495 1272 est
3524 1221 3592 1272 ad
3619 1224 3735 1271 ani-

2184 1306 2319 1342 tuam
2355 1293 2616 1356 pertinent
2648 1303 2750 1342 tres
2779 1294 2913 1342 vii-cs
2942 1309 2953 1341 :
2993 1292 3191 1343 sci'ii-et
3219 1292 3375 1348 ratio,
3399 1290 3730 1341 irascibilitas

2183 1370 2236 1409 ot
2279 1361 2774 1426 concupiscibilitas.
2824 1361 3017 1422 Quibus
3065 1361 3235 1411 adhuc
3283 1360 3390 1407 duo
3441 1358 3727 1417 adduntur,

2183 1429 2386 1480 scilicet
2408 1433 2572 1481 virtus
2603 1439 2652 1481 ct
2680 1431 2935 1480 dortriua.
2970 1429 3210 1480 Doctrina
3234 1427 3298 1479 ad
3328 1427 3726 1478 illiiniinanilain

2183 1497 2458 1560 rationein,
2473 1498 2632 1549 virtus
2651 1507 2821 1549 autem
2842 1499 2904 1549 ad
2928 1513 2966 1551 ri
2987 1498 3018 1550 t'i
3033 1497 3287 1549 enaudain
3310 1495 3726 1548 ii-ascibilitatcni

2182 1573 2233 1619 et
2255 1566 2822 1633 concupiseibilitatem.
2840 1568 3070 1620 Carnutis
3091 1567 3357 1634 generatio
3383 1565 3449 1617 ab
3467 1567 3636 1634 Adam
3661 1568 3729 1617 in-

2181 1635 2360 1700 cmpit,
2383 1645 2435 1688 et
2458 1649 2619 1703 usque
2640 1636 2702 1688 ad
2723 1637 2954 1704 Moysen,
2980 1637 3028 1688 id
3054 1633 3133 1690 cst
3164 1650 3330 1702 usque
3370 1636 3434 1686 ad
3464 1633 3657 1703 legem,
3679 1647 3726 1687 et

2181 1703 2337 1754 etiam
2361 1705 2458 1755 sub
2486 1704 2683 1772 Moyse,
2715 1705 2762 1754 id
2793 1703 2873 1757 est
2900 1707 2995 1756 sub
3027 1706 3138 1772 lege
3168 1719 3334 1770 usque
3359 1705 3424 1755 ad
3457 1703 3720 1755 Christum

2191 1772 2409 1841 duravit.
2439 1773 2552 1841 Etsi
2583 1773 2719 1841 enim
2749 1773 2843 1825 viri
2871 1773 3079 1840 quidam
3109 1773 3334 1841 religiosi
3368 1772 3567 1823 mundo
3596 1774 3724 1824 sub:

2184 1838 2276 1891 diti
2306 1840 2403 1893 sub
2435 1840 2547 1908 lege
2595 1840 2820 1907 fuerunt,
2853 1838 3022 1893 tamen
3059 1842 3177 1907 quia
3212 1838 3510 1906 spiritualia
3554 1845 3717 1893 tutnra

2185 1922 2278 1979 per
2305 1911 2554 1975 carnalia,
2582 1910 2631 1963 id
2667 1921 2748 1965 est
2773 1928 2862 1977 per
2889 1912 3136 1979 quasdam
3160 1911 3403 1964 carnales
3430 1909 3718 1962 observan-

2184 1976 2282 2049 tias
2300 1979 2695 2047 prmeignabant,
2721 1976 2942 2034 carnalis
2961 1980 3225 2049 generatio
3245 1979 3369 2049 dicti
3393 1989 3534 2049 sunt.
3558 1979 3718 2046 Spiri-

2185 2047 2335 2099 tiialis
2362 2050 2627 2115 generatio
2665 2068 2692 2101 a
2717 2049 2923 2104 Chi-isto
2952 2047 3162 2116 incepit,
3195 2048 3406 2112 quando
3433 2047 3502 2100 de
3532 2050 3719 2100 carnali

2180 2117 2574 2170 circumcisione
2599 2130 2803 2172 rentum
2833 2129 2935 2182 est,
2975 2120 3055 2170 vel
3083 2118 3330 2170 transitus
3366 2117 3534 2169 factus
3558 2128 3634 2170 est
3659 2120 3718 2168 ad

2181 2184 2277 2249 spii
2295 2186 2502 2238 itualein
2530 2188 2591 2238 cii
2605 2191 2996 2250 cuiueisiouein,
3021 2189 3229 2251 quando
3249 2188 3313 2239 de
3333 2187 3516 2238 umbra
3535 2190 3594 2237 ad
3613 2203 3718 2238 rem

2183 2257 2434 2324 transitus
2459 2255 2624 2308 tat-tus
2645 2269 2743 2309 est.
2771 2258 2833 2308 Et
2856 2259 3077 2324 peractis
3096 2257 3393 2308 carnalibus
3409 2257 3719 2320 ofticiisqua:

2183 2323 2436 2386 pertinent
2465 2327 2526 2376 ad
2554 2324 2770 2378 carncur
2792 2341 2838 2377 ei
2867 2328 2930 2377 ad
2958 2338 3104 2377 νιιιιιε
3128 2335 3520 2388 testamentum,
3546 2335 3597 2376 et
3617 2328 3719 2390 spi-

2181 2391 2451 2443 ritualibus
2479 2408 2592 2461 quae
2623 2397 2882 2460 pertinent
2906 2397 2968 2446 ad
3001 2397 3237 2462 spiritum
3279 2407 3332 2446 et
3363 2408 3553 2446 natum
3609 2405 3716 2444 les-

2184 2469 2465 2513 taiiientum
2487 2501 2502 2525 ,
2535 2463 2585 2514 in
2617 2462 2805 2528 quibus
2833 2464 3074 2516 omnibus
3103 2464 3353 2516 debemus
3384 2463 3717 2515 cousideiare

2180 2533 2526 2595 septenarium
2554 2549 2847 2598 Iittinet'ttin,
2876 2531 2939 2584 ad
2961 2547 3166 2584 carnem
3207 2531 3418 2598 quidem
3447 2532 3718 2584 reteri-udo

2180 2604 2567 2665 quaternariuni
2593 2617 2884 2663 numerum,
2907 2602 2969 2654 ad
2995 2605 3233 2666 Spiritum
3259 2614 3384 2652 vero
3413 2605 3712 2663 ternarium,

2180 2667 2413 2733 sequitur
2445 2668 2555 2723 dies
2584 2685 2768 2722 oetava
2791 2711 2807 2735 ,
2853 2672 2900 2723 in
2928 2687 3026 2737 qua
3059 2671 3144 2723 ilie
3177 2670 3376 2722 meritis
3400 2671 3714 2738 singularum

2180 2739 2442 2808 reddetur,
2467 2741 2599 2803 quod
2623 2740 2839 2792 debetur
2861 2757 2874 2804 ;
2897 2749 2950 2793 et
2969 2755 3082 2808 qua!
3104 2739 3218 2791 dies
3243 2739 3487 2792 transfert
3509 2749 3713 2790 sanctis

2181 2805 2243 2856 ad
2284 2816 2530 2858 Tlet‘ttttllt
2575 2809 2938 2872 salvatiouem,
2980 2805 3145 2862 malos
3190 2823 3312 2861 vero
3351 2809 3416 2860 ad
3466 2819 3712 2860 :eteriiaiu

2180 2875 2585 2945 damnationem.
2613 2880 2776 2942 Quam
2821 2880 3203 2931 deminutionem
3251 2880 3445 2930 timens
3471 2879 3716 2945 quietibi-t

2180 2943 2346 3013 tidetis
2388 2946 2582 3009 anima,
2631 2957 2683 3000 et
2725 2958 2910 3013 optans
2960 2959 3208 3000 aiternain
3250 2943 3613 3005 salvationem,
3663 2958 3714 2999 tt

2179 3012 2293 3083 ideo
2318 3015 2572 3080 priuieiita
2597 3012 2804 3082 peccata
2833 3019 3188 3073 reminiscens.
3217 3026 3269 3068 et
3288 3031 3348 3069 ea
3373 3017 3713 3083 ingemiscens

2181 3081 2255 3132 sic
2286 3085 2460 3146 instat,
2506 3087 2580 3137 sic
2599 3081 2715 3153 agit
2754 3102 2872 3138 cum
2919 3085 3154 3138 Domino
3181 3085 3286 3137 Deo
3326 3081 3450 3147 suo,
3491 3085 3621 3153 sicut
3662 3087 3710 3134 in

2187 3153 2382 3215 psalmo
2404 3152 2716 3208 invenietur.
2756 3156 2854 3208 Sed
2883 3155 3023 3221 prius
3055 3155 3233 3207 titulus
3253 3163 3562 3221 exponatur.
3609 3152 3708 3206 Iste

2184 3223 2410 3286 psalmus
2464 3222 2625 3275 David
2671 3223 2952 3277 historialis
3009 3223 3216 3277 habitus
3283 3224 3335 3275 iu
3398 3224 3710 3276 caimin'itnis

2183 3289 2331 3340 idest
2362 3290 2413 3340 iu
2452 3292 2640 3345 divinis
2689 3294 2924 3347 laudibus
2967 3291 3192 3346 refertur
3235 3293 3286 3346 in
3338 3291 3517 3354 tinem,
3549 3292 3595 3343 id
3631 3303 3712 3344 est

2181 3358 2466 3429 Christum,
2498 3370 2552 3414 et
2591 3361 2687 3414 hoc
2719 3363 2854 3426 ideo,
2885 3363 3001 3427 quia
3047 3361 3212 3415 factus
3254 3373 3335 3416 est
3383 3377 3476 3429 pro
3506 3371 3706 3422 octava,

2183 3425 2230 3478 id
2260 3439 2339 3479 est
2370 3430 2418 3480 iii
2465 3444 2590 3482 voce
2632 3425 2850 3498 alicujus
2879 3425 3043 3484 fidelis
3071 3434 3258 3486 anima:
3307 3425 3539 3483 timentis
3564 3445 3706 3480 oeta-

2183 3511 2299 3546 vam
2330 3497 2467 3549 diem
2493 3538 2507 3561 ,
2555 3500 2604 3551 id
2632 3508 2712 3553 est
2740 3497 2875 3555 diem
2901 3502 3102 3568 judicii,
3132 3518 3246 3570 quae
3276 3501 3566 3570 membrum
3597 3499 3707 3566 i-jus

2179 3575 2278 3616 est.
2312 3570 2436 3630 Quae
2476 3570 2648 3621 anima
2675 3583 2788 3622 orat
2818 3571 2868 3624 in
2901 3574 2999 3624 hoc
3029 3569 3222 3624 mundo
3264 3569 3458 3630 sanari,
3510 3579 3562 3619 ut
3605 3586 3704 3619 tum

2179 3647 2372 3689 metuat
2406 3639 2454 3689 in
2484 3639 2568 3692 die
2613 3639 2697 3692 illa
2727 3641 2868 3709 argui
2916 3645 2992 3693 vel
3037 3642 3246 3705 corripi.
3281 3639 3410 3692 lliiic
3440 3647 3608 3709 potest
3633 3639 3706 3688 iu-

2180 3713 2342 3757 tentio
2370 3710 2553 3760 leviter
2577 3707 2804 3774 concipi.
2831 3710 3080 3774 Loquitur
3107 3719 3279 3760 autem
3311 3723 3336 3759 δ
3359 3723 3388 3760 c
3421 3725 3433 3759 :
3469 3707 3699 3766 Domine,

2179 3790 2292 3836 ure,
2321 3789 2442 3827 seca
2475 3778 2525 3828 in
2558 3777 2654 3830 hoc
2678 3781 2889 3837 sarculo,
2919 3795 2979 3829 ne
3004 3793 3183 3843 arguas
3210 3793 3304 3839 me,
3339 3777 3388 3828 id
3421 3788 3522 3838 est,
3559 3779 3702 3827 dani-

2179 3858 2271 3897 nes
2301 3859 2384 3913 iue
2408 3845 2460 3895 in
2501 3845 2670 3912 furore
2713 3855 2830 3909 tuo;
2864 3847 2911 3898 id
2942 3855 3038 3910 est,
3097 3847 3145 3898 iii
3194 3849 3277 3899 illa
3308 3848 3417 3908 ira,
3461 3861 3615 3913 quam
3659 3857 3704 3896 tu

2178 3912 2425 3965 ostendes
2454 3913 2623 3981 impiis
2649 3916 2698 3967 in
2728 3914 2812 3968 die
2836 3915 3039 3983 jiidicii.
3079 3918 3308 3983 Arguere
3341 3931 3434 3982 pro
3463 3912 3704 3982 compro-

2178 3986 2318 4045 bare,
2357 3998 2447 4042 pro
2477 3997 2724 4038 accusare
2752 3988 2974 4050 ponitur,
3005 3996 3054 4038 et
3087 4002 3177 4051 pro
3204 3987 3472 4046 damnare,
3507 3996 3558 4034 iit
3591 3988 3700 4045 ilic;

2176 4067 2225 4102 iet
2255 4057 2408 4116 etiam
2440 4068 2539 4105 non
2569 4055 2810 4120 corripias
2841 4071 2916 4106 me
2941 4070 2959 4106 .'
2990 4056 3037 4105 id
3068 4063 3178 4118 est,
3211 4056 3408 4106 nultum
3442 4068 3700 4118 peccatum

2177 4123 2226 4173 iii
2276 4137 2358 4173 me
2407 4122 2672 4188 invenias,
2725 4134 2933 4188 propter
2982 4127 3117 4189 quod
3163 4141 3245 4174 me
3295 4125 3508 4189 dignum
3537 4138 3702 4175 corre-

2174 4193 2345 4243 ctione
2391 4191 2440 4242 iu
2502 4193 2618 4256 igne
2669 4192 2964 4257 purgatorio
3009 4193 3277 4244 astenilas.
3329 4196 3498 4245 Unine
3568 4208 3698 4244 eiun-

2176 4269 2459 4328 pet-catum,
2485 4261 2617 4326 quod
2640 4259 2762 4312 facit
2784 4264 2958 4324 homo,
2984 4271 3070 4313 aut
3091 4262 3199 4326 ipse
3227 4263 3405 4327 puniet
3433 4275 3523 4312 aut
3556 4263 3697 4313 υνυς.

2245 4329 2480 4380 Miserere
2503 4330 2618 4391 mei,
2653 4329 2882 4391 Domine,
2913 4333 3164 4396 quoniam.
3203 4333 3262 4381 iit
3290 4344 3340 4381 ut
3373 4345 3456 4382 uie
3487 4345 3587 4380 non
3617 4345 3697 4384 ar.-

2176 4414 2320 4465 guas,
2369 4413 2537 4462 neque
2565 4400 2840 4465 corripias,
2880 4404 3106 4452 miserere
3144 4402 3235 4450 niei'
3267 4401 3316 4451 in
3350 4401 3448 4450 hoc
3477 4403 3698 4450 sic-culo:

2175 4472 2222 4521 id
2271 4479 2369 4529 est,
2422 4482 2628 4520 manum
2679 4479 2816 4520 tuam
2866 4470 3221 4522 incdicabilein
3277 4472 3402 4520 mihi
3452 4483 3700 4534 supponis,

2169 4542 2284 4604 quia
2332 4537 2558 4602 inﬁrmus
2601 4554 2729 4600 sum,
2785 4538 2833 4590 id
2866 4550 2965 4602 est,
3009 4541 3128 4604 quia
3159 4539 3418 4591 medicina
3460 4554 3587 4602 egeo
3615 4556 3701 4604 pro

2171 4607 2358 4686 mentis
2386 4606 2712 4687 innlirinitate:
2734 4608 2878 4673 Quod
2909 4611 3159 4687 se’quitur,
3190 4611 3326 4687 idem
3349 4620 3432 4659 est
3455 4623 3571 4659 eum
3605 4626 3691 4658 su-

2173 4677 2380 4739 periori.
2415 4676 2554 4728 Sana
2583 4693 2673 4737 me,
2703 4679 2750 4729 id
2779 4688 2875 4738 est,
2907 4676 3156 4732 miserere
3187 4679 3309 4736 mei,
3331 4693 3448 4745 quia
3489 4691 3684 4727 cuntur-

2171 4746 2280 4796 bata
2325 4755 2438 4794 sunt
2489 4761 2598 4794 Ossa
2647 4761 2751 4797 mea
2796 4762 2814 4798 :
2861 4747 2907 4798 id
2936 4757 3036 4810 est,
3093 4749 3208 4812 quia
3241 4748 3380 4798 vires
3426 4756 3477 4796 et
3521 4747 3698 4796 robora

2172 4815 2356 4883 mentis
2385 4823 2505 4864 sunt
2533 4816 2798 4883 imminuta
2833 4827 3042 4883 propter
3072 4826 3302 4883 peccata,
3335 4830 3449 4866 eam
3489 4830 3698 4883 gravan-

2171 4883 2258 4934 tia.
2288 4882 2422 4933 Istud
2461 4882 2677 4934 refertur
2701 4886 2762 4935 ad
2791 4882 3032 4952 Inﬁrmus
3067 4882 3176 4936 sum
3197 4927 3210 4950 ,
3243 4887 3319 4937 \el
3351 4885 3520 4947 aliter,
3553 4882 3700 4936 Mise—

2168 4968 2271 5003 rere
2293 4951 2407 5012 mei,
2439 4953 2667 5015 quoniam
2693 4951 2918 5016 inﬁrmus
2939 4971 3045 5005 sum
3070 4955 3119 5004 iii
3145 4969 3300 5005 carne
3331 4968 3465 5005 mea.
3490 4955 3696 5005 Multum

2169 5022 2304 5072 enim
2335 5032 2502 5072 motus
2531 5025 2703 5073 carnis
2742 5036 2956 5088 surgunt
2988 5024 3259 5075 adversum
3292 5039 3394 5075 uie.
3439 5023 3581 5074 Sana
3603 5039 3697 5084 me,

2167 5092 2396 5156 quoniam
2430 5091 2720 5141 conturbata
2747 5100 2857 5142 sunt
2897 5107 3007 5144 ossa
3029 5108 3135 5144 mea
3157 5108 3175 5145 .'
3199 5093 3252 5144 id
3277 5103 3373 5158 est,
3408 5107 3525 5158 quia
3554 5096 3691 5144 iiitir-

2170 5175 2278 5209 ltltlS
2307 5175 2419 5211 sum
2446 5162 2494 5210 in
2521 5169 2712 5210 tuente.

2237 5227 2300 5278 Et
2329 5246 2493 5280 anima
2522 5243 2628 5278 mea
2656 5228 2847 5278 turbata
2877 5239 2969 5285 est,
3005 5231 3063 5283 Et
3091 5247 3156 5283 ne
3186 5247 3274 5295 per
3303 5245 3420 5284 ossa
3451 5229 3698 5295 intelliga-

2169 5308 2254 5368 tur.
2275 5314 2486 5364 corpus,
2537 5297 2801 5362 sutijuiigit
2844 5298 2965 5351 illud
2998 5304 3133 5368 quod
3182 5301 3331 5352 nobis
3379 5301 3696 5356 manifestat,

2167 5366 2284 5428 quid
2316 5383 2404 5432 per
2432 5383 2546 5417 ossa
2577 5368 2858 5418 debeamus
2885 5366 3140 5435 accipere,
3163 5370 3358 5422 scilicet
3388 5374 3557 5418 anima
3595 5386 3698 5419 mea

2169 5440 2362 5486 turbata
2394 5445 2465 5487 est
2495 5435 2638 5486 ualde
2681 5450 2699 5487 :
2741 5438 2788 5488 id
2829 5446 2911 5488 est
2947 5439 3216 5490 debilitata
3245 5442 3296 5489 in
3326 5453 3440 5490 suis
3469 5438 3694 5498 ossibus,

2169 5504 2218 5554 id
2249 5515 2345 5567 est,
2381 5508 2428 5554 in
2456 5519 2546 5554 suo
2580 5505 2781 5558 robore.
2820 5505 2881 5555 Et
2908 5507 3025 5573 quia
3055 5510 3347 5573 perturbata
3375 5517 3474 5564 est,
3508 5517 3560 5556 tu
3594 5508 3692 5557 Do-

2171 5573 2320 5637 mine,
2358 5590 2604 5641 usqiicquo
2627 5576 2838 5627 Cches?
2866 5578 2914 5627 id
2939 5585 3190 5642 estquarc
3215 5591 3297 5626 me
3317 5576 3400 5626 liic
3427 5591 3529 5626 non
3555 5579 3696 5628 uris?

2169 5657 2328 5707 qum‘e
2361 5659 2441 5693 me
2468 5660 2566 5692 non
2599 5657 2742 5693 seras
2771 5655 2825 5696 ut
2851 5647 2898 5696 iii
2929 5647 3011 5696 itii:
3040 5653 3216 5694 octava
3254 5661 3334 5696 inc
3359 5661 3461 5695 iioii
3491 5660 3692 5709 arguas,

2169 5726 2334 5779 neque
2366 5711 2634 5780 coii'ipias.
2668 5712 2778 5768 Noli
2811 5715 3298 5786 cessai‘cﬁcdaitut
3333 5727 3380 5769 te
3413 5724 3643 5768 uicitisii
3665 5735 3693 5765 .i
