3914 6228
161 417 264 472 521

886 412 949 466 IN
983 410 1396 468 PSALMORUM
1439 411 1688 492 ιΑβιιυιί
1729 409 2083 465 EXEGESIS.
2124 441 2193 452 —
2233 411 2475 466 PSAlAl.
2524 409 2628 464 VII.

3268 416 3370 470 ενι

161 529 268 596 piis
301 530 368 581 sit
399 539 492 594 pro
519 523 776 578 medicina
804 523 1041 577 sanitatis
1068 525 1464 596 conservandae.
1491 525 1726 593 interpo—
1759 526 1802 581 Λ
1830 536 2134 596 pravamex
2156 522 2326 596 aliqua
2353 538 2407 574 re
2430 531 2630 574 terrena
2662 522 2940 596 contrahit.
2976 524 3198 580 Parturit
3226 548 3375 596 ergo,

159 594 419 658 sitionem
471 596 746 659 faciendo,
808 597 992 653 oravit,
1058 594 1190 646 redit
1237 596 1300 645 ad
1353 595 1606 658 judicium
1662 597 1728 648 de

161 669 364 731 impiis.
389 665 544 731 Quasi
568 664 724 726 dicat,
743 671 1055 716 convertens
1075 679 1131 715 se
1153 662 1215 714 ad
1244 665 1431 730 impios
1457 683 1467 715 :
1493 666 1713 729 Quando

157 739 379 798 quidem
431 734 698 794 Dominus,
727 747 758 783 ο
785 747 896 794 Vos,
932 732 1096 798 itnpii,
1143 731 1251 800 jam
1303 734 1498 796 jttdicat
1524 736 1729 786 m-cnlto

156 805 385 868 judicio,
422 807 468 854 id
498 812 598 858 est.
629 817 720 865 per
747 803 1032 853 caecitatem
1066 805 1275 863 mentis,
1310 803 1430 869 quid
1465 805 1551 856 liet
1583 803 1728 856 vobis

158 875 216 922 in
251 873 540 926 extremis?
571 869 860 932 Manifeste,
890 871 1112 934 scilicet,
1146 883 1266 924 lttnc
1301 887 1392 922 vos
1425 873 1474 922 in
1503 873 1730 926 exterio-

162 959 256 994 res
310 943 550 995 tenebras
596 942 757 993 dabit.
809 939 954 1003 Quod
1007 955 1108 992 non
1170 941 1479 1004 denegasti.
1533 943 1730 993 lriltttas

161 1013 330 1064 etiam
364 1011 672 1065 medicinam
721 1009 1092 1062 confirmanda:
1140 1012 1401 1063 sanitatis.
1443 1013 1530 1064 Sic
1557 1011 1683 1064 dicit
1713 1025 1740 1064 :'

164 1081 312 1134 Deus
344 1081 518 1142 Pater,
549 1082 634 1147 qui
679 1078 836 1145 judex
867 1078 1038 1141 justus
1082 1089 1182 1140 est,
1237 1079 1458 1132 reddens
1503 1080 1726 1143 singulis

163 1165 268 1215 pro
296 1150 527 1205 meritis.
555 1159 601 1201 et
628 1151 712 1212 qui
745 1147 890 1199 fortis
912 1157 1010 1206 est,
1038 1147 1084 1198 id
1111 1160 1210 1209 est,
1236 1150 1315 1200 cui
1340 1151 1510 1201 nullus
1538 1156 1726 1213 poterit

164 1222 442 1283 resistere,
475 1225 526 1270 et
555 1227 724 1269 tamen
757 1218 956 1277 patiens
983 1228 1064 1267 εει
1095 1218 1142 1267 in
1178 1221 1438 1284 priesenti,
1462 1222 1580 1285 quia
1626 1228 1726 1273 non

160 1286 434 1350 irascitur,
469 1287 517 1340 id
559 1297 660 1348 est,
701 1302 800 1336 tton
843 1296 1125 1352 congregat
1172 1288 1436 1338 ministros
1469 1291 1559 1341 ira:
1593 1304 1726 1352 ante,

159 1357 216 1409 id
262 1368 364 1419 est,
413 1357 669 1419 diabolus,
703 1356 766 1406 ad
808 1355 1163 1406 ulciscendum
1198 1371 1287 1420 per
1312 1359 1542 1423 singulos
1591 1360 1723 1422 dies,

160 1441 305 1494 quos
340 1428 608 1478 ministros
634 1426 860 1494 luitnana
889 1438 1038 1486 pmtta
1073 1439 1174 1476 nntt
1217 1441 1309 1492 per
1330 1428 1602 1490 justitiam,
1635 1431 1726 1481 sed

163 1493 387 1562 pr0pter
421 1497 678 1562 proiiriain
711 1493 992 1562 nequitiam
1016 1493 1260 1555 delectat,
1289 1506 1342 1547 et
1372 1495 1488 1548 ideo
1516 1511 1728 1562 semper

161 1561 230 1614 ad
263 1561 556 1616 nocendum
588 1564 750 1629 parati
794 1571 947 1632 sunt;
980 1561 1135 1626 Deus,
1190 1564 1419 1630 inquam,
1452 1566 1537 1632 qui
1560 1567 1723 1630 judcx

162 1646 274 1695 εει,
304 1634 403 1687 ιιἱεί
459 1648 567 1695 vos,
603 1632 768 1699 ititpii,
813 1631 1019 1682 interim
1051 1634 1291 1684 conversi
1324 1631 1526 1687 fueritis
1556 1639 1725 1700 paeni-

161 1708 387 1754 tentiam
437 1702 663 1770 agendo,
695 1701 818 1753 dum
857 1703 1058 1752 occulte
1110 1717 1200 1753 vos
1242 1701 1462 1770 judicat,
1517 1707 1725 1758 tandem

163 1787 266 1825 vos
293 1769 569 1823 manifeste
590 1769 863 1838 judic.ibit,
893 1771 1011 1836 quia
1040 1770 1291 1836 gladium,
1326 1772 1375 1824 id
1406 1781 1506 1833 est,
1539 1775 1724 1827 Filium

1831 606 1948 664 cum
1975 591 2303 664 delectationi
2351 606 2663 664 consensum
2676 592 2928 664 _ad|iibet,
2956 610 3006 647 ei
3036 596 3085 647 in
3109 612 3212 664 quo
3238 591 3380 656 «ιέιεξ

1829 661 2374 732 cl;i_balur1|terﬁtfel'e
2418 671 2510 710 sat.
2532 663 2624 726 git.
2675 660 2812 712 Parit
2851 674 3046 725 autem,
3092 660 3298 732 quando
3329 674 3379 728 ιιι

1830 730 1946 782 aliis
1973 729 2195 797 perficit.
2227 731 2281 783 Si
2320 741 2493 781 autent
2524 746 2638 782 vara
2674 732 2862 795 mortis,
2899 741 2951 784 ιιι
2998 729 3151 799 supra
3180 739 3378 795 dictum

1830 808 1930 860 est,
1981 802 2256 852 haereticos
2301 799 2607 864 accipimus.
2646 799 2752 867 jam
2798 803 3081 854 secundum
3121 808 3219 860 lioc
3246 826 3379 866 con-

1831 868 2055 945 tinuatio
2079 871 2260 921 eadem
2284 879 2400 920 erit.
2429 871 2692 945 Sententia
2717 885 2837 945 vero
2872 871 2920 922 in
2951 872 3044 945 hoc
3071 879 3376 945 mutabitur,

1832 938 1949 1016 quia
1980 943 2280 1016 ostendetur
2313 954 2414 1016 non
2445 940 2631 1016 quibus
2659 949 2712 990 ιιι
2737 941 2799 991 de
2826 944 3097 1016 aposmlis.
3132 950 3223 1000 sed
3253 938 3381 1016 qua.

1836 1007 1951 1079 liter
1977 1005 2080 1079 sint
2105 1024 2222 1060 vasa
2263 1005 2469 1079 mortis.
2501 1008 2796 1061 Delectatur
2825 1005 2960 1062 enim
2988 1013 3174 1079 aliquis
3213 1005 3378 1072 luere-

1834 1075 1964 1128 licus
2006 1076 2055 1128 in
2108 1077 2443 1143 persuasione
2485 1092 2660 1139 prava,
2715 1079 2927 1130 adtilbet
2981 1075 3290 1141 consensum
3329 1102 3382 1144 et

1831 1157 1948 1214 cuin
1975 1161 2231 1200 consensu
2261 1149 2416 1198 etiam
2449 1146 2682 1214 adjitngit
2708 1157 2904 1199 actum.

1895 1213 2080 1289 Lucum
2098 1218 2288 1289 aperuit
2306 1225 2352 1266 et
2372 1213 2708 1289 e/[oditddem
2728 1217 2860 1282 quod
2875 1218 2924 1268 di
2937 1220 3004 1289 rit
3022 1223 3259 1289 superior
3274 1244 3384 1282 ver-

1832 1297 1942 1363 sus,
1967 1285 2084 1336 aliis
2100 1287 2292 1363 verbis,
2310 1296 2363 1363 ut
2389 1285 2501 1363 plus
2518 1285 2693 1363 addat.
2720 1289 2924 1363 repetit.
2950 1285 3116 1344 Lacus
3136 1303 3213 1346 cst
3235 1311 3383 1363 aqua;

1835 1354 1999 1420 locus,
2032 1354 2179 1420 cujus
2217 1355 2404 1406 fundus
2446 1355 2587 1407 latet.
2641 1355 2767 1407 lluic
2809 1369 3139 1422 comparatur
3179 1354 3383 1421 occulta

1832 1421 2110 1500 delectatio
2140 1425 2186 1474 in
2215 1435 2537 1500 terrenarum
2572 1438 2747 1500 rerum
2779 1421 3204 1500 lraudé._Lacum
3245 1451 3382 1500 ape...

1813 1492 1933 1544 'rii-e
1968 1503 2045 1546 est
2085 1493 2249 1544 lacum
2292 1494 2546 1553 dilatare;
2587 1495 2755 1545 lacum
2789 1510 2911 1547 vero
2955 1497 3182 1553 effodere
3211 1492 3292 1556 esi
3332 1509 3380 1557 in

1828 1563 1990 1612 altum
2024 1562 2304 1615 deducere.
2339 1563 2527 1614 Larqu
2551 1577 2676 1628 ergo
2702 1565 2872 1616 facere
2912 1576 2992 1618 est
3023 1566 3253 1624 fraudem
3285 1579 3380 1626 ali-

1830 1645 1985 1695 quam
2035 1632 2083 1682 in
2115 1629 2335 1684 terrenis
2381 1647 2584 1697 parare.
2615 1634 2830 1697 Aperire
2870 1648 2991 1688 vero
3035 1651 3117 1690 est
3159 1655 3382 1697 consen-

1830 1712 1944 1751 sum
1971 1701 2302 1754 delectationi
2337 1703 2499 1767 ipsius
2524 1702 2827 1768 adjungere.
2872 1704 3107 1760 Effudere
3138 1725 3259 1762 vero
3306 1727 3384 1767 est

1832 1770 2128 1851 operationi
2174 1770 2334 1836 ipsius
2379 1770 2587 1851 fraudis
2634 1771 3158 1851 _i.n.~ist_ere._E_t_qu_ia
3195 1783 3382 1851 aliqui,-

161 1854 345 1920 suum,
377 1856 531 1919 quem
553 1843 615 1920 _in
658 1840 823 1920 primo
849 1841 1072 1919 adventu
1105 1842 1428 1920 reconditum
1449 1845 1509 1920 in
1541 1846 1725 1920 vagi-na
1762 1861 1804 1920 Β
1837 1838 2002 1890 lacum
2023 1839 2414 1920 fecitnaperuit
2451 1838 2708 1920 etefi‘odit,
2746 1841 2862 1919 ideo
2898 1838 3072 1896 inridii
3106 1847 3157 1900 in
3190 1838 3383 1914 foveam

164 1911 515 1979 humanitatis
553 1909 800 1962 humilem
841 1909 1002 1979 misit,
1048 1911 1098 1960 in
1137 1911 1367 1962 secundo
1396 1909 1729 1979 adventuju-

161 1977 292 2030 dicii
347 1980 590 2042 vibraliit,
640 1979 688 2029 id
733 1991 834 2040 est,
891 1977 940 2029 in
980 1989 1084 2031 tam
1138 1978 1410 2031 inai-Efesta
1444 1983 1515 2033 ira
1560 1977 1731 2036 mittet

162 2048 344 2115 ipsum
367 2048 476 2116 jam
509 2048 818 2112 revelatum,
847 2058 902 2098 ut
933 2056 1174 2100 coruscet
1214 2050 1387 2100 illllll'll
1420 2049 1517 2114 piis
1544 2059 1596 2101 et
1627 2064 1731 2104 ter-

163 2131 348 2168 rorem
392 2118 587 2182 impiis,
631 2116 785 2180 justis
826 2128 1075 2182 appareat
1122 2121 1280 2180 mitis,
1312 2131 1363 2169 et
1392 2118 1636 2172 terribilis
1660 2124 1732 2173 iii-

159 2185 432 2251 justis;et
462 2187 561 2237 lioc
608 2200 708 2237 non
738 2185 848 2256 sine
891 2186 1212 2256 providentia
1255 2188 1428 2251 faciet,
1457 2190 1576 2253 quia
1621 2191 1727 2256 jitn

163 2257 380 2306 tetendit
409 2271 580 2306 arcum
603 2270 767 2314 suum,
797 2253 845 2305 id
873 2266 974 2320 est,
1017 2255 1336 2322 Scriptiirain
1382 2258 1508 2309 Novi
1541 2271 1588 2309 et
1621 2253 1729 2312 ’γε-

165 2326 297 2376 teris
342 2325 659 2376 Testaiin-nti
688 2363 704 2383 ,
757 2325 804 2374 in
847 2338 944 2392 qua
992 2325 1112 2377 illud
1160 2328 1383 2376 minatur
1426 2328 1726 2382 constituit:

164 2394 802 2465 qua:ideo_comparat:ur
830 2395 997 2458 arcui,
1021 2395 1142 2460 quia
1173 2397 1376 2465 siciit_in
1408 2412 1530 2447 aicu
1559 2400 1732 2465 rigidi-

169 2473 250 2513 tas
288 2464 412 2525 ligni
443 2463 666 2515 flecdtur
695 2477 784 2529 per
815 2477 1052 2531 nervum,
1095 2466 1161 2514 ita
1213 2463 1262 2516 in
1313 2462 1421 2526 ipsa
1463 2462 1727 2531 Scriptura

171 2547 266 2593 per
297 2532 657 2584 fortitudinem
689 2533 813 2584 Novi
855 2529 1175 2584 Testaineoti
1215 2533 1362 2599 quasi
1393 2549 1484 2598 per
1514 2529 1726 2590 nervum

169 2601 400 2673 ﬂectitur
428 2613 478 2653 et
510 2603 739 2673 mollitur
766 2600 954 2652 duritia
977 2601 1174 2673 Veteris
1207 2603 1549 2666 'l‘estamenti,
1579 2606 1730 2673 cujus

170 2672 356 2720 umbra
390 2685 479 2736 per
510 2671 668 2736 ipsius
700 2672 967 2722 veritatem
999 2672 1330 2736 explanatur,
1365 2683 1416 2724 ει
1463 2673 1528 2723 ita
1562 2671 1727 2725 teten-

169 2740 241 2808 dit
273 2754 453 2790 arcum
494 2740 631 2803 quod
682 2741 848 2806 ipsum
905 2743 1214 2806 praeparavit
1246 2741 1353 2806 jain
1387 2749 1630 2808 tanquam
1663 2746 1726 2796 ad

167 2807 528 2874 jaculatultttu,
573 2808 621 2860 id
655 2823 753 2871 εει,
793 2810 946 2877 quod,
962 2809 1305 2862 certissimam
1337 2807 1555 2864 tuorteiii
1585 2815 1633 2864 in
1665 2831 1729 2868 eo

172 2878 432 2943 promittit
485 2877 677 2943 impiis.
748 2877 811 2928 Et
877 2889 1126 2944 pra-terea
1194 2881 1503 2945 praeparavit
1569 2883 1617 2933 in
1666 2900 1729 2934 eo

171 2960 319 3017 arci,
369 2950 416 2998 id
465 2957 564 3008 est,
621 2946 870 3017 instruxit
915 2957 965 2998 et
1004 2950 1181 3000 docuit
1211 2952 1261 3001 itt
1313 2951 1421 3014 ipsa
1454 2949 1726 3017 Scriptura

172 3015 348 3067 divina
374 3032 490 3068 vasa
523 3016 725 3077 mortis,
759 3016 805 3067 id
827 3026 926 3078 est,
957 3021 1244 3082 apostolos,
1278 3019 1366 3083 qui
1399 3033 1460 3070 ex
1505 3015 1726 3072 sedan-

172 3099 328 3151 quani
353 3101 412 3137 ex
443 3101 564 3138 vase
589 3086 837 3152 liquorem
865 3087 1041 3150 talem,
1068 3087 1115 3136 id
1139 3097 1239 3150 est,
1268 3091 1394 3138 tales
1417 3090 1724 3155 sententias,

173 3158 444 3218 ludcrtttit,
491 3172 606 3222 qua)
652 3155 984 3208 credentibus
1030 3158 1238 3208 fuerunt
1283 3156 1348 3207 ad
1396 3157 1574 3219 vitam,
1624 3175 1724 3213 nou

171 3225 508 3275 crcdentilius
532 3240 654 3276 vero
683 3232 744 3275 ad
769 3234 1008 3276 mortem.
1036 3224 1184 3278 Unde
1225 3227 1503 3291 Apostolus
1533 3245 1543 3276 :
1576 3227 1725 3280 Clin-

169 3295 234 3346 sti
264 3295 420 3344 bonus
450 3296 570 3343 odor
596 3310 766 3345 sumus
800 3292 924 3358 Deo,
952 3297 1063 3347 aliis
1100 3296 1301 3362 quidem
1326 3297 1390 3344 ad
1420 3297 1590 3361 vitam,
1615 3303 1730 3352 aliis

170 3374 337 3413 autem
362 3367 425 3436 ad
453 3373 686 3436 mortcui._
714 3369 772 3414 l-.t
799 3363 960 3428 e/I‘ecit
991 3367 1150 3436 etiam
1182 3367 1232 3436 in
1261 3379 1326 3417 eo
1358 3380 1483 3417 arcu
1522 3372 1732 3436 sagittas

169 3447 311 3491 sum,
347 3434 393 3483 id
442 3444 540 3495 est,
588 3433 788 3484 divitias
827 3444 876 3483 et
925 3435 1270 3500 penetrabiles
1311 3433 1618 3496 sententias,
1650 3440 1728 3491 vel

171 3511 386 3553 sanctos
416 3511 468 3553 et
495 3505 756 3567 apostolos
798 3502 865 3552 ibi
899 3503 1160 3565 instruxit,
1194 3504 1505 3567 ardentibus,
1538 3507 1588 3557 id
1628 3519 1726 3570 est,

172 3574 511 3622 dilectoribus
538 3573 666 3634 suis,
710 3580 762 3622 ut
812 3570 906 3630 ipsi
959 3572 1077 3623 inde
1121 3573 1396 3623 utilitatem
1449 3576 1724 3628 liabet-ent.

173 3642 409 3704 Apostoli
449 3642 564 3692 ideo
593 3640 792 3707 sagitta:
840 3653 1108 3702 vocantur,
1139 3643 1257 3706 quia
1297 3641 1485 3693 divinis
1516 3655 1726 3696 sentcn-

176 3710 260 3761 tiis
291 3710 474 3775 lrigida
506 3710 661 3761 corda
706 3721 1058 3777 penetrantes,
1100 3712 1424 3763 credentium
1481 3716 1726 3766 incende—

177 3791 298 3828 runt
335 3794 394 3829 ea
444 3780 532 3830 tllo
582 3781 695 3842 igne
731 3780 796 3831 de
834 3794 936 3845 quo
984 3779 1047 3831 di.
1070 3791 1174 3831 tum
1224 3791 1336 3842 est:
1390 3778 1565 3848 Ignem
1617 3784 1728 3834 veni

171 3849 367 3899 mittere
396 3850 446 3898 in
491 3858 692 3911 terram,
725 3859 767 3898 et
811 3849 930 3914 quid
957 3853 1063 3901 t‘OlO
1094 3851 1188 3899 nisi
1216 3859 1267 3900 ut
1309 3851 1480 3901 ardeat
1500 3856 1523 3901 ἐκ
1549 3852 1596 3903 id
1625 3864 1725 3917 est,

171 3918 508 3968 dilectionem
538 3918 622 3971 Dei
651 3931 700 3969 et
734 3919 973 3984 proximi.
1011 3920 1233 3970 Possunt
1259 3919 1417 3971 etiam
1445 3935 1564 3970 vasa
1590 3938 1729 3973 mor-

176 3999 242 4035 tis
289 3987 518 4038 lueretici
552 3989 744 4046 vocari,
796 4003 925 4051 quos
955 3991 1075 4052 quia
1117 4002 1270 4051 prava
1306 3998 1420 4039 vota
1470 4000 1522 4041 et
1570 4006 1725 4043 causa

172 4067 490 4121 ;I'I'Ogaltll:B
551 4057 612 4105 ad
658 4056 861 4107 divinas
903 4056 1196 4121 Sci~ipturas
1249 4058 1538 4117 accedunt,
1595 4059 1729 4112 Deus

177 4124 431 4189 peiniittit
463 4138 552 4174 eos
589 4135 641 4176 et
671 4139 827 4190 prave
858 4123 1169 4191 intelligeie.
1211 4133 1264 4176 et
1289 4139 1446 4189 prave
1474 4128 1536 4176 ad
1580 4141 1725 4179 suam

173 4204 224 4242 rt
257 4196 541 4243 multorum
568 4205 784 4245 mortem
813 4208 1098 4259 exponere.
1133 4195 1277 4246 Unde
1299 4205 1439 4248 recte
1459 4212 1574 4247 vasa
1604 4214 1732 4248 mor-

174 4272 237 4314 tis
265 4265 529 4322 dientitur.
576 4265 712 4329 quod
758 4272 928 4315 tamen
960 4281 1060 4316 non
1117 4264 1368 4316 inutiliter
1413 4277 1729 4330 pennittitur

176 4334 290 4383 fieri
322 4341 570 4397 quantum
611 4336 674 4384 ad
722 4333 922 4398 fideles.
953 4335 1221 4400 Coguntur
1250 4336 1388 4386 enim
1418 4337 1525 4387 veri
1549 4344 1730 4388 catlio—

178 4403 265 4453 lici
300 4415 393 4467 per
433 4402 548 4453 illos
585 4403 852 4455 verit.iteiii
889 4407 937 4454 in
968 4404 1156 4455 divinis
1196 4406 1466 4456 sententiis
1503 4408 1729 4458 scrutari

175 4479 339 4535 atque
368 4472 675 4537 intelligere.
709 4473 855 4524 Unde
886 4473 1009 4523 dicit
1036 4474 1352 4537 Apostolus:
1390 4474 1594 4540 Oportet
1625 4492 1727 4526 esse

1833 1924 1984 1974 quam
2015 1909 2152 1986 fecit,
2184 1909 2231 1959 id
2259 1919 2358 1986 est,
2390 1907 2697 1986 prioremhet
2715 1911 3006 1986 graviorem
3051 1907 3226 1969 casum
3263 1937 3382 1986 p.15-

1832 1990 1921 2028 sus
1947 1987 2030 2030 est
2051 1979 2099 2030 in
2127 1979 2332 2039 fraude,
2360 1993 2514 2044 quant
2556 1978 2642 2029 alii
2672 1981 2888 2044 paravit.
2938 1983 3065 2035 Dicit
3093 1989 3230 2039 enim
3264 1978 3383 2044 bea-

1834 2054 1918 2097 tus
1945 2048 2286 2123 Augustinus,
2321 2047 2454 2123 quod
2480 2047 2685 2113 quisque
2730 2064 2828 2100 non
2866 2055 3006 2123 ptius
3035 2067 3202 2120 peccat
3231 2061 3280 2110 in
3309 2079 3381 2123 se,

1832 2131 1980 2189 quam
2005 2117 2054 2168 in
2080 2118 2314 2189 alterum.
2335 2121 2568 2189 Apparet
2584 2131 2710 2184 ergo
2739 2122 2874 2184 quod
2902 2117 3195 2189 quicunque
3222 2117 3380 2183 animi

1835 2183 1885 2258 in
1917 2186 2136 2258 terrenis
2169 2183 2612 2258 fraudarejcopit.
2646 2201 2703 2238 se
2731 2183 2871 2250 prius
2899 2183 3052 2258 quam
3101 2183 3242 2248 illum
3291 2201 3384 2253 de-

1831 2253 1973 2320 cipit.
2005 2255 2094 2308 Ille
2123 2256 2262 2307 enim
2313 2255 2506 2324 patitur
2534 2253 2781 2324 damnum
2814 2253 3067 2324 pecuniae,
3113 2261 3209 2317 iste
3237 2266 3384 2322 diun-

1835 2338 1955 2375 niim
1987 2324 2318 2377 innocentke.
2350 2326 2440 2376 lllc
2471 2323 2649 2377 leviori
2681 2326 2870 2377 damno
2921 2332 3152 2386 exterius
3196 2341 3381 2390 multa-

1833 2401 1934 2452 lttt',
1963 2397 2061 2445 iste
2084 2409 2330 2446 mucrone
2358 2394 2590 2446 avaritia:
2614 2394 2830 2446 interius
2851 2409 3078 2461 graVIter
3099 2406 3379 2461 sanciatur.

1835 2463 1940 2534 [loc
1996 2464 2112 2515 ideo
2163 2465 2423 2528 apposuit,
2469 2471 2524 2516 ut
2555 2464 2855 2534 ostenderet
2889 2467 3085 2533 justum
3130 2472 3380 2534 judicium

1835 2531 1946 2590 Dei.
1976 2535 2094 2597 quia
2130 2534 2263 2586 Deus
2297 2534 2449 2584 infert
2499 2531 2809 2600 supplicium
2862 2531 3033 2599 malis,
3065 2531 3167 2592 no—n
3197 2557 3258 2595 ex
3289 2563 3380 2599 sua

1835 2601 1934 2674 ira,
1957 2602 2048 2674 sed
2073 2618 2131 2653 ex
2160 2616 2350 2674 eorum,
2372 2605 2574 2668 propria
2604 2601 2852 2674 nequitia.
2873 2606 2937 2655 ita
2965 2614 3019 2658 ut
3041 2623 3153 2674 qua:
3175 2612 3383 2668 fuerunt

1835 2670 2183 2722 blandimenta
2218 2672 2412 2722 hutnitti
2450 2672 2710 2734 peccanti,
2757 2672 2860 2724 sint
2901 2670 3240 2732 instrumenta
3275 2683 3381 2734 Deo

1835 2741 2082 2801 punienti.
2113 2739 2215 2790 Nec
2247 2741 2664 2806 p'arteretmduin
2687 2744 2821 2806 quod
2843 2743 2976 2793 sicut
2998 2745 3045 2796 iii
3071 2759 3217 2801 utero
3245 2751 3381 2804 facio

1830 2819 2086 2873 concepto
2116 2811 2254 2859 aliud
2306 2809 2536 2877 gignitur
2579 2821 2624 2859 et
2659 2811 2794 2861 aliud
2825 2811 3008 2879 conci-p
3032 2823 3150 2880 tur,
3200 2831 3376 2876 semei.

1831 2880 1970 2928 enitt‘t
2000 2880 2310 2943 concipitur,
2357 2881 2512 2930 homo
2550 2889 2827 2943 generatur
2860 2899 2872 2932 :
2907 2882 2973 2932 ita
3003 2886 3157 2937 etiam
3203 2888 3252 2939 in
3294 2905 3380 2942 suo

1833 2948 2024 3024 pet-iuri
2061 2947 2428 3024 _simi|itudine_,
2454 2947 2626 3024 dolor,
2661 2949 2879 3024 _id_est,
2941 2965 3027 3004 res
3076 2956 3244 3021 aliqua
3287 2975 3378 3024 per

1829 3018 2230 3086 delectationem
2262 3017 2571 3082 eoiicipitur,
2605 3018 2846 3082 iniquitas
2875 3030 3045 3072 auio-in
3077 3017 3373 3086 genam}...

1901 3082 2221 3158 Cani'ertetur
2267 3087 2429 3158 dolor.
2462 3085 2701 3158 Ostendit
2729 3088 2988 3158 quomodo
3017 3082 3203 3158 aliquis
3250 3097 3378 3150 inci-

1832 3152 1920 3205 dat
1960 3156 2011 3206 in
2045 3157 2304 3229 propriam
2351 3155 2576 3216 foveam,
2621 3156 2688 3207 ita
2730 3152 2929 3229 scilicet
2973 3152 3123 3212 dolor
3151 3165 3281 3229 ejus,
3330 3169 3377 3220 id

1833 3232 1932 3299 est,
1975 3225 2208 3299 nequitia
2234 3223 2364 3289 ejus,
2398 3232 2731 3299 convertetur
2772 3225 2822 3276 iti
2845 3237 3000 3291 caput
3028 3231 3158 3296 ejus,
3178 3223 3236 3285 id
3269 3223 3376 3299 ἐει,

1835 3295 1886 3345 in
1913 3293 2140 3370 animam
2164 3294 2277 3359 ejus
2302 3308 2419 3360 qua:
2448 3294 2696 3370 debuerat
2720 3293 3120 3370 praeessedaciet
3141 3293 3378 3370 Sttlte58e;

1829 3374 1882 3414 et
1907 3377 2024 3430 quae
2050 3364 2301 3414 debuerat
2323 3368 2581 3429 imperare
2602 3363 2764 3427 ipsam
2787 3363 2940 3416 faciet
2957 3371 3172 3421 servire.
3204 3363 3378 3427 Omni;-

1829 3432 1963 3483 enim
1985 3433 2072 3507 qui
2103 3442 2354 3507 precatum
2383 3432 2520 3507 lusit,
2550 3447 2718 3507 seruus
2748 3442 2820 3507 est
2838 3437 3046 3507 peccati,
3069 3449 3114 3488 et
3145 3440 3380 3507 iniunas

1829 3504 1935 3565 eius
1962 3503 2222 3554 descendet
2268 3501 2501 3554 etiamin
2533 3501 2759 3572 verticem
2804 3502 2982 3572 ipsius,
3035 3508 3080 3556 id
3129 3501 3239 3572 est,
3278 3513 3380 3566 erit,

1828 3571 2068 3646 superior
2097 3574 2317 3646 ratione,
2351 3584 2468 3646 qua:
2498 3570 2628 3646 ratio
2657 3579 2736 3646 est
2760 3571 2906 3646 quasi
2936 3582 3108 3646 vertex
3142 3576 3192 3628 in
3219 3570 3379 3646 capi-

1831 3647 1913 3699 te;
1964 3639 2013 3690 id
2067 3649 2168 3699 est,
2222 3640 2271 3691 in
2315 3637 2511 3702 anima,
2542 3637 2661 3706 quia
2689 3639 2893 3705 dignior
2936 3643 3011 3692 vis
3039 3646 3225 3700 anima:
3276 3637 3374 3701 e'si.

1834 3707 2136 3775 Ubicunque
2175 3711 2314 3778 enim
2346 3709 2506 3760 libido
2532 3709 2848 3774 dominatur,
2892 3711 3022 3762 ratio
3047 3727 3297 3778 prenntur
3324 3730 3377 3771 et

1829 3777 2153 3844 subjugatur.
2189 3777 2412 3830 Possunt
2433 3778 2587 3828 etiam
2613 3778 2662 3828 lii
2684 3778 2787 3827 duo
2814 3793 2996 3831 versus
3020 3777 3375 3842 p’riecedcntcs

1828 3847 1892 3896 ad
1943 3849 2107 3899 solam
2147 3846 2700 3920 similitudinemlegi.
2743 3847 2925 3920 Quasi
2951 3849 3148 3904 diceri-t
3181 3869 3194 3905 :
3242 3857 3374 3920 Quid

1830 3929 2012 3967 censes
2063 3917 2346 3984 putandum
2398 3917 2464 3967 de
2514 3914 2599 3984 illo
2646 3931 2733 3982 qui
2782 3917 3009 3984 concipit
3053 3914 3284 3976 doloreui
3324 3943 3376 3978 et

1831 3981 2230 4057 parturit'atque
2260 3990 2392 4057 parit
2429 3981 2790 4050 iniquitatem?
2822 3981 2959 4057 ldetn
2995 3991 3192 4044 scilicet
3236 3999 3373 4057 quod

1830 4054 1894 4103 de
1925 4054 2012 4128 illo
2037 4057 2123 4120 qui
2157 4055 2393 4128 tota'vita
2424 4067 2518 4128 sua
2546 4064 2800 4128 praeparet
2842 4055 3063 4120 aliquem
3105 4054 3293 4128 lacum,
3323 4074 3379 4117 et

1832 4125 2038 4197 tandem
2071 4124 2479 4197 praicipitaretur
2509 4121 2557 4171 in
2589 4122 2781 4197 ipsum,
2810 4131 2864 4197 et
2891 4133 3011 4197 tunc
3039 4129 3190 4180 dolor
3219 4121 3331 4197 ejus
3355 4153 3369 4186 :

1831 4192 1879 4241 id
1904 4202 2002 4254 est,
2023 4192 2270 4259 quidquid
2298 4199 2450 4243 terra:
2470 4205 2586 4264 cuin
2612 4191 2791 4264 dolore
2813 4192 2881 4264 de
2904 4193 3016 4246 lacu
3040 4191 3369 4264 exhauserat,

1831 4273 2096 4333 regeretur
2133 4277 2288 4333 super
2314 4270 2470 4328 caput
2506 4260 2636 4325 ejus.
2682 4259 2743 4333 Et
2775 4263 2909 4333 idem
2957 4267 3109 4316 etiam
3140 4272 3275 4333 quod
3307 4259 3373 4323 de

1833 4332 1921 4382 illo
1947 4334 2032 4396 qui
2054 4348 2168 4383 cuin
2187 4332 2358 4402 utique
2375 4342 2658 4402 paraVisset
2675 4332 2825 4382 alicui
2846 4332 3041 4384 furcam
3067 4338 3146 4386 vel
3163 4332 3369 4402 poenam

1831 4401 2077 4467 aliquam,
2111 4416 2286 4467 postea
2336 4400 2576 4465 iniquitas
2605 4400 2717 4464 ejus
2748 4403 3084 4454 descenderet
3126 4400 3176 4457 in
3228 4412 3374 4461 verti-

1831 4485 1943 4520 cem
1978 4473 2160 4538 ipsius,
2193 4472 2364 4537 iniqua
2394 4469 2478 4520 illa
2505 4482 2654 4529 paena
2686 4477 3073 4541 retorqueretur
3100 4474 3150 4526 in
3183 4477 3369 4541 ipsum,

177 4527 415 4600 menses,
469 4527 647 4605 utvqui
695 4542 885 4604 probati
930 4552 1045 4591 sunt
1085 4527 1338 4606 inauifciti
1383 4527 1526 4607 ﬁant.
1577 4543 1726 4595 Cliri-
1755 4527 1804 4583 D
1831 4541 1964 4590 sicut
1989 4527 2675 4609 contigitAtiiairde‘ptena
2706 4527 2860 4609 quani
2889 4527 3374 4609 Marduclteo'para:

176 4619 295 4658 stus
321 4609 436 4658 ideo
465 4609 654 4659 dieitur
684 4609 909 4674 gladius,
950 4625 1066 4673 quia
1104 4620 1157 4660 et
1203 4625 1290 4676 per
1320 4611 1434 4675 ejus
1465 4614 1726 4663 humilita-

183 4690 290 4728 tem
323 4679 459 4727 Deus
486 4678 634 4728 Pater
660 4679 896 4729 inimicus
925 4693 1046 4729 suos
1094 4680 1376 4745 Superavil,
1418 4689 1470 4732 et
1490 4696 1608 4748 quia
1640 4696 1730 4746 per

182 4748 375 4812 ipsum,
410 4749 560 4798 veluti
597 4763 686 4813 per
712 4748 956 4815 gladium,
998 4763 1196 4801 caesura
1223 4758 1275 4801 et
1310 4762 1568 4815 separatio
1598 4749 1731 4804 inter

181 4822 350 4868 bonos
371 4827 422 4869 et
445 4820 607 4868 tnalus
637 4818 685 4868 ιιι
717 4821 798 4868 die
824 4819 1021 4883 judtcii.

257 4884 386 4956 Ecce
414 4889 625 4950 parturit
655 4889 971 4956 injtuttltam.
1004 4888 1447 4954 Ustenditquibus
1473 4891 1576 4942 sint
1608 4905 1731 4954 apo-

181 4955 303 5005 stolt
356 4971 472 5004 vasa
518 4955 710 5007 mortis.
738 4964 892 5021 Quasi
937 4957 1120 5010 dii-at:
1176 4957 1309 5009 Ecce
1362 4968 1530 5023 potest
1569 4960 1730 5012 videri

183 5024 323 5089 quod
359 5038 477 5095 vere
503 5035 623 5095 sunt
662 5042 779 5077 vasa
824 5036 994 5077 mortis
1031 5028 1360 5095 quibUsdam.
1391 5027 1517 5079 Nam
1548 5030 1732 5094 aliquis

185 5096 403 5159 parturit
445 5092 764 5159 iiijustitiam,
799 5098 847 5148 id
893 5107 995 5158 est,
1049 5092 1250 5148 laborat
1302 5111 1392 5162 per
1419 5092 1730 5149 consensum

189 5165 407 5234 ttnplere
447 5162 776 5234 ιιιιιιειιιιιιιιι,
811 5166 857 5216 id
888 5180 988 5224 est,
1031 5166 1314 5234 quamlibet
1350 5166 1728 5232 deceptionetn.

188 5230 256 5285 Et
287 5235 383 5284 boc
410 5232 544 5292 ideo,
573 5232 689 5297 quia
718 5237 934 5301 concepit
966 5230 1207 5300 dolorem,
1240 5236 1289 5287 id
1313 5249 1411 5299 est,
1435 5230 1734 5288 delectatio-

187 5316 314 5356 nem
343 5311 600 5373 contriuit
628 5317 688 5352 ex
724 5306 921 5366 doloie,
976 5306 1022 5354 id
1068 5316 1166 5365 est,
1217 5322 1281 5358 ex
1312 5309 1478 5373 aliqua
1527 5315 1731 5359 terrena

187 5387 266 5424 re.
328 5373 387 5422 Et
433 5371 548 5436 quia
592 5375 829 5436 concepit
857 5385 907 5423 et
961 5385 1199 5441 parturit,
1233 5377 1350 5428 ideo
1393 5371 1567 5443 postea
1600 5376 1734 5440 parit

189 5443 536 5505 iniquitatem,
565 5443 612 5492 id
644 5450 739 5498 est,
767 5443 965 5505 perlicit
995 5459 1156 5508 ipsam
1189 5447 1568 5510 deceptionein.
1600 5444 1731 5495 Nota

189 5515 327 5575 quod
354 5511 495 5562 dicat
521 5513 684 5563 dolor.
715 5512 959 5576 Augustin
989 5524 1040 5564 et
1070 5516 1212 5564 labor
1240 5517 1480 5565 dicuotur
1509 5524 1732 5566 terrena:

191 5594 296 5638 res,
328 5594 443 5643 quae
484 5582 628 5633 labor
669 5590 789 5633 sunt
813 5596 860 5630 in
889 5584 1221 5645 acquirendo.
1247 5585 1479 5648 angustia
1522 5586 1569 5634 in
1603 5583 1731 5634 νει-ί⁴

190 5649 384 5708 uendo,
417 5652 565 5700 dolor
615 5651 665 5702 in
696 5652 1001 5701 amittendo.
1034 5652 1292 5703 Parturire
1332 5668 1453 5703 vero
1478 5663 1556 5705 est
1585 5654 1733 5704 labor

187 5729 310 5773 ante
340 5729 565 5786 partum,
599 5736 781 5784 parere
806 5731 977 5772 autem
1017 5734 1214 5786 partum
1244 5725 1498 5774 emittere.
1533 5722 1731 5774 Conci-

192 5792 266 5859 pit
319 5804 442 5855 ergo
484 5789 669 5853 aliquis
716 5803 784 5842 ex
832 5791 1031 5856 dolore,
1077 5792 1282 5857 quando
1329 5794 1728 5845 delectationem

515 5885 775 5942 Pnnoc.
819 5888 1032 5948 XCIII.

1830 4617 1994 4667 verat,
2041 4623 2091 4659 et
2141 4610 2260 4660 aliis
2314 4607 2508 4658 multis.
2551 4606 2678 4657 Nam
2727 4607 2863 4657 sicut
2898 4611 3102 4675 utrique
3155 4606 3369 4667 istorum

1831 4677 1977 4728 labor
2004 4693 2131 4730 suus
2152 4688 2312 4739 esset,
2342 4680 2415 4729 sic
2443 4690 2566 4728 vero
2595 4676 2836 4727 omnibus
2859 4682 3078 4731 terrenis
3107 4682 3372 4737 fraudibus

1831 4747 2090 4798 insistentt
2133 4749 2278 4799 labor
2314 4759 2439 4798 suus
2471 4746 2638 4796 omnis
2666 4755 2764 4797 erit
2795 4746 2858 4795 ad
2887 4748 3299 4803 damnationem.

1901 4816 2180 4883 Cori/itebor
2203 4817 2435 4866 Domino.
2459 4817 2739 4883 Postquam
2762 4815 2932 4865 anima
2951 4818 3298 4872 Consideravit
3317 4823 3367 4874 in

1833 4887 1981 4936 bonis
1998 4881 2052 4939 et
2081 4891 2129 4937 tn
2153 4888 2301 4937 malis
2325 4887 2522 4948 justum
2548 4881 2819 4946 judicium,
2841 4886 2956 4949 quia
2993 4886 3127 4940 Deus
3149 4893 3224 4941 sic
3250 4906 3368 4952 pro-

1832 4956 2141 5025 tegitjustos
2169 4956 2385 5025 utipso:
2401 4955 2464 5004 de
2493 4969 2550 5004 se
2580 4952 2859 5017 illuuiinet,
2882 4954 2963 5025 sic,
2982 4958 3126 5020 punit
3149 4959 3367 5025 injustos

1832 5033 2009 5074 utnon
2037 5024 2101 5074 de
2122 5037 2211 5074 sua
2236 5023 2330 5081 ira,
2351 5029 2439 5074 sed
2457 5024 2521 5074 de
2546 5026 2746 5087 propria
2771 5023 2997 5088 nequitia
3021 5023 3364 5081 cosdainnet:

1833 5095 1952 5143 facit
2007 5093 2317 5144 laudabilem
2368 5096 2746 5162 Conlesstoiietn
2799 5090 2936 5155 Deo,
2984 5096 3049 5145 de
3095 5107 3233 5147 tanta
3275 5097 3366 5162 ju-

1829 5164 1964 5211 stitia
1990 5162 2104 5225 ejus
2131 5164 2316 5233 dicens
2342 5178 2353 5211 :
2381 5161 2656 5233 Confitebor
2692 5162 2900 5233 Domino
2925 5166 3191 5214 secundum
3211 5161 3369 5233 juitt-

1831 5235 1944 5299 tiam
1973 5236 2116 5298 ejus,
2146 5231 2194 5282 id
2226 5242 2339 5291 est,
2386 5232 2606 5299 laudabo
2635 5230 2902 5280 Dotninum
2936 5241 3144 5295 propter
3169 5230 3366 5299 justum

1826 5297 2073 5365 judicmm
2107 5301 2220 5367 ejus
2248 5302 2297 5351 in
2328 5306 2463 5353 vocis
2485 5297 2833 5358 confessione,
2862 5311 2912 5350 et
2941 5304 3096 5351 etiam
3130 5297 3365 5365 psallam,

1834 5372 1880 5419 td
1910 5378 2018 5432 est,
2057 5370 2191 5420 bona
2224 5381 2275 5422 et
2306 5385 2482 5421 suavua
2521 5383 2677 5432 Opera
2710 5373 2888 5418 faciam
2919 5372 3107 5420 nomini
3141 5372 3365 5427 Domini.

1831 5437 1881 5489 id
1903 5448 2004 5501 est,
2031 5443 2095 5490 ad
2116 5440 2508 5505 glorificandum
2536 5451 2722 5490 nomen
2751 5450 2849 5487 non
2873 5452 3064 5499 meum,
3092 5446 3180 5493 sed
3207 5444 3369 5508 ipsius

1835 5510 2036 5558 Domini
2065 5525 2075 5558 :
2105 5520 2158 5560 et
2178 5523 2384 5570 merito,
2402 5512 2517 5574 quia
2542 5508 2822 5576 altissmiiis
2842 5519 2942 5565 Cal,
2966 5521 3016 5559 et
3039 5511 3153 5561 ideo
3176 5513 3366 5576 dignus

1830 5579 1970 5628 omni
2002 5582 2171 5631 laude.
2207 5580 2316 5630 lluc
2344 5572 2465 5628 illud
2501 5584 2683 5626 attinet
2709 5591 2719 5624 :
2757 5572 2820 5627 Ut
2851 5577 3060 5628 videntes
3088 5572 3256 5643 opt-ra"
3280 5597 3365 5632 ve-

1830 5657 1953 5710 stra,
1986 5648 2264 5713 glori/irent
2300 5647 2455 5697 Deam
2486 5645 2571 5711 qui
2602 5646 2651 5694 in
2676 5647 2809 5696 caelis
2835 5657 2924 5698 est.
2951 5648 3056 5697 Nec
3081 5660 3226 5700 vacat
3252 5650 3366 5700 bxc

1831 5717 2112 5768 confessio.
2144 5719 2362 5779 Quidam
2385 5717 2521 5768 enim
2550 5725 2697 5766 erant
2719 5729 2803 5780 qut
2835 5719 3219 5769 damnationem
3253 5735 3364 5770 tn..-

1832 5784 1998 5838 loruin
2015 5794 2067 5839 et
2087 5786 2424 5840 salvationem
2449 5787 2719 5847 bonorum,
2741 5783 3004 5848 nonjusto
3022 5785 3221 5851 judicio
3245 5788 3358 5840 Dei.

2913 5882 2982 5941 17
