3914 6228
526 352 623 409 εέὅ

970 348 1166 404 ΒΕΟᾸΕ
1210 345 1648 403 VCNERABILIS
1686 345 1833 401 OPP.
1872 343 2047 402 PARS
2085 343 2154 400 ll.
2189 341 2376 400 SECT.
2412 345 2469 401 Il.
2517 374 2581 387 —-
2619 344 2825 400 DUBIA
2864 341 2951 400 ET
2981 342 3249 423 §PUR|A.

3623 341 3730 397 δυ

523 466 613 518 sed
654 461 759 514 lato
797 457 873 511 vel
902 456 1302 521 constellationi,
1338 457 1417 511 vel
1446 457 1649 510 caeteris
1677 454 1867 509 talibus
1894 435 2060 508 ascri-
2086 460 2134 515 Α
2166 454 2528 509 formationem
2560 470 2657 508 nos
2698 455 3093 519 exhortaretur,
3139 463 3253 508 orat
3300 453 3351 507 iri
3387 453 3489 507 hoc
3521 456 3733 519 psalmo

524 533 730 587 hebant.
760 528 1036 582 Sciendum
1065 528 1199 595 quod
1226 526 1270 580 si
1313 526 1411 580 iste
1459 526 1686 593 psalmus
1734 525 1785 578 in
1837 538 2058 595 persona

526 602 767 669 perfectae
794 598 984 669 anima:
1029 593 1095 669 de
1139 595 1416 663 posteriori
1460 595 1647 669 populo
1678 594 1899 669 legatur,
1932 593 2060 669 nihil

525 663 591 723 de
620 668 912 736 supradicta
944 666 1166 736 lectione
1194 672 1402 736 oportet
1440 664 1647 722 mutari.
1678 663 1777 717 nisi
1804 663 1942 736 forte
1974 663 2059 736 ubi

523 742 647 795 dicit
670 732 972 805 z'Exsurge,
1002 734 1237 805 Domine,
1267 734 1319 786 in
1350 736 1752 805 prtecepto_quod
1793 733 2059 805 mandasti.

525 811 677 866 Juxta
705 806 841 875 quod
874 800 1043 872 potest
1067 800 1553 875 etiamgprmcedens
1586 800 1897 875 Easurgein
1937 817 2065 867 qua-

482 912 487 913 ί
524 881 653 935 libet
684 870 927 939 lectione,
957 873 1345 927 continuatione
1392 886 1495 924 non
1543 879 1738 924 mutata
1769 870 1943 925 taliter
1975 885 2065 923 va-

461 980 469 988 -
522 941 852 1011 riathuasi
886 946 1014 995 dicat
1046 940 1272 1011 perfecta
1314 941 1484 1011 anima
1516 940 1590 1011 de
1638 942 1908 1011 posteriori
1954 939 2065 993 sive

525 1022 591 1073 de
630 1008 785 1080 priori
828 1012 1013 1079 populo
1043 1028 1055 1065 :
1084 1010 1141 1080 Si
1172 1010 1268 1080 feci
1300 1010 1452 1080 quod
1476 1010 1646 1080 Adebui
1691 1008 1943 1080 imitando
1990 1017 2060 1076 te,

526 1077 662 1142 nunc
693 1095 768 1147 tu,
801 1077 1045 1144 ﬂumine,
1077 1079 1158 1132 fac
1187 1079 1310 1132 mihi
1352 1078 1490 1146 quod
1534 1078 1711 1138 debes,
1741 1077 1945 1147 scilicet
1970 1093 2061 1130 ex-

522 1171 670 1225 surge
696 1146 979 1225 inira_tt_ta,
1003 1150 1051 1202 id
1073 1160 1172 1225 est,
1191 1151 1469 1225 augeiram
1498 1162 1704 1225 gravem
1735 1157 1786 1199 et
1810 1146 2065 1225 ξιτειιριι.

525 1216 679 1280 bilem
722 1221 943 1273 inimicis
990 1220 1149 1281 meis,
1202 1217 1445 1271 videlicd
1482 1220 1722 1284 permitte
1755 1230 1855 1284 eos
1890 1216 2066 1283 ﬂagel-

526 1296 636 1349 lare
656 1302 707 1347 et
731 1290 965 1359 perse'lui
989 1304 1092 1359 me.
1122 1286 1557 1359 tjognoscoeuiin
1584 1285 1707 1359 dum
1743 1283 1976 1359 ﬂagellor
1999 1286 2066 1339 ab

526 1366 648 1427 illis,
680 1353 781 1414 non
824 1353 911 1412 me
949 1353 1332 1427 negligis,'srd
1374 1354 1474 1407 illis
1517 1353 1566 1405 in
1616 1355 1694 1427 ira
1721 1355 1991 1427 exsurgie,
2022 1364 2066 1407 et

527 1423 749 1487 exaltare
775 1433 826 1482 in
854 1423 1040 1496 ﬁnibus
1059 1425 1369 1496 inimicorum
1404 1437 1650 1496 meorum,
1683 1423 1732 1496 id
1763 1432 1861 1485 est,
1887 1423 2068 1496 obtine

528 1503 619 1554 tibi
648 1490 934 1553 dominium
970 1493 1189 1547 inimicis
1234 1491 1385 1554 meis,
1424 1493 1510 1558 qui
1542 1500 1661 1544 sunt
1700 1490 1851 1555 lines,
1886 1492 1932 1543 id
1963 1500 2065 1556 est,

530 1572 743 1623 niarclia
790 1566 1002 1627 diaboli,
1033 1564 1222 1615 utendo
1255 1562 1382 1629 ipsis
1411 1561 1605 1613 eisdem
1638 1561 1700 1612 ad
1732 1562 1810 1613 sui
1853 1561 2067 1614 damna-

529 1643 756 1697 ιῐοιεεειι,
790 1634 840 1686 id
890 1643 1003 1694 est,
1036 1631 1381 1696 permittendo
1425 1643 1517 1683 eos
1562 1628 1829 1682 subtracto
1872 1630 2068 1685 lumine

531 1707 766 1762 veritatis
794 1705 961 1756 facere
988 1716 1046 1755 ea
1077 1714 1164 1763 per
1188 1715 1302 1767 qua:
1325 1700 1662 1753 damnentur.
1692 1697 1841 1752 Unde
1868 1698 2067 1753 dictum

530 1790 608 1832 cst
637 1795 647 1828 :
677 1774 791 1828 Non
818 1773 945 1826 enim
974 1770 1104 1838 quod
1131 1770 1239 1821 volo
1262 1768 1462 1833 bonum,
1493 1767 1621 1819 illud
1648 1768 1797 1835 facio,
1823 1769 1909 1821 sed
1936 1768 2069 1835 quod

530 1851 646 1898 uolo
674 1845 878 1903 malum,
904 1842 956 1891 id
982 1855 1095 1903 ago.
1318 1863 1323 1867 ο

580 1915 852 1980 'Exsurge,
884 1909 1094 1980 Domine
1125 1906 1277 1980 Deus.
1308 1906 1462 1980 Quasi
1494 1905 1627 1960 dicat
1662 1926 1674 1980 ξ
1700 1905 1931 1980 inimicis
1960 1908 2072 1974 qui-

531 1985 650 2038 dent
692 1976 913 2046 exsurge
956 1978 1006 2029 in
1047 1979 1142 2039 ira,
1175 1976 1354 2028 amicis
1396 1990 1554 2039 vero,
1590 1977 1740 2029 nobis
1769 1976 1986 2033 ΒΟῙΙῘΟιιΙ..
2021 1986 2071 2029 ιιι

532 2056 619 2123 qui
646 2053 893 2105 Dominus
919 2058 1091 2123 noster
1113 2059 1169 2098 es
1194 2053 1465 2123 potestate,
1486 2054 1538 2096 et
1562 2046 1696 2123 Dens
1720 2055 1901 2123 noster
1924 2060 2073 2123 erea—

533 2113 704 2182 tione,
737 2131 944 2183 exsurge
981 2116 1033 2167 in
1058 2124 1303 2183 prtecepto
1328 2113 1460 2183 quod
1488 2113 1757 2177 mandasti,
1784 2115 1835 2167 id
1863 2123 1963 2176 est,
1993 2115 2016 2167 Ι
2030 2130 2074 2167 ic

532 2205 629 2245 nos
649 2191 899 2256 prolicere
925 2189 973 2235 iit
1002 2187 1098 2234 hoc
1120 2193 1208 2256 tuo
1232 2191 1510 2256 praecepto,
1531 2184 1633 2256 hoc
1655 2193 1736 2237 est
1756 2196 2071 2256 princeptum

533 2278 612 2315 tu.
643 2252 694 2311 ιι.
720 2262 772 2310 d.
796 2270 839 2307 ε.
875 2256 926 2305 d.
958 2269 987 2304 ιι
1020 2291 1034 2315 ,
1062 2253 1261 2304 scilicet
1282 2259 1341 2319 ut
1368 2252 1578 2305 dilectio
1607 2263 1779 2305 nostra
1814 2267 1979 2319 usq-ie
2007 2255 2071 2305 ad

536 2328 775 2383 inimicos
798 2323 1136 2383 extendatur;
1168 2321 1247 2371 vel
1272 2318 1349 2372 fac
1375 2334 1475 2372 nos
1505 2336 1786 2387 exsurgere
1814 2322 1863 2372 in
1898 2318 2072 2373 humi-

536 2397 695 2451 litatis
720 2405 773 2447 ct
801 2395 869 2445 ob
890 2392 1112 2443 dientian
1144 2400 1423 2455 praerepto,
1455 2390 1589 2455 quod
1622 2402 1673 2439 ιιι
1704 2389 1981 2452 mandasti,
2018 2402 2074 2442 ut

534 2466 692 2520 etiam
725 2468 1233 2528 ergapet-sucutores
1258 2465 1463 2528 nostros
1491 2458 1652 2511 simus
1680 2458 1991 2512 ohedientes
2024 2470 2074 2511 et

536 2525 848 2593 humiles,et
871 2525 945 2580 sic
966 2527 1207 2594 exemplo
1227 2537 1278 2579 et
1299 2525 1587 2580 imitatione
1612 2539 1786 2581 nostra
1810 2543 2072 2597 synagoga

535 2571 870 2672 impulerunt,
894 2598 946 2672 id
970 2608 1046 2649 est
1080 2571 1353 2672 iiritllitudo
1379 2599 1704 2672 credentium
1730 2571 2075 2672 circiimdaliit

534 2666 621 2737 ie,
639 2681 683 2723 et
710 2677 909 2739 prapter
930 2668 1059 2717 lianc
1089 2666 1427 2739 illuminanda
1448 2668 1704 2739 regredere
1741 2668 1790 2717 in
1816 2669 1998 2731 altum,
2026 2669 2073 2719 id

537 2735 639 2804 est,
673 2735 753 2793 hic
777 2735 827 2789 ut
851 2745 1094 2802 appareat
1115 2735 1370 2801 regressio
1394 2746 1476 2785 tua
1506 2738 1554 2785 in
1575 2736 1787 2795 emtum,
1813 2746 1865 2785 et
1886 2751 2072 2788 caetera

535 2826 651 2879 quae
686 2808 751 2862 de
775 2819 823 2859 te
862 2807 1101 2879 dicuntur
1137 2804 1302 2879 lucem
1324 2805 1561 2879 veritatis
1602 2804 1862 2879 mentibus
1891 2818 2073 2879 eorum

448 2916 460 2930 ,
537 2873 833 2933 ιῖιευτεηίιο,
865 2873 1106 2940 Quotidie
1150 2874 1284 2923 enim
1315 2873 1554 2927 Chrisms
1582 2876 1828 2936 nascitur,
1863 2876 2069 2939 patitur,

538 2949 759 3014 resurgit
787 2956 841 2998 et
865 2944 1127 3014 ascendit,
1158 2943 1441 3014 secundum
1472 2943 1795 3014 diversogitn
1824 2942 1889 2995 ad
1919 2943 2070 3014 (idem

537 3010 890 3071 accedentium
922 3012 1284 3079 cognitionem.
1327 3012 1411 3062 Vel
1432 3015 1592 3079 aliter
1626 3029 1637 3061 :
1674 3010 1931 3079 Exsurge,
1970 3010 2072 3063 Do-

538 3086 691 3148 mine,
719 3087 767 3135 in
789 3086 862 3134 ira
891 3078 1063 3142 lua,7el
1093 3080 1313 3131 exaltare
1334 3080 1383 3129 in
1405 3078 1585 3145 ﬁnibus
1612 3078 1921 3131 inimictirum
1946 3097 2070 3131 meo-

2162 538 2258 591 pro
2284 540 2341 578 se
2369 537 2421 580 et
2449 540 2542 591 pro
2566 525 2813 577 membris
2829 525 2954 578 «suis
2973 526 3041 577 ita
3069 524 3252 577 dicens
3284 542 3294 575 ς
3332 523 3554 576 Domine
3587 525 3732 579 Ileul

2160 610 2315 653 meus,
2345 596 2534 661 speravi
2564 608 2664 647 non
2693 596 2742 646 in
2771 609 2871 657 me,
2906 594 2995 646 sed
3018 595 3069 645 in
3092 603 3155 655 te,
3186 604 3235 645 et
3267 594 3386 647 ideo
3407 595 3616 646 salvum
3649 613 3733 647 me

2162 664 2265 733 fac,
2290 662 2339 714 id
2371 673 2476 727 est,
2506 666 2679 716 salvos
2712 663 2789 715 fac
2812 676 2955 715 meos
2976 677 3040 714 es
3058 663 3286 714 omnibus
3309 666 3734 733 persequentibus

2161 731 2275 795 eos,
2308 742 2362 784 ut
2403 734 2641 795 superius
2670 734 2964 795 expositum
2991 740 3071 784 est
3106 748 3118 783 :
3151 743 3198 784 et
3229 732 3388 783 libera
3418 748 3497 783 me
3542 731 3594 783 in
3644 748 3736 786 me

2163 803 2298 868 ipso,
2333 817 2396 855 ne
2421 802 2508 856 ille
2536 803 2621 869 qui
2666 812 2745 855 est
2775 811 2828 852 ut
2856 801 2958 866 leo,
2992 800 3041 852 id
3082 812 3169 869 est
3196 797 3449 854 Judaicus
3478 802 3729 868 populus,

2162 874 2401 940 quivere
2445 868 2657 940 gravem
2701 872 2927 940 rugituttt
2971 868 3118 940 dedit
3163 869 3212 921 in
3246 871 3493 940 passione
3540 884 3729 923 contra

2162 937 2427 1018 gliristum
2452 937 2814 1018 chmfliceret
2846 955 2857 990 :
2889 937 3165 1018 Cruciﬁge,
3193 939 3433 1018 cruci/ige
3472 955 3612 1018 eunt.
3646 940 3734 993 Ne

2163 1009 2273 1076 ille,
2296 1008 2529 1077 inquam,
2563 1008 2841 1075 aliquando
2868 1009 3051 1075 rapiat.
3078 1008 3125 1059 id
3158 1017 3239 1061 est
3265 1008 3475 1061 auferat
3500 1010 3731 1061 animum

2165 1095 2350 1144 meam,
2376 1082 2442 1131 ita
2468 1089 2522 1130 ut
2546 1086 2851 1145 potestatem
2874 1091 2977 1129 non
3001 1077 3215 1129 habeant
3239 1077 3551 1131 resumendi
3573 1094 3693 1132 eam
3715 1096 3727 1127 :

2164 1156 2218 1202 et
2245 1148 2403 1202 debes
2430 1148 2669 1209 liberare,
2707 1156 2761 1199 et
2787 1145 2985 1215 salvum
3027 1147 3216 1210 facere,
3248 1147 3371 1215 quia
3406 1164 3508 1200 non
3540 1160 3614 1200 est
3639 1150 3727 1213 qui

2163 1215 2400 1281 redimat,
2433 1216 2484 1269 id
2528 1226 2608 1271 est
2638 1216 2819 1268 liberet
2849 1229 2932 1268 me
2959 1214 3011 1267 in
3045 1215 3265 1282 meipso,
3295 1215 3341 1268 si
3369 1227 3424 1269 tu
3458 1232 3564 1270 non
3596 1217 3726 1270 libe-

2166 1300 2253 1339 ras
2298 1300 2418 1347 me;
2449 1301 2604 1347 neque
2618 1284 2725 1352 «qui
2766 1285 2955 1337 salttum
3002 1284 3155 1352 faciat
3197 1300 3282 1339 me
3310 1285 3365 1337 in
3396 1288 3567 1353 meis,
3602 1288 3643 1338 si
3673 1295 3731 1339 tu

2166 1368 2271 1415 non
2298 1356 2495 1408 salvum
2522 1354 2667 1408 lacis.
3520 1416 3524 1417 ί

2241 1424 2449 1476 Domme
2490 1422 2621 1477 Deus
2661 1438 2819 1475 meus.
2864 1422 3099 1477 Resumit
3130 1422 3268 1478 idem
3317 1439 3550 1486 nomen,
3584 1428 3731 1492 quasi

2164 1492 2337 1547 dicat:
2364 1493 2486 1547 Ideo
2504 1494 2659 1547 etiam
2675 1493 2837 1545 debes
2855 1492 3081 1545 liberare
3100 1508 3204 1555 me,
3226 1502 3279 1546 et
3295 1496 3502 1547 salvum
3529 1494 3725 1555 facere,

2167 1560 2382 1615 Domine
2410 1561 2542 1614 Deus
2573 1578 2727 1624 meus,
2758 1562 2878 1629 quia
2921 1576 3020 1613 non
3054 1560 3149 1614 feci
3182 1576 3278 1615 nec
3332 1562 3383 1615 in
3429 1577 3518 1616 me
3556 1580 3652 1617 nec
3678 1568 3729 1616 in

2168 1632 2303 1685 meis
2324 1632 2462 1699 quod
2489 1646 2590 1684 non
2615 1631 2789 1685 debui.
2820 1629 2946 1700 Nam
2975 1630 3019 1682 si
3044 1630 3139 1698 feci
3166 1631 3322 1695 istud,
3353 1632 3561 1686 scilicet
3590 1635 3724 1700 quod

2171 1715 2273 1753 non
2305 1698 2483 1766 debui,
2515 1710 2591 1769 ειΔ
2612 1698 2922 1753 determinat
2966 1700 3103 1769 sicut
3144 1701 3387 1766 superius
3420 1719 3435 1752 :
3466 1698 3721 1769 tunc‘egr

2104 1788 2150 1851 Β
2175 1784 2278 1850 non
2318 1766 2628 1851 rentioOquin
2659 1769 2916 1851 decidant,
2949 1768 2999 1821 id
3019 1779 3131 1850 est,
3158 1768 3380 1846 dejiciar
3404 1766 3728 1851 deuinimic'is

2176 1840 2308 1893 meis
2330 1836 2545 1903 ludatis,
2588 1839 2753 1891 inanis
2782 1855 2795 1892 :
2830 1836 2877 1890 id
2908 1848 2984 1891 est
3018 1838 3385 1891 invictoriosus
3416 1840 3643 1903 scilicet,
3677 1852 3730 1891 nt

2171 1923 2274 1962 non
2323 1911 2518 1977 possim
2552 1920 2816 1977 resumere
2854 1907 3080 1960 animam
3116 1922 3317 1971 meant,
3350 1908 3492 1976 quod
3543 1924 3730 1961 merito

2173 1975 2361 2030 ﬁeret—2
2396 1978 2511 2043 quia
2534 1975 2620 2044 qui
2641 1977 2923 2028 debueram
2946 1990 3063 2029 esse
3085 1985 3238 2043 caput
3269 1977 3319 2028 in
3349 1980 3539 2042 gloria,
3566 1982 3663 2027 lari
3704 1995 3730 2028 s

2171 2060 2339 2100 essem
2368 2049 2634 2113 exemplar
2664 2046 2713 2097 iii
2747 2045 3045 2113 ignominia,
3075 2059 3128 2097 et
3168 2048 3234 2096 ita
3264 2048 3506 2099 decidant
3537 2059 3590 2099 ut
3623 2050 3729 2097 ini-

2172 2116 2357 2177 micus,
2389 2115 2437 2167 id
2469 2125 2548 2168 est
2568 2155 2581 2179 ,
2614 2113 2862 2167 Judaicus
2900 2113 3118 2181 populus
3147 2124 3478 2182 persequatur
3504 2118 3728 2168 animam

2181 2201 2341 2237 meant
2365 2186 2413 2236 in
2445 2185 2779 2238 tribulatione
2807 2183 3084 2250 passionis,
3102 2196 3154 2237 et
3175 2185 3589 2248 comprehendat
3613 2201 3726 2237 eam

2172 2253 2531 2319 compellenda
2558 2268 2642 2306 me
2667 2254 2729 2305 ad
2753 2262 2997 2316 mortem,
3020 2261 3072 2304 et
3091 2255 3351 2305 conculcet
3385 2255 3552 2319 ipsam
3576 2258 3725 2305 vitam

2172 2339 2350 2385 meam,
2376 2324 2424 2375 id
2447 2334 2547 2384 est,
2578 2322 2801 2374 animam
2828 2336 2996 2374 meam
3026 2322 3074 2371 in
3104 2330 3310 2383 terram,
3332 2332 3451 2384 post
3474 2335 3721 2383 mortem,

2150 2420 2151 2423 η
2174 2406 2257 2443 ine
2279 2403 2518 2458 tanquam
2542 2392 2768 2457 aliquem
2793 2399 3054 2443 terrenum
3082 2404 3183 2443 non
3210 2392 3470 2444 valentem
3505 2394 3726 2455 amplius

2174 2474 2467 2526 resurgere,
2503 2464 2551 2511 in
2582 2461 2824 2527 sepulcro
2845 2459 3153 2522 claudendo,
3183 2470 3236 2512 et
3256 2463 3465 2525 signum
3495 2476 3613 2512 cuni
3638 2480 3727 2513 cu-

2173 2531 2405 2582 stodibus
2436 2530 2676 2599 sepulcro
2702 2528 2996 2581 adhibendo
3030 2545 3040 2579 :
3072 2537 3118 2579 et
3148 2529 3224 2599 sic
3262 2530 3481 2582 deducat
3514 2533 3725 2599 gloriam

2174 2614 2349 2658 meam,
2378 2600 2426 2650 id
2448 2611 2524 2651 est
2543 2597 2761 2666 gloriam
2793 2597 3193 2667 resurrectionis
3224 2612 3355 2650 mete
3381 2600 3431 2649 in
3458 2597 3725 2667 pulverem,

2174 2668 2222 2719 id
2248 2678 2326 2719 est
2351 2668 2399 2719 iu
2434 2664 2669 2719 nihilum.
2701 2668 2753 2719 Si
2784 2673 2961 2719 autem
2993 2664 3091 2719 feci
3119 2668 3257 2734 quod
3287 2664 3471 2732 debui,
3498 2680 3621 2721 tunc
3654 2683 3722 2729 ιιι,

2174 2735 2403 2799 Domine,
2435 2752 2641 2801 exsurge
2668 2735 2718 2788 in
2745 2736 2822 2786 ira
2862 2743 2947 2787 tua
2976 2734 3200 2789 inimicis
3231 2737 3399 2799 meis,
3430 2749 3475 2789 et
3507 2739 3727 2790 ητιιιαη

2175 2806 2224 2857 in
2246 2805 2427 2871 finibus
2450 2806 2763 2856 inimicorum
2791 2818 3037 2873 meorum,
3062 2804 3193 2857 sicut
3212 2805 3454 2873 superius
3475 2808 3525 2858 in
3557 2812 3727 2874 proxi-

2174 2889 2255 2925 nia
2284 2876 2503 2928 lectione
2530 2874 2822 2943 expositum
2853 2878 2966 2939 est;
3000 2881 3044 2925 et
3072 2888 3284 2943 exsurge
3327 2874 3379 2927 in
3426 2875 3558 2927 meis
3599 2894 3725 2927 aint.

2174 2945 2253 3015 cis
2286 2943 2333 2994 in
2378 2953 2623 3015 prwceplo
2649 2942 2787 3015 good
2811 2942 3082 3006 mandasti,
3111 2942 3161 2994 id
3194 2942 3306 3015 est,
3340 2944 3726 3015 tacrcxsurgere

2174 3012 2500 3065 adhaerentes
2531 3012 2661 3064 inihi
2712 3014 2761 3065 in
2794 3020 3052 3079 prmcepto
3093 3022 3204 3075 tuo,
3254 3013 3367 3064 sive
3408 3012 3723 3077 όίιεειιόιιις,

2177 3083 2286 3133 sive
2316 3082 2629 3135 obedientiie
2658 3092 2709 3133 et
2740 3082 3061 3143 humilitatis,
3090 3090 3143 3133 et
3187 3080 3263 3133 sic
3313 3095 3405 3147 per
3434 3082 3724 3136 doctrinam

537 3126 747 3217 ;u'iu:’id
776 3162 874 3211 est,
906 3126 1257 3219 ut’tiasaltus
1288 3126 1511 3219 ininiicis
1537 3150 1689 3219 meis,
1722 3159 1775 3201 ut
1802 3151 1863 3201 ad
1895 3152 2068 3214 inspe-
2102 3126 2145 3186 (ἶ
2178 3160 2228 3202 ει
2275 3158 2565 3217 exemplum
2618 3151 2731 3202 vita:
2779 3150 2985 3219 illorum
3034 3126 3172 3202 sicut
3213 3126 3571 3215 apostolorum
3612 3169 3727 3219 syn-

541 3216 764 3279 ctiotieiii
794 3220 864 3273 ιιιὶ
897 3232 994 3269 non
1025 3216 1296 3284 attingant,
1327 3217 1418 3269 sed
1443 3218 1789 3283 cognitionem
1822 3220 1891 3269 ιιιί
1920 3231 2073 3269 anizt-

543 3302 693 3354 tant;
725 3292 919 3345 scilicet
952 3284 1165 3344 iudicis,
1197 3296 1246 3337 et
1273 3287 1426 3336 etiam
1457 3287 1774 3353 quibuslibet
1800 3288 1915 3339 aliis
1956 3303 2072 3353 per-

539 3361 864 3418 secutoribus
885 3369 1121 3421 exsurge,
1140 3354 1190 3404 id
1214 3362 1309 3415 est,
1337 3356 1411 3404 lac
1435 3363 1483 3405 te
1502 3356 1717 3407 arduum
1742 3356 1791 3407 in
1816 3369 2074 3421 priet-opto

547 3434 682 3511 quod
712 3427 988 3511 mandasti,
1013 3424 1062 3475 in
1084 3422 1372 3476 obedientia
1396 3432 1445 3473 et
1471 3424 1763 3475 humilitate
1786 3427 2075 3511 humanita-

546 3494 609 3553 tis
640 3511 759 3559 tum,
786 3498 983 3548 scilicet
1013 3501 1069 3545 ut
1096 3508 1195 3544 non
1236 3502 1552 3557 cognoscant
1595 3504 1641 3543 te
1669 3508 1789 3546 νει-ε
1830 3494 2071 3545 humilia-

543 3581 650 3620 tuin
698 3570 1070 3622 incarnatione,
1102 3563 1362 3627 pass‘one,
1394 3570 1443 3612 ct
1482 3564 1683 3613 creteris
1717 3579 1727 3612 :
1762 3563 1851 3614 sed
1899 3574 2076 3627 putent

544 3640 668 3689 [ωδε
700 3650 813 3686 esse
836 3647 947 3699 quae
971 3632 1204 3681 dtClllliUf
1234 3630 1297 3680 de
1319 3640 1389 3692 te,
1418 3640 1469 3680 et
1498 3632 1571 3681 sic
1596 3645 1685 3695 per
1713 3634 1894 3683 horum
1918 3646 2075 3684 excze.

544 3705 797 3757 CuliOIiClll
829 3704 1095 3769 Synagoga
1137 3699 1777 3769 populorunrcircumdabit
1808 3712 1871 3763 te,
1902 3703 1945 3750 id
1974 3712 2071 3765 est,

548 3776 822 3826 multitudo
866 3766 1092 3821 fidelium
1135 3772 1213 3819 vel
1257 3766 1539 3818 inﬁdelium
1582 3768 1943 3820 circumdabit.
1978 3771 2076 3821 Ex-

548 3844 713 3909 pulsio
760 3841 896 3893 enim
946 3835 1401 3909 indecorum-iacta
1433 3846 1511 3887 est
1543 3836 1785 3909 receptio
1825 3840 2075 3901 gentium.

553 3905 613 3963 lit
643 3915 756 3975 quia
790 3910 920 3961 inter
951 3909 1041 3958 llos
1070 3906 1213 3975 multi
1247 3920 1345 3957 non
1377 3919 1497 3958 vere
1536 3905 1713 3958 fideles
1737 3916 1907 3969 erunt,
1939 3909 2077 3960 scili-

547 3991 631 4032 cet
660 3974 902 4030 habentes
933 3990 1117 4027 iiomen
1149 3974 1521 4036 Christianum,
1554 3976 1642 4025 sed
1669 3990 1767 4026 non
1793 3979 2077 4027 observan-

545 4064 625 4102 tes
658 4057 965 4115 piacepluni
995 4044 1124 4096 sicut
1154 4043 1433 4109 liypocritte
1477 4052 1529 4094 et
1573 4042 1818 4106 haeretici,
1844 4044 2038 4115 ideotu
2058 4085 2072 4105 ,

548 4114 783 4175 llouiine,
814 4128 1020 4182 propter
1045 4116 1178 4164 hanc
1198 4126 1509 4182 synagogam
1543 4116 1591 4164 in
1619 4123 1761 4177 parte
1782 4114 2073 4167 cmcandatu

545 4190 842 4256 regredere,
896 4182 942 4234 id
966 4193 1047 4234 εει
1094 4182 1236 4233 auter
1268 4195 1320 4256 te
1348 4181 1413 4232 ab
1438 4185 1545 4245 eis,
1579 4184 1749 4256 eundo
1798 4182 1861 4256 in~
1894 4182 2074 4256 altum,

545 4250 742 4310 scilicet
766 4262 1028 4320 aspectum
1056 4258 1105 4299 et
1134 4250 1481 4320 cognitionem
1508 4261 1644 4301 tuam
1674 4254 1749 4303 eis
1772 4252 2073 4315 auferendo,

546 4337 603 4378 ut
633 4344 715 4392 qui
748 4319 980 4375 sordidus
1011 4329 1114 4381 est,
1147 4319 1410 4392 sor_desc_at
1434 4320 1622 4371 adhuc.
1647 4320 1716 4392 lit
1744 4332 1867 4392 vere
1904 4334 2079 4392 regre-

544 4385 736 4456 ttietur,
763 4406 879 4442 nam
906 4392 1005 4441 hoc
1034 4391 1184 4440 modo
1217 4385 1465 4456 Dominus
1486 4401 1623 4438 nunc
1647 4388 1852 4439 interim
1877 4385 2073 4455 iudicat

2171 3235 2329 3287 agoga
2363 3219 2658 3284 populoruut
2685 3218 3001 3270 credentium
3031 3218 3356 3270 circumdabit
3388 3229 3435 3272 te
3463 3223 3515 3272 in
3545 3218 3649 3285 me,
3683 3234 3730 3274 et

2175 3299 2373 3355 propter
2399 3287 2528 3340 hanc
2572 3287 2978 3340 confirmandam
3024 3301 3115 3355 per
3153 3289 3370 3353 spiritus
3420 3291 3722 3342 mlSlettem

2172 3358 2432 3425 regredere
2460 3359 2509 3408 in
2532 3357 2708 3420 altum,
2741 3372 2823 3409 me
2854 3358 3065 3409 homine
3108 3356 3435 3421 regrediente
3466 3359 3514 3409 in
3545 3362 3724 3422 altum,

2174 3441 2259 3489 qui
2302 3442 2392 3491 per
2420 3442 2503 3480 me
2533 3426 2795 3478 hominem
2826 3426 3143 3477 descendisti
3177 3431 3239 3474 de
3268 3427 3399 3477 alto.
3436 3426 3725 3481 Notandum

2172 3497 2311 3561 quod
2339 3510 2441 3547 non
2473 3496 2771 3547 attribuitur
2811 3495 3096 3546 ascendere
3129 3492 3235 3546 Deo
3265 3497 3553 3547 secundum
3588 3499 3726 3549 lora-

2175 3564 2275 3639 [ειη
2308 3566 2610 3639 motionem,
2640 3564 2756 3639 quia
2800 3566 2971 3615 oinuia
2992 3566 3244 3639 complet,
3272 3564 3367 3617 sed
3394 3567 3725 3639 descendere

2179 3631 2267 3701 Dei
2299 3642 2399 3696 est,
2434 3635 2529 3687 hoc
2559 3637 2693 3701 quod
2724 3647 2924 3684 summa
2973 3631 3260 3701 divinitatis
3301 3634 3585 3698 inajestas,
3638 3652 3725 3699 per

2176 3700 2517 3754 humilitatem
2552 3700 2789 3753 Ιιιιιιιιιιιιε
2821 3712 3019 3753 naturae
3054 3700 3222 3752 Verbo
3270 3702 3431 3753 unita:
3474 3705 3621 3754 nobis
3652 3706 3725 3755 iu-

2176 3770 2689 3823 tiotuit.'Ascendere
2716 3784 2838 3821 vero
2860 3779 2961 3827 est,
2994 3770 3130 3835 quod
3162 3783 3253 3833 per
3283 3772 3527 3821 eautdetn
3552 3772 3673 3823 liuni
3694 3793 3725 3817 i-

2176 3839 2389 3891 nitateni
2447 3849 2563 3907 post
2610 3847 2828 3890 mortem
2885 3838 3264 3902 clariiicatam,
3316 3843 3719 3899 resurrectione,

2176 3910 2502 3969 ascensione,
2532 3909 2860 3961 confessimie
2885 3923 3066 3974 magna
3094 3908 3182 3958 Dei
3213 3917 3442 3973 potestas
3467 3910 3720 3961 declarata

2176 3988 2271 4028 εει.
2302 3975 2397 4029 Vel
2436 3979 2587 4029 aliter
2619 3993 2630 4027 :
2663 3976 2929 4045 Synagoga
2961 3976 3263 4045 populorum
3295 3984 3719 4045 persequentium

2178 4054 2388 4110 proriter
2418 4047 2589 4105 zelum
2617 4044 2840 4109 illorum,
2872 4044 2962 4113 qui
3009 4044 3293 4113 proficiens
3344 4048 3396 4098 in
3445 4058 3717 4114 praecepto,

2176 4115 2498 4167 circumdabit
2543 4126 2587 4166 te
2627 4118 2676 4167 in
2724 4115 3084 4181 persecutione
3124 4129 3235 4166 mea
3284 4125 3335 4167 et
3366 4132 3623 4168 meorum.
3660 4114 3717 4166 Et

2177 4194 2375 4249 propter
2414 4187 2541 4234 hanc
2589 4183 2951 4235 excaecandam
2980 4185 3239 4250 regredere
3276 4192 3329 4235 tu
3369 4186 3421 4233 in
3454 4187 3611 4235 altum
3644 4201 3724 4247 per

2176 4267 2261 4303 me
2290 4266 2601 4318 regressum,
2630 4252 2985 4304 subtrahendo
3014 4264 3095 4303 eis
3122 4252 3327 4304 scilicet
3348 4260 3718 4317 cognitionem,

2176 4321 2311 4372 sicut
2340 4335 2489 4385 supra
2522 4323 2716 4372 dictum
2745 4333 2843 4373 est.
2888 4321 3088 4389 Caetera
3134 4335 3249 4383 quae
3277 4333 3597 4389 sequuntur,
3631 4340 3721 4373 non

2176 4399 2453 4443 mutantur.
2486 4391 2633 4456 Quod
2666 4404 2788 4442 veio
2817 4390 2943 4442 dicit
2972 4405 2985 4442 :
3020 4387 3205 4440 Judica
3233 4405 3309 4441 me
3333 4387 3365 4455 ,ἡ
3384 4390 3630 4455 Domine,
3659 4408 3723 4443 se-

581 4454 762 4529 opulos
800 4460 1019 4517 oi-culte,
1054 4459 1256 4529 tutidrttt
1302 4454 1747 4529 judicaturuseos
1775 4454 2063 4511 matiileste.
2099 4456 2148 4514 Ι)
2174 4461 2391 4510 cundum
2430 4454 2679 4529 justitiam
2726 4476 2881 4529 meum
2909 4499 2922 4520 ,
2974 4468 3019 4511 et
3075 4461 3347 4511 secundum
3388 4454 3722 4514 innocentiam

588 4526 721 4585 otest
761 4530 856 4580 iste
904 4529 1126 4593 psalmus
1176 4526 1225 4575 in
1268 4539 1487 4597 persona
1535 4527 1715 4593 capitis
1762 4534 1897 4579 totus
1940 4529 2067 4597 legi,

541 4603 693 4671 juxta
719 4598 853 4665 quod
889 4598 1063 4671 titulus
1104 4595 1585 4671 prmiiiissusdaliter
1611 4600 1903 4671 exponitur.
1937 4595 2071 4651 Psal-

549 4662 660 4721 inus
683 4662 777 4720 iste
805 4664 1099 4717 attribuitur
1138 4674 1258 4712 νς·ιέ
1280 4662 1469 4733 »υιινὶιλ
1494 4664 1547 4733 id
1569 4676 1647 4715 est
1675 4665 1885 4716 Christo
1915 4680 2067 4733 quem

547 4742 661 4803 ipse
693 4738 933 4795 cantavit,
959 4734 1008 4784 id
1039 4740 1117 4803 est
1146 4730 1462 4803 essultauter
1488 4731 1551 4803 ad
1576 4733 1777 4786 laudem
1809 4730 2072 4801 ejus'pro-

547 4799 683 4865 tulit,
717 4819 809 4871 pro
838 4803 1007 4855 verbis
1045 4799 1223 4857 Clitisi.
1256 4799 1302 4851 id
1330 4802 1577 4871 est,quia
1604 4803 1726 4854 illud
1755 4799 1890 4870 quod
1934 4799 2069 4869 apud

548 4868 903 4943 perSecntores
926 4871 1234 4943 etinlideles
1256 4878 1367 4921 erat
1390 4868 1580 4943 illiust,
1596 4871 1642 4920 id
1665 4868 2067 4936 estpsilentiutu,

549 4939 744 4996 scilicet
774 4941 1067 4992 reconciliet
1090 4954 1119 4990 ο
1158 4954 1246 5003 per
1277 4944 1433 5003 ipsius
1465 4939 1652 4991 Christi
1682 4944 2067 4993 meditationem

550 5024 701 5073 lacti,
735 5012 855 5076 quia
883 5010 979 5059 ima
1022 5010 1233 5059 suminis
1254 5049 1267 5072 ,
1313 5010 1544 5059 caelestia
1574 5008 1912 5061 terrestribus
1941 5025 2068 5061 con-

545 5093 720 5147 iuncta
750 5088 897 5130 sunt:
931 5079 1070 5147 illud,
1092 5080 1317 5141 inquam,
1342 5079 1598 5129 silentium
1628 5077 1815 5129 factum
1836 5088 1914 5129 est
1936 5082 2069 5143 apud

551 5154 727 5203 lideles
770 5149 959 5209 verba,
994 5146 1039 5195 id
1086 5156 1160 5195 est
1207 5146 1335 5195 ratio
1364 5148 1555 5197 Christi
1598 5147 1889 5198 manifesta.
1925 5147 2071 5201 Unde

547 5224 735 5272 l’aclutn
771 5229 849 5271 est
886 5228 940 5268 ut
972 5215 1139 5280 plures
1181 5214 1230 5263 in
1262 5213 1369 5277 ejus
1396 5218 1644 5279 corporis,
1672 5214 1720 5265 id
1747 5228 1827 5267 est
1854 5216 2069 5278 Christi,

554 5296 674 5356 perll
697 5292 918 5341 Cilonem
976 5291 1340 5356 pervenerint,
1390 5296 1479 5356 per
1529 5287 1885 5356 cognitionem
1938 5288 2072 5337 illius

552 5350 723 5409 idmst.
756 5356 901 5421 Quod
944 5356 1099 5407 Chiisi
1131 5362 1207 5403 est
1248 5350 1383 5401 ﬁlius
1426 5350 1630 5413 Jemiiit,
1671 5354 1716 5403 id
1748 5365 1825 5404 est
1860 5354 2023 5406 dextri
2060 5373 2068 5405 :

552 5430 666 5487 qui.
694 5430 826 5477 Deus
850 5428 997 5476 Pater
1023 5426 1269 5488 propitius
1298 5424 1486 5469 niundo
1508 5425 1567 5469 ad
1598 5421 1812 5472 Salutem
1842 5426 2072 5475 omnium

554 5508 673 5549 ill-lit
726 5498 978 5545 Slieltlillttl
1030 5508 1117 5557 per
1164 5490 1498 5539 inediatorein
1542 5489 1803 5541 Christum
1833 5508 2075 5557 upuraius

552 5583 647 5623 εει,
681 5579 829 5626 atque
858 5575 906 5612 ut
934 5562 1287 5621 fructiﬁcaret,
1323 5560 1486 5618 ipsum
1513 5574 1714 5625 quoque
1744 5566 1976 5612 revelare
2000 5562 2077 5614 di-

554 5649 733 5701 ετιιιιιιξς
764 5644 861 5693 est,
898 5648 985 5693 pro
1016 5646 1108 5693 qua
1142 5630 1454 5701 revelatiune
1485 5629 1745 5701 ponimus
1787 5638 1963 5701 noster
1993 5632 2076 5682 Je-

556 5697 641 5755 §us
672 5707 903 5754 Lhi'istus
931 5710 1115 5763 gratias
1154 5710 1313 5763 agetis
1350 5699 1455 5749 Deo
1481 5697 1638 5761 Patri,
1672 5707 1727 5750 ut
1753 5700 1813 5751 ad
1843 5713 1921 5751 snt
1951 5714 2073 5754 cott-

2172 4543 2330 4578 meam
2360 4527 2507 4595 super
2533 4544 2640 4591 me,
2669 4529 2786 4581 talia
2816 4527 2864 4580 in
2900 4533 2994 4581 bac
3022 4531 3244 4581 leCtione
3274 4530 3337 4582 ad
3370 4532 3606 4583 tuembra
3638 4546 3720 4583 re-

2174 4599 2382 4650 ferenda
2411 4607 2550 4651 sunt.
3244 4622 3247 4625 λ

2652 4666 2712 4719 IN
2754 4665 3073 4719 PSALMUM
3118 4664 3244 4720 Vlll.

2328 4743 2382 4795 ln
2415 4744 2571 4799 linem
2600 4760 2694 4811 pro
2725 4745 3090 4797 torcularibus.
3124 4744 3361 4796 Psalmus
3390 4742 3573 4797 David.

2758 4842 3129 4883 ARGUIENTI'I.

2240 4906 2539 4959 Admiratur
2560 4906 2816 4975 Propheta
2852 4908 2942 4959 Dei
2986 4906 3292 4973 potentiam.
3324 4921 3418 4973 per
3450 4922 3607 4974 quam
3635 4925 3718 4976 gu-

2171 4974 2353 5027 bernat
2382 4986 2619 5028 cunctam
2652 4974 2826 5028 mundi
2863 4976 3075 5038 inoleni,
3110 4980 3412 5043 gratiasque
3446 4980 3554 5043 agit
3583 4974 3718 5041 quod

2171 5054 2343 5095 tantus
2372 5060 2576 5098 creator
2606 5045 2829 5099 hominis
2874 5059 3180 5098 memoriam
3218 5046 3287 5098 sit
3320 5048 3517 5100 habere
3546 5049 3720 5114 digna-

2173 5121 2277 5163 tus.
2309 5116 2471 5166 Aliter
2496 5115 2725 5168 Ecclesia
2756 5114 2960 5166 laudem
2993 5116 3115 5166 dieit
3144 5114 3351 5167 Christo
3382 5117 3447 5166 de
3477 5115 3579 5169 ﬁde
3616 5134 3719 5169 uui-

2173 5185 2312 5233 iiiuui
2335 5189 2680 5237 credentium.
2712 5184 2846 5251 Lege
2876 5185 2939 5234 ad
2964 5184 3296 5251 Evangeliuiu
3329 5186 3516 5238 Mares.

2775 5287 3127 5325 EXPLANATIO.

2245 5359 2347 5411 Pro
2374 5361 2714 5421 torcularibus,
2754 5378 2844 5427 pro
2878 5361 3113 5415 Ecclesia.-
3142 5360 3369 5413 membris
3410 5362 3534 5413 dicit
3562 5378 3578 5412 :
3608 5366 3721 5429 quia

2174 5430 2296 5479 sicut
2320 5434 2370 5480 in
2393 5431 2719 5482 torcularibus
2736 5447 2915 5496 pressa!
2936 5447 3043 5483 uva
3065 5433 3345 5482 durissimis
3367 5432 3574 5497 gigartis
3594 5450 3720 5483 coni-

2174 5500 2392 5559 minutis,
2429 5502 2727 5567 [ollibttsque
2755 5504 2973 5552 vacuatis
3016 5502 3309 5551 dulcissima
3353 5515 3468 5549 atria
3518 5506 3716 5565 profun-

2176 5568 2318 5628 dunt,
2336 5570 2405 5618 sic
2430 5570 2482 5621 in
2510 5571 2735 5620 Ecclesia
2779 5575 2837 5621 de
2878 5571 3136 5621 obstinatis
3178 5570 3416 5631 prioribus,
3441 5570 3720 5635 tumidam»

2176 5640 2402 5701 superbia
2447 5654 2679 5703 pressura
2719 5642 3013 5705 paenitenter
3040 5653 3214 5689 suases
3246 5640 3481 5706 lacrymtz
3512 5645 3719 5690 salubu-

2178 5714 2248 5755 ter
2277 5706 2631 5770 exprimuntur.
2670 5708 2893 5760 Ecclesia
2936 5724 3051 5775 ergo
3080 5708 3232 5775 prisci
3259 5710 3519 5777 temporis,
3552 5724 3599 5757 ut
3625 5723 3716 5771 qu
