3912 6230
243 392 248 394 -
331 358 444 415 533

1058 359 1121 413 IN
1161 356 1575 443 PSALMDRUM
1618 356 1867 414 Lmnuu
1908 355 2267 414 sxacssm.
2309 385 2375 399 -
2413 315 2650 418 essm.
2692 325 2770 412 ix.

3400 354 3500 411 535

333 483 486 521 meas
517 473 666 519 vocat
700 465 935 521 diversas
963 465 1236 533 Opiniones
1263 440 1500 520 errorum
1529 466 1716 534 quibus
1757 465 1870 518 dia-
1903 467 1949 524 Α
1976 479 2074 533 ego
2104 467 2190 532 qui
2226 466 2367 529 pr'us
2390 467 2440 519 in
2469 467 2757 521 humilitate
2786 464 2980 530 positus
3007 478 3106 534 non
3133 464 3340 520 videbar
3366 440 3497 530 ipse,

335 536 666 615 bolus__quasi
709 535 879 600 gladio
914 535 1188 615 iugttlabat
1231 537 1430 615 animas
1471 535 1700 615 illorum,
1743 548 1876 601 quos

1977 549 2080 603 non
2106 535 2276 588 factus
2305 536 2435 603 ipse,
2467 537 2513 588 id
2557 545 2656 594 est,
2691 534 2935 603 Dominus
2976 544 3023 587 et
3053 533 3210 600 index
3241 535 3490 593 omnium,

332 619 438 674 per
485 605 597 674 illos
641 618 850 674 errores
896 601 1044 671 decip
1064 605 1204 656 ehat.
1238 603 1385 674 _Quas
1421 617 1612 674 omnes
1657 602 1879 674 frameas
1969 601 2212 674 iudicabo
2256 601 2532 657 manifesto
2574 604 2769 671 judicio
2809 603 2858 653 in
2907 601 3008 654 fine
3038 603 3200 674 orbem
3227 611 3398 661 terrm,
3445 604 3494 654 id

334 671 546 742 gladius
583 672 670 726 ille
714 673 998 742 destruxit,
1041 687 1193 742 quem
1238 671 1372 742 Deus
1402 671 1571 742 Pater
1597 672 1647 723 in
1695 671 1874 742 humili

335 741 570 795 adventu
610 741 932 794 reconditum
982 745 1032 794 in
1080 741 1262 808 vagina
1297 741 1458 805 misit,
1506 741 1554 791 in
1603 741 1877 790 manifesto

336 826 470 864 vero
487 811 709 864 adventu
733 811 783 862 in
817 809 1086 877 maiestate
1116 810 1356 867 vibravit,
1387 809 1505 875 quia
1537 818 1652 874 post
1681 808 1877 860 adven-

337 888 451 932 tum
475 879 802 940 Christi,etsi
834 877 1043 932 framea
1067 879 1170 930 illae
1197 879 1246 930 in
1271 877 1528 944 aliquibus
1552 885 1872 936 manserunt,

335 963 554 1014 parvam
589 958 759 1000 tamen
788 946 1072 1000 efilcaciam
1107 947 1398 999 habuerunt
1422 960 1436 1006 ;
1465 944 1601 1012 quod
1624 945 1704 997 sic
1728 944 1874 1008 dicit,

337 1015 576 1070 Framec
623 1015 927 1136 deJecerunt.
977 1016 1025 1069 id
1073 1022 1170 1078 est,
1211 1016 1489 1066 destructas
1536 1019 1657 1065 sunt
1695 1027 1877 1077 perve-

337 1088 546 1136 nientes
587 1086 638 1136 in
705 1099 848 1136 nem.
876 1085 926 1136 id
957 1092 1039 1136 est
1068 1085 1118 1136 in
1161 1083 1535 1136 perfectionem
1565 1089 1617 1134 et
1649 1081 1873 1136 plenitu-

335 1088 546 1138 nientes
587 1086 638 1137 in
667 1081 848 1152 tinem,
876 1085 926 1137 id
957 1092 1039 1138 est
1068 1085 1118 1136 in
1161 1083 1535 1150 perfectionem
1565 1089 1617 1134 et
1649 1081 1873 1152 plenitu-

333 1155 517 1208 dinem
563 1149 840 1219 temporis,
866 1154 1074 1218 quando
1121 1154 1324 1204 scilicet
1361 1152 1600 1219 Christus
1643 1149 1873 1213 advenit,

335 1225 424 1276 vel
473 1218 772 1276 defecerunt
813 1233 996 1276 euntes
1046 1223 1094 1274 in
1133 1223 1309 1283 linem,
1358 1218 1408 1271 id
1449 1229 1529 1272 est
1575 1219 1874 1270 omnimoda

335 1291 637 1345 defectione
690 1299 746 1344 et
795 1291 1106 1344 contritione
1161 1289 1482 1343 destruitisti.
1541 1287 1726 1340 Anima
1785 1301 1876 1339 cu-

334 1359 530 1429 iusque
582 1361 722 1429 impii
779 1369 859 1412 est
909 1360 1111 1422 civitas,
1146 1361 1195 1429 in
1248 1373 1347 1429 qua
1405 1365 1586 1429 regnat
1634 1357 1875 1429 princeps

339 1425 668 1497 Babyloniae;
701 1429 749 1480 id
780 1437 859 1480 est
888 1429 1146 1481 diabolus.
1179 1428 1230 1479 In
1262 1428 1357 1478 hac
1386 1427 1594 1497 civitate
1618 1425 1799 1497 dolosa
1822 1431 1876 1476 et

337 1492 673 1552 fraudulenta
717 1497 935 1550 consilia
988 1499 1135 1562 quasi
1184 1497 1340 1548 curize
1393 1495 1562 1562 locum
1609 1492 1868 1546 obtinent.

336 1567 522 1620 Ulﬂcia
552 1581 673 1619 vero
712 1561 1040 1620 diversorum
1077 1566 1429 1617 membrorum
1464 1561 1582 1615 huic
1612 1562 1874 1628 principa-

339 1635 420 1688 tui
464 1635 761 1689 satellitium
819 1636 1052 1702 praebent
1099 1633 1163 1687 ad
1212 1633 1539 1702 explendum
1578 1629 1825 1699 ﬂagitium
1852 1670 1866 1693 ,

335 1703 552 1771 quando
582 1719 674 1771 per
718 1701 894 1758 oculos
921 1702 1214 1768 decipimur
1254 1702 1318 1754 atl
1367 1701 1630 1754 carnalem
1679 1711 1874 1771 concuf

335 1767 667 1839 pisceotiam,
717 1787 806 1838 per
853 1786 1004 1825 aures
1037 1767 1103 1825 ad
1145 1771 1432 1835 lasciviam,
1480 1783 1569 1836 per
1599 1781 1780 1839 manus
1807 1767 1870 1839 ad

337 1834 785 1903 rapacitatemfet
812 1840 886 1893 sic
917 1855 1008 1909 per
1034 1849 1239 1894 caetera.
1274 1841 1394 1893 Haec
1421 1834 1627 1909 quoque
1650 1834 1896 1909 civitatis

339 1911 492 1975 plebs
517 1919 638 1962 sunt
681 1906 930 1964 carnales
945 1910 1338 1971 delectationes,
1372 1917 1425 1960 et
1452 1906 1733 1958 turbulenti
1767 1920 1878 1959 mo-

337 1991 425 2030 tus
453 1981 611 2031 animi
653 1979 985 2046 quotidianas
1028 1978 1309 2032 seditiones
1355 1976 1407 2028 in
1449 1975 1658 2046 homine
1698 1975 1874 2027 conci-

339 2057 534 2100 tsntes.
567 2044 687 2100 llaec
712 2063 866 2115 regna
899 2063 990 2116 per
1017 2048 1248 2100 divinum
1281 2047 1492 2099 verbum
1515 2044 1876 2116 destruuntur,

336 2119 550 2183 quando
581 2132 671 2185 per
699 2112 910 2170 sacram
936 2112 1717 2185 prtedicationem_l'raudulenta
1747 2125 1876 2164 con-

338 2181 776 2267 ἐιιιτιξορίυηιυι·ξ
811 2195 864 2240 ει
904 2181 1102 2239 illicita:
1135 2183 1519 2267 delectationes.
1547 2181 1876 2267 edtitnantpr,

337 2266 393 2306 et
423 2249 593 2309 ofﬁcia
625 2257 974 2308 membrorum
1015 2256 1360 2319 captivantur,
1393 2251 1580 2319 utiliat
1627 2249 1678 2319 in
1718 2249 1878 2319 nobis

338 2326 480 2389 quod
531 2325 810 2390 Apostolus
859 2317 1106 2376 admooet
1176 2322 1400 2374 dicens:
1451 2317 1881 2390 Sic_ea:hibuistis

340 2387 560 2445 membra
583 2387 760 2446 ivestra
791 2395 971 2446 servire
1008 2392 1258 2458 iniquitati
1308 2391 1372 2441 ad
1417 2387 1747 2453 iniquitatem,
1777 2397 1878 2440 etc.

343 2462 497 2515 Unde
528 2463 691 2514 dicit:
725 2459 976 2527 Civitates,
1026 2462 1074 2513 id
1117 2469 1215 2521 est,
1260 2458 1784 2527 animasqimpiorum
1830 2460 1881 2508 in

341 2542 599 2600 quantum
627 2547 843 2600 regnum
871 2523 984 2583 erat
1013 2529 1227 2589 diaboli,
1262 2526 1596 2600 perverbnm
1629 2523 1881 2600 praedica-

344 2598 504 2652 tionis
526 2595 832 2654 destruiisti.
862 2600 923 2653 Et
943 2600 1209 2653 sciendum
1236 2597 1372 2664 quod
1405 2608 1728 2664 nequaquam
1760 2595 1878 2657 ista,

343 2669 400 2720 id
432 2677 513 2721 est
543 2668 868 2722 fraudulenta
900 2669 1112 2722 consilia
1158 2676 1211 2721 et
1251 2663 1464 2726 camera,
1498 2667 1545 2714 in
1578 2663 1728 2714 malis
1758 2667 1883 2714 civi-

343 2738 541 2790 tatibus
568 2752 685 2791 esse
713 2738 1031 2800 dicerentur,
1066 2737 1161 2788 nisi
1194 2736 1335 2802 prius
1361 2741 1540 2802 essent
1571 2732 1620 2802 in
1666 2731 1884 2799 singulis

343 2807 670 2859 hominibus.
705 2804 798 2859 Vel
825 2807 1014 2861 aliter:
1051 2799 1273 2857 From—ere
1310 2800 1517 2858 inimici,
1552 2799 1600 2852 id
1640 2810 1741 2863 est,
1776 2815 1886 2852 Ina-

343 2876 553 2929 nifeste
581 2877 1040 2937 contradictiones,
1070 2889 1198 2942 quas
1229 2871 1466 2942 diabolus
1515 2883 1606 2935 per
1646 2868 1882 2942 membra

327 2956 446 2998 ‘sua
475 2946 617 3012 prius
648 2945 869 2998 iaciebat
912 2938 1206 2997 Christiano
1235 2940 1430 3012 nomini
1455 2979 1469 3003 ,
1503 2952 1618 3012 quae
1649 2938 1767 3012 ideo
1797 2939 1885 3012 de-

341 3005 622 3082 signantur
645 3029 735 3081 per
756 3012 1003 3074 frameas,
1028 3010 1262 3082 quiaqui
1282 3009 1502 3082 framea,
1526 3005 1579 3058 id
1602 3017 1689 3082 est
1711 3005 1886 3075 gladio

345 3076 562 3164 pigeat,
594 3076 869 3137 manifeste
905 3076 1116 3164 pugnat.
1150 3080 1297 3164 Ιιιτεε,⁸
1318 3079 1546 3157 inquam,
1597 3076 1886 3164 defecerunt

343 3145 399 3205 in
422 3145 597 3219 ﬁnem,
629 3163 682 3203 ut
719 3167 873 3216 supra
902 3145 1096 3204 dictum
1121 3161 1220 3214 est,
1249 3156 1304 3202 et
1332 3161 1433 3200 non
1463 3147 1514 3197 in
1546 3145 1723 3219 paucis
1749 3149 1882 3219 :__s_ed

347 3212 615 3284 civitates,
646 3222 694 3273 id
735 3212 835 3285 est,
858 3212 1272 3287 conspirationes
1301 3228 1351 3272 et
1380 3216 1736 3287 conventicula
1767 3212 1885 3287 illo-

349 3305 472 3343 rum
504 3282 946 3344 coutradicmrum
990 3282 1313 3352 destruxisti,
1335 3284 1696 3338 transferendo
1722 3297 1812 3352 eos
1836 3282 1888 3334 in

350 3361 639 3412 bcclesiam
671 3370 763 3412 :‘et
805 3361 934 3412 bene
962 3357 1079 3411 ἀίω
1109 3351 1412 3410 destrusisti
1457 3357 1587 3420 iam,
1628 3352 1744 3419 quia
1780 3351 1889 3419 iam

350 3429 493 3494 apud
519 3441 568 3481 te
601 3430 750 3493 periit
779 3429 1050 3492 memoria,
1071 3428 1118 3480 id
1144 3435 1241 3485 est.
1268 3424 1401 3476 fama
1426 3433 1477 3475 et
1494 3422 1670 3494 gloria
1687 3434 1886 3494 eorum,

351 3491 513 3563 quam
555 3491 653 3561 ipsi
688 3501 963 3549 voluerunt
988 3513 1052 3550 ex
1088 3494 1447 3562 persecutione
1485 3491 1762 3563 Christiani
1791 3503 1886 3542 no-

349 3560 511 3617 tiiinls
541 3560 636 3618 sibi
664 3569 968 3632 acquirere;
1000 3577 1050 3618 et
1079 3560 1264 3616 merito
1289 3563 1458 3628 periit,
1491 3560 1608 3632 quia
1648 3560 1751 3632 liet_
1772 3573 1890 3632 eum

350 3638 551 3698 sonitu,
580 3637 629 3686 id
659 3627 1188 3688 t-St'irratiouabiliter
1215 3650 1226 3682 :
1255 3627 1389 3683 sicut
1420 3630 1556 3682 nulla
1581 3632 1712 3698 ratio
1740 3627 1892 3679 intel-

350 3697 545 3765 lectus,
574 3705 658 3756 ubi
683 3704 821 3758 solus
851 3719 1013 3757 sonus
1042 3718 1143 3758 non
1172 3700 1450 3754 distinctus
1482 3712 1572 3764 per
1601 3697 1761 3750 verba
1790 3705 1888 3748 est.

351 3777 485 3836 Quae
508 3772 936 3826 irrationabilitas
961 3779 1085 3825 satis
1107 3769 1436 3837 exprimitur,
1461 3767 1547 3820 ubi
1578 3766 1704 3837 ipsis
1726 3765 1894 3837 bobus

349 3833 749 3908 comparantur,
795 3843 1012 3895 Domino
1039 3833 1244 3894 dicente
1273 3839 1338 3891 ad
1375 3837 1634 3908 Saulum“:
1668 3833 1894 3908 Stultum

348 3921 427 3963 est
468 3902 552 3962 tibi
613 3902 784 3966 contra
828 3912 1086 3963 stimulum
1128 3910 1404 3969 calcitrare.
1442 3905 1533 3959 νει
1559 3903 1749 3957 aliter:
1785 3902 1893 3956 Me-

358 3982 521 4031 moria
550 3996 719 4033 eorum
760 3982 904 4046 periit
929 3995 1041 4032 cum
1086 3979 1273 4044 sonitu,
1307 3977 1358 4030 id
1387 3984 1490 4046 est,
1524 3989 1647 4046 cum
1674 3976 1892 4046 strepitu

353 4051 680 4114 impietatis:
717 4042 769 4102 id
794 4060 894 4116 est,
922 4049 1171 4104 memoria
1212 4042 1365 4116 periit
1392 4042 1444 4098 iu
1484 4045 1581 4116 eis,
1609 4049 1662 4116 et
1708 4042 1890 4116 impie-

355 4109 455 4178 tas,
484 4134 600 4184 qua:
629 4109 903 4186 strepitum
934 4121 1131 4173 faciunt
1159 4109 1426 4171 in'anima.
1462 4113 1544 4166 Vel
1578 4112 1725 4186 aliter
1751 4126 1762 4160 :
1790 4109 1894 4161 Me-

352 4180 517 4239 moria
542 4189 685 4253 periit
704 4180 817 4240 cum
839 4192 1026 4252 sonitu,
1060 4188 1110 4240 id
1135 4194 1236 4250 est,
1264 4199 1382 4239 cum
1412 4195 1598 4253 magno
1638 4180 1814 4232 labore
1840 4189 1895 4234 et

355 4250 552 4309 conatu
582 4258 871 4323 abnegandi
900 4273 976 4312 se.
1013 4250 1179 4310 Multo
1201 4254 1341 4308 enim
1370 4250 1547 4323 labore
1574 4263 1703 4323 opus
1731 4255 1813 4323 est
1838 4257 1895 4302 ut

351 4324 546 4390 aliquis
577 4339 635 4378 se
655 4317 897 4394 abneget,
920 4335 973 4379 et
996 4339 1203 4379 crucem
1231 4336 1378 4378 suam
1403 4320 1565 4394 tollat.
1592 4317 1680 4394 vel
1701 4317 1854 4394 aliter
1875 4333 1891 4394 _:

355 4386 605 4447 Memoria
635 4386 818 4447 eorum‘
853 4386 998 4463 periit
1042 4409 1156 4446 cum
1186 4395 1350 4445 sonitu
1397 4386 1888 4463 praedicationis,

353 4472 458 4527 est,
491 4478 583 4530 per
610 4454 863 4517 tonitrum
885 4475 937 4518 et
959 4475 1232 4526 terrorem,
1258 4454 1418 4530 quem
1447 4457 1668 4530 apostoli
1700 4454 1888 4530 ρξερἰ

352 4523 540 4587 cantés
566 4547 660 4598 per
687 4535 852 4586 minas
882 4533 1037 4586 futuri
1063 4523 1240 4599 iudicii
1267 4523 1344 4583 eis
1371 4523 1674 4581 intulerunt.
1700 4524 1766 4578 Et
1788 4523 1892 4599 Do:

355 4605 524 4653 minus
550 4594 801 4669 permanet
839 4603 892 4654 in
919 4594 1178 4667 interdum,
1223 4601 1274 4652 id
1318 4606 1419 4660 est,
1448 4610 1546 4669 ego
1593 4607 1747 4669 quem
1795 4594 1895 4662 ipsi

355 4662 700 4724 exheredare
731 4679 784 4724 et
804 4678 1047 4737 tanquam
1076 4662 1283 4725 servum
1305 4662 1572 4737 expellere
1592 4662 1893 4737 voluerunt,

355 4740 527 4792 factus
555 4739 808 4794 Dominus
839 4733 1124 4806 permaneo
1153 4742 1203 4793 in
1226 4733 1403 4804 domo,
1436 4736 1486 4790 id
1515 4742 1617 4797 est,
1643 4733 1894 4806 habitoin

357 4807 604 4862 ﬁdelibus
634 4822 737 4862 non
765 4801 1063 4869 ad'horam,
1089 4808 1178 4860 sed
1220 4809 1270 4858 in
1316 4801 1590 4858 teternum.
1642 4801 1790 4858 Unde
1816 4803 1896 4856 di-

357 4888 503 4930 ctum
528 4885 610 4929 est
635 4894 648 4929 :
675 4877 860 4932 Servus
880 4893 980 4930 non
999 4884 1250 4946 permanet
1277 4877 1329 4927 in
1363 4875 1512 4946 domo
1554 4877 1606 4925 in
1629 4881 1891 4946 tetanum,

358 4947 496 5015 ﬁlius
539 4952 708 4998 autem
758 4939 1014 5015 permanet
1063 4946 1115 4998 in
1154 4943 1528 5015 ωιετηιιηιηει
1576 4939 1893 5015 ηπειὲᾅῷ

358 5009 503 5085 regni
538 5015 646 5083 ejus
670 5009 771 5066 non
790 5017 888 5085 erit
912 5015 1043 5080 ﬁnis.
1093 5015 1186 5069 Hic
1219 5022 1375 5082 caput
1416 5011 1482 5064 de
1528 5024 1606 5073 se,
1647 5010 1826 5078 (ππ
1827 5009 1894 5063 de

359 5084 516 5139 tertia
541 5096 760 5150 persona
787 5084 1031 5151 loquitur.

430 5146 636 5205 Paravit
674 5152 746 5223 in_
780 5146 996 5223 judicio.
1025 5151 1221 5223 Merito
1254 5149 1497 5223 Dominus
1542 5155 1794 5223 permanet
1840 5146 1892 5199 in

358 5233 606 5276 internum
637 5223 687 5273 in
716 5217 892 5284 do'mo,
922 5224 1040 5286 quia
1072 5223 1184 5288 ipse
1211 5221 1260 5274 in
1301 5219 1498 5284 iudicio
1525 5219 1719 5288 paravit
1754 5217 1892 5266 thro-

361 5307 486 5343 num
522 5305 688 5355 suum,
720 5289 770 5342 id
799 5300 898 5348 est,
928 5303 1023 5356 ego
1049 5285 1107 5342 iii
1126 5289 1453 5356 damnatione
1483 5285 1739 5356 passionis
1758 5299 1891 5356 mea;

365 5361 542 5426 paravi
573 5354 699 5412 mihi
739 5354 979 5411 thronum
1005 5374 1018 5422 ;
1063 5360 1112 5411 id
1141 5366 1242 5420 est,
1271 5355 1555 5422 conquisivi
1598 5354 1892 5426 mibi_iudi-

363 5424 584 5480 ciariam
635 5436 937 5496 potestatein
977 5427 1118 5496 apud
1171 5428 1329 5478 Deum
1383 5427 1611 5496 Patrem,
1654 5424 1742 5496 qui
1782 5436 1888 5496 ine,

364 5497 488 5564 quia
519 5511 611 5564 pro
636 5491 936 5550 hominibus
967 5491 1226 5564 judicatus
1267 5508 1403 5564 sum,
1448 5492 1674 5564 iudicem
1722 5491 1891 5544 homi-

369 5561 497 5622 num
522 5561 828 5618 constituit.
881 5561 1028 5621 Unde
1074 5566 1266 5618 dictum
1299 5579 1313 5615 ε
1346 5561 1568 5614 Christus
1611 5563 1770 5627 factus
1817 5569 1891 5612 est

367 5635 602 5691 obediens
626 5633 764 5684 Patri
785 5649 936 5700 usque
960 5637 1026 5687 ad
1047 5647 1272 5695 mortem,
1304 5638 1499 5701 praptfr
1524 5630 1659 5701 quod
1688 5639 1737 5701 et
1759 5630 1890 5681 Deus

370 5703 531 5763 Pater
573 5702 715 5758 illum
751 5696 1007 5769 exultavit,
1052 5715 1109 5760 et
1151 5696 1342 5772 reliqua
1377 5696 1487 5752 {Et
1519 5698 1642 5768 ipse,
1691 5698 1742 5752 id
1787 5708 1891 5759 est.

1974 681 2074 740 est,
2104 671 2219 723 illos
2249 675 2334 740 qui
2364 687 2481 724 cum
2517 670 2657 735 prius
2697 679 2875 740 essent
2905 681 3060 730 terra.
3090 670 3143 740 id
3172 681 3275 740 est,
3292 672 3494 740 terreni

1976 738 2098 790 lient
2129 756 2220 806 per
2251 738 2379 793 bona
2408 755 2564 804 opera
2594 741 2754 800 orbis,
2786 739 2835 791 id
2877 751 2956 792 est
2987 738 3226 802 perfecti;
3268 739 3384 791 illos
3408 739 3496 802 iu-
3562 768 3564 771 -

1973 806 2158 860 dicabo
2206 810 2255 862 in
2301 810 2563 876 aequitate,
2608 809 2654 860 id
2707 818 2789 860 est
2836 809 2885 860 in
2927 808 3244 876 mqualitate,
3290 806 3498 876 confor-

1974 878 2164 930 mando
2200 892 2292 930 eos
2336 875 2539 931 scilicet
2585 877 2709 929 mihi
2757 877 2805 928 in
2838 876 3001 942 gloria
3045 877 3134 938 ibi,
3165 875 3282 943 quia
3322 875 3404 929 hic
3442 889 3500 928 se

1973 947 2098 997 mihi
2125 946 2586 998 conformaverunt
2617 961 2706 1006 per
2729 945 2860 997 bona
2889 959 3078 1009 opera;
3111 952 3156 995 et
3186 945 3408 1012 populos.
3443 943 3495 998 id

1973 1022 2075 1074 est,
2116 1017 2281 1067 malos
2311 1015 2561 1068 tumultus
2587 1023 2640 1068 et
2668 1014 2953 1067 seditiones
2980 1014 3234 1074 agitantes
3259 1014 3501 1080 iudicabo

1972 1082 2021 1131 in
2038 1084 2259 1152 justitia,
2293 1083 2341 1136 id
2373 1095 2473 1143 est,
2508 1085 2556 1135 in
2581 1085 2967 1152 comparatione
3000 1082 3214 1152 iustitia:
3238 1079 3498 1148 perfecto-

1974 1149 2108 1215 ruin,
2134 1156 2251 1217 quia
2278 1153 2357 1203 hic
2383 1153 2508 1218 ipsis
2531 1149 2769 1218 perlectis
2799 1165 2855 1203 se
2886 1165 2986 1202 non
3015 1149 3500 1209 conformaverunt,

1974 1232 2076 1281 non
2123 1220 2520 1273 associabuntur
2571 1219 2671 1272 illis
2704 1218 2770 1270 ibi
2811 1218 3072 1285 ingloria.
3109 1219 3220 1287 Non
3263 1224 3398 1272 enim
3432 1220 3499 1271 ibi

1973 1291 2072 1340 erit
2109 1288 2360 1354 judicium
2413 1288 2511 1340 nisi
2561 1290 2609 1341 in
2653 1288 2986 1349 conscientia,
3035 1301 3133 1354 qua
3183 1302 3240 1340 se
3285 1288 3504 1354 quisque

1974 1357 2193 1436 sociabit
2222 1357 2312 1424 ibi,
2341 1357 2448 1411 sive
2476 1357 2631 1424 bono,
2664 1358 2774 1410 sive
2804 1358 2939 1410 malo
2991 1357 3075 1409 cui
3109 1370 3162 1410 sc
3193 1356 3276 1410 hic
3300 1358 3504 1411 confero

1973 1437 2147 1478 mavit.

2046 1513 2104 1566 Et
2147 1518 2304 1580 [actus
2344 1522 2416 1567 est
2446 1514 2706 1567 Dominus.
2737 1514 2876 1568 idem
2907 1523 3113 1567 creator
3134 1513 3387 1573 omnium,
3411 1515 3500 1581 qui

1973 1591 2093 1635 tunc
2135 1583 2410 1638 manifeste
2447 1584 2784 1650 iudicabitur,
2837 1586 3017 1650 factus,
3058 1583 3106 1634 id
3155 1591 3254 1644 est,
3302 1594 3507 1636 creatus

1973 1666 2065 1719 per
2106 1651 2446 1706 humilitatem
2480 1652 2575 1704 silui
2617 1652 2938 1720 adiunctam.
2990 1659 3045 1720 et
3094 1650 3209 1703 ideo
3257 1650 3505 1720 Dominus

1977 1722 2328 1774 constitutus:
2363 1735 2500 1774 nunc
2549 1719 2753 1773 interim
2801 1730 2872 1774 est
2918 1719 3187 1786 refugium,
3221 1719 3268 1770 id
3300 1727 3381 1770 est
3427 1735 3507 1769 rn-

1901 1783 1950 1842 B
1978 1790 2303 1858 captaculum
2331 1829 2345 1851 ,
2404 1805 2505 1857 quo
2538 1789 2844 1841 defenditur
2891 1798 2944 1842 et
2974 1783 3237 1858 recipitur
3283 1787 3369 1840 ille
3419 1788 3506 1851 qni

1979 1857 2120 1924 prius
2170 1872 2263 1925 per
2313 1859 2533 1924 primum
2576 1857 2850 1911 traducem
2901 1857 3097 1925 peccati
3149 1857 3197 1909 in
3246 1859 3508 1922 regionem

1979 1924 2309 1995 longinquam
2342 1925 2574 1995 fugerat;
2603 1937 2706 1988 est,
2733 1928 2964 1991 inquam,
2998 1924 3248 1992 refugium
3295 1926 3503 1991 pauperi

1981 1994 2084 2051 non
2108 1996 2360 2059 exterius,
2399 1994 2488 2048 sed
2523 1997 2763 2055 interius,
2794 1995 2841 2047 id
2887 2003 2964 2047 est
3003 2009 3129 2048 vero
3162 1995 3393 2061 pauperi.
3426 1994 3512 2060 qui

1980 2066 2047 2117 ita
2075 2080 2133 2120 se
2161 2069 2210 2117 in
2244 2075 2414 2119 mente
2445 2065 2762 2130 pauperavit,
2804 2073 2859 2116 ut
2906 2063 3032 2117 niltil
3070 2073 3211 2114 amet
3253 2064 3389 2127 quod
3426 2067 3505 2115 vel

1979 2147 2097 2199 eum
2131 2134 2384 2187 viventem
2416 2134 2642 2196 deserat,
2667 2133 2757 2185 ~ch
2783 2133 2848 2185 ab
2899 2149 2960 2185 eo
2994 2133 3043 2185 in
3093 2140 3260 2186 morte
3299 2133 3510 2185 desera-

1981 2211 2082 2267 tur,
2115 2203 2204 2256 sed
2230 2203 2342 2256 sola
2369 2211 2559 2266 aeterna
2591 2217 2706 2269 qua:
2735 2202 2936 2254 stabilia
2977 2210 3118 2262 sunt,
3151 2201 3432 2264 desiderat,
3460 2210 3513 2254 et

1980 2272 2031 2325 in
2065 2274 2161 2326 hoc
2191 2281 2271 2325 εει
2297 2271 2566 2339 refugium,
2599 2272 2719 2338 quia
2746 2273 2949 2338 adjutor
2988 2279 3059 2322 est
3087 2271 3139 2322 in
3168 2272 3512 2339 Opportunita-

1980 2341 2131 2400 tibus,
2163 2342 2211 2392 id
2240 2350 2342 2406 est,
2372 2338 2455 2393 ubi
2487 2350 2563 2393 est
2609 2352 2954 2407 opportunum
2997 2339 3188 2391 scilicet
3220 2345 3270 2389 in
3304 2338 3506 2389 virtuti-

1981 2412 2076 2461 bus
2104 2410 2339 2472 iuterius,
2372 2409 2491 2462 licet
2533 2425 2632 2462 non
2665 2409 2874 2474 adjuvet
2918 2409 3172 2470 ex'erius,
3200 2411 3316 2472 quia
3365 2408 3506 2469 ponit

1980 2479 2198 2531 virtutes
2226 2480 2280 2531 in
2304 2479 2414 2532 suis
2443 2494 2506 2531 ne
2534 2480 2872 2540 devoceutur,
2904 2479 2983 2531 vel
3011 2477 3255 2530 deﬁciant
3286 2494 3296 2526 :
3325 2485 3377 2528 et
3412 2478 3509 2529 huc
3548 2517 3558 2528 .

1983 2556 2104 2599 tunc
2134 2548 2340 2614 quando
2398 2562 2609 2600 necesse
2657 2555 2756 2609 est,
2803 2547 3007 2614 scilicet
3053 2546 3104 2596 in
3155 2545 3513 2605 tribulatione.

1981 2613 2188 2680 quando
2220 2617 2450 2669 exterius
2480 2616 2812 2669 tribulautur.
2846 2615 2936 2667 Vel
2965 2613 3116 2666 aliter
3143 2629 3156 2665 :
3190 2614 3411 2681 Adintor
3435 2628 3514 2668 est

1982 2701 2190 2739 suorum
2226 2686 2278 2736 in
2309 2685 2644 2745 tribulatione,
2679 2685 2727 2737 id
2772 2696 2849 2738 est
2900 2699 2991 2750 per
3032 2682 3437 2747 tribulationem,
3467 2695 3520 2735 et

1983 2767 2074 2822 per
2103 2754 2341 2820 qumdam
2371 2768 2543 2806 amara
2573 2753 2691 2807 data
2747 2755 2798 2806 in
2838 2753 3309 2822 apaortunitatibus,
3359 2752 3409 2804 id
3438 2761 3520 2805 est

1983 2820 2033 2875 in
2065 2823 2512 2888 prosiieritatibus.
2553 2823 2682 2875 Cum
2728 2825 2865 2876 enim
2911 2822 3044 2875 Deus
3072 2820 3309 2886 quaedam
3340 2834 3516 2872 amara

1983 2899 2038 2944 et
2082 2906 2261 2955 aspera
2310 2891 2738 2957 prosperitatibus
2776 2891 3051 2942 mundanis
3101 2903 3311 2940 suorum
3357 2889 3518 2941 inter-

1984 2961 2194 3012 misceri
2230 2961 2498 3026 permittit,
2528 2974 2646 3014 vere
2673 2961 2722 3012 in
2749 2959 2847 3012 hoc
2875 2973 2966 3011 eos
2994 2957 3201 3025 adiuvat
3231 2975 3241 3008 :
3273 2958 3390 3024 quia
3418 2967 3522 3008 sta-

1987 3029 2076 3082 tim
2111 3028 2339 3096 perfccta
2368 3032 2539 3082 anima
2569 3042 2685 3098 quae
2714 3028 2914 3097 fragilia
2960 3030 3083 3089 sint,
3131 3030 3229 3098 hoc
3260 3027 3516 3079 mundana

1913 3113 1958 3174 ο
1988 3101 2229 3174 advertit,
2255 3107 2309 3174 et
2335 3099 2408 3152 sic
2432 3099 3009 3174 ea‘oontemnitjatque
3042 3099 3090 3149 in
3119 3097 3408 3174 ctelestium
3433 3111 3523 3161 ap-

1991 3168 2154 3232 petitu
2198 3168 2425 3220 animum
2471 3168 2652 3236 affigit.
2696 3167 2917 3219 Possunt
2946 3181 3156 3233 quoque
3201 3167 3249 3219 lii
3281 3166 3382 3220 duo
3411 3179 3525 3236 ver-

1987 3249 2077 3288 sus
2131 3245 2272 3289 recte
2325 3236 2374 3294 in
2421 3234 2582 3288 tertia‘
2603 3249 2840 3357 (persona
2887 3237 3018 3302 legi,
3092 3237 3140 3287 id
3196 3244 3276 3289 est
3320 3237 3381 3286 ad
3433 3234 3528 3286 Pa-

1991 3315 2120 3357 trem
2156 3306 2359 3357 referri.
2407 3313 2460 3357 ut
2496 3305 2576 3357 sic
2644 3307 2846 3356 icatur:
2879 3305 3056 3356 Justus
3088 3304 3328 3356 Dominus
3369 3303 3526 3356 Filius

1991 3315 2120 3358 trem
2156 3306 2359 3368 referri,
2407 3313 2460 3357 ut
2496 3305 2576 3358 sic
2603 3303 2846 3357 dicatur:
2879 3305 3056 3356 Justus
3088 3304 3328 3356 Dominus
3369 3303 3526 3356 Filius

1991 3383 2247 3440 permanet
2277 3375 2330 3427 in
2360 3383 2596 3426 aeternum
2628 3376 2676 3426 in
2709 3373 2883 3434 domo,
2925 3373 2973 3424 id
3005 3383 3100 3430 est.
3148 3385 3243 3436 ego
3285 3374 3402 3436 quia
3434 3372 3526 3422 Do-

1990 3449 2163 3495 minus
2212 3442 2364 3497 Pater
2407 3443 2456 3495 in
2479 3443 2694 3508 judicio,
2741 3443 2791 3495 id
2824 3450 2907 3495 est
2951 3441 3001 3493 in
3031 3441 3361 3508 damnatione
3406 3454 3523 3490 mea

1990 3510 2193 3590 paravit
2213 3511 2321 3588 sibi
2353 3525 2441 3590 tuo
2463 3507 2708 3590 thronum
2739 3526 2914 3576 suum,
2941 3507 3264 3590 illestfccit
3293 3523 3373 3590 me
3402 3522 3518 3590 esse

1985 3576 2314 3651 iudiciariam
2352 3578 2573 3651 sedem,
2600 3589 2659 3651 _nt
2690 3593 2783 3651 per
2813 3595 2897 3632 me
2940 3578 3074 3651 alios
3114 3576 3382 3644 iulicaret.
3431 3576 3518 3651 Vel

1990 3646 2140 3702 aliter
2167 3666 2178 3700 :
2211 3649 2265 3702 in
2292 3650 2508 3719 judicio,
2561 3649 2613 3702 id
2637 3646 2716 3702 est
2759 3647 2835 3719 in‘
2862 3647 3104 3715 patientia
3136 3655 3187 3698 et
3221 3646 3518 3719 constantia

1991 3715 2341 3772 damnationis
2371 3734 2500 3771 uicae
2545 3720 2745 3787 paravit
2773 3715 2866 3768 sibi
2911 3732 3000 3784 per
3023 3716 3322 3787 exemplum
3356 3716 3521 3764 imita-

1993 3788 2148 3841 tionis
2174 3790 2405 3838 thronum
2439 3783 2602 3848 suum,
2634 3789 2681 3840 id
2715 3795 2794 3840 est
2831 3783 3098 3853 apestolos
3142 3783 3192 3835 in
3224 3785 3406 3853 quibus
3434 3797 3518 3834 se-

1992 3858 2160 3925 deret,
2190 3867 2241 3909 et
2271 3870 2362 3925 per
2388 3870 2519 3922 quos
2547 3857 2677 3908 alios
2717 3852 2997 3921 iudicaret,
3039 3861 3106 3925 et,
3131 3853 3236 3919 ipse
3275 3852 3520 3904 Dominus

1992 3923 2505 3978 nianifeSIe’tandem
2518 3925 2768 3994 iudicabit
2799 3937 2887 3986 per
2926 3938 3007 3974 me
3035 3923 3196 3994 orbem
3223 3932 3383 3982 terra},
3415 3931 3516 3994 etc.

1993 3997 2056 4048 Et
2077 4009 2211 4047 nunc
2245 3997 2448 4047 interim
2479 3990 2568 4061 per
2593 4007 2675 4046 me
2703 3993 2864 4044 factus
2889 3998 2969 4044 est
2998 3990 3245 4056 refugium
3278 3991 3515 4055 pauperi,

1991 4069 2128 4118 sicut
2150 4064 2389 4131 superius
2415 4067 2705 4130 expositum
2735 4071 2831 4115 est.

2060 4152 2126 4206 Et
2151 4160 2347 4220 sperent
2372 4153 2423 4203 in
2450 4161 2494 4204 te
2519 4153 2600 4219 qui
2626 4158 2882 4204 noverunt.
2925 4149 3017 4203 Hic
3040 4163 3095 4201 se
3123 4147 3185 4220 a_d
3232 4147 3396 4220 ipsum
3430 4146 3524 4198 Pa-

1991 4231 2126 4278 trem
2152 4217 2431 4275 convertit.
2461 4217 2618 4286 Quasi
2651 4222 2788 4275 dicat
2815 4238 2826 4272 :
2855 4222 2984 4286 Quia
3012 4234 3107 4285 ego
3133 4217 3378 4268 Dominus
3407 4231 3517 4286 sunt

1991 4292 2244 4363 refugium
2294 4285 2523 4363 pauperi,
2566 4291 2646 4344 vel
2680 4302 2732 4343 tu
2769 4291 2821 4342 in
2867 4285 2968 4351 me,
3019 4291 3151 4346 ideo,
3192 4300 3235 4363 _o
3270 4285 3518 4363 Domine,

1992 4352 2206 4430 sp'er'eot
2229 4352 2367 4413 in'te
2387 4352 2474 4426 qui
2503 4352 2756 4412 noverunt
2782 4373 2968 4411 nomen
3000 4366 3160 4430 tuum.
3192 4352 3279 4430 γει
3305 4354 3522 4430 ita‘con-

1916 4443 1968 4504 υ
1995 4423 2279 4512 tinuabitur
2303 4423 2454 4512 iusta
2484 4430 2821 4512 posteriorem
2851 4427 3158 4479 sententiam
3195 4424 3270 4512 del
3293 4423 3524 4512 ,ρώπων

1995 4501 2047 4552 in
2073 4492 2546 4569 opportunitatibus.
2572 4497 2698 4569 Quia
2727 4506 2944 4569 _terrena
2970 4492 3376 4569 contemptibilia
3406 4505 3522 4568 esse

1994 4561 2324 4650 cognoscunt
2373 4580 2465 4634 per
2515 4561 2896 4647 tribulationem
2937 4561 3523 4650 admistauiprosperi-

1998 4632 2111 4706 tati,
2140 4637 2260 4692 ideo
2286 4632 2504 4704 sperent
2531 4651 2631 4706 non
2661 4635 2711 4687 in
2737 4648 2816 4700 se,
2843 4643 2897 4686 ut
2929 4636 2993 4687 de
3018 4647 3075 4686 se
3101 4632 3288 4698 aliquid
3322 4642 3518 4705 praesu-

1995 4705 2161 4773 mant,
2188 4709 2324 4762 sicut
2356 4706 2479 4759 fecit
2520 4705 2708 4768 Adam,
2744 4716 2925 4773 bneque
2955 4709 3165 4773 sperent
3195 4714 3242 4749 in
3275 4709 3516 4773 terrenis,

1994 4779 2086 4831 sed
2115 4765 2264 4843 spem
2291 4789 2438 4830 suam
2463 4773 2519 4843 in_
2542 4783 2594 4825 te
2634 4765 2932 4843 conﬁciant,
2964 4765 3184 4823 scientes
3227 4765 3365 4843 quod
3406 4765 3519 4816 sine

1997 4856 2048 4901 te
2084 4837 2213 4899 nihil
2245 4852 2459 4912 possunt
2498 4837 2954 4912 facere._lili_dico‘
2993 4844 3204 4912 sperent
3245 4837 3329 4912 qui
3372 4848 3520 4912 nove:

1993 4900 2107 4968 runt
2132 4900 2259 4968 vere
2296 4926 2469 4964 nomen
2500 4920 2656 4962 tuum.
2693 4909 2901 4980 Legitur
2926 4907 2991 4960 de
3019 4900 3116 4959 hoc
3145 4900 3512 4980 noiiiinenqund

1993 4981 2239 5037 Dominus
2268 4996 2443 5036 nomen
2470 4993 2541 5032 est
2578 4979 2671 5032 illi.
2712 4970 2859 5044 Quod
2909 4990 3119 5038 nomen,
3149 4974 3197 5025 id
3235 4983 3314 5022 est
3346 4970 3518 5047 Domi?

1993 5069 2090 5107 nus
2120 5055 2206 5106 ille
2234 5066 2357 5106 vere
2383 5052 2523 5103 novit
2545 5052 2706 5110 solus,
2739 5049 2822 5114 qui
2848 5060 2904 5098 se
2930 5059 3134 5097 servum
3160 5048 3512 5114 spontanee‘et

1992 5105 2230 5190 subiecit.
2262 5105 2615 5190 ltein_legi_tur,
2649 5105 2862 5180 Qui'est,
2894 5115 3125 5190 misitntne
3150 5110 3214 5160 ad
3232 5122 3374 5190 eoo:
3404 5105 3514 5190 ﬁgo

1991 5177 2105 5245 sani
2115 5193 2200 5258 qui
2222 5205 2350 5242 sum.
2373 5177 2516 5252 Quod
2543 5177 2732 5258 ite—rum
2753 5177 2936 5258 nomen
2959 5185 3154 5258 scilicet
3169 5186 3267 5236 est,
3289 5177 3387 5227 ille-
3403 5183 3515 5258 tim:

1993 5243 2102 5314 tum
2128 5243 2255 5311 'vere
2281 5243 2465 5318 noscit,
2493 5254 2582 5324 qui
2614 5269 2713 5305 non
2737 5252 2951 5324 cupitea
2977 5265 3089 5317 qua:
3115 5248 3279 5300 ﬂuunt
3303 5259 3403 5324 per.
3418 5243 3515 5320 fuit

1991 5312 2044 5383 et
2062 5328 2180 5389 erit,
2207 5328 2254 5379 id
2282 5336 2361 5377 est
2384 5312 2696 5387 transitoria,
2723 5312 2835 5389 qua:
2865 5312 3128 5373 sicut-cum
3163 5328 3346 5383 magno
3368 5312 3513 5389 desi-

1992 5398 2139 5451 derio
2163 5383 2534 5463 exspectantur
2560 5383 2836 5459 antequam
2866 5389 3217 5463 acquirantur,
3246 5383 3380 5463 quod
3411 5394 3516 5463 no-

1991 5475 2130 5521 tatur
2170 5455 2425 5530 per'erit;
2471 5464 2540 5514 ita
2582 5455 2916 5530 cuin-magno
2959 5455 3513 5530 dolore__atnittuntur,

1990 5535 2127 5605 quod
2160 5523 2367 5605 notatur
2394 5523 2488 5599 per
2517 5530 2645 5582 fuit:
2675 5523 2995 5605 sedtaututn
3024 5523 3284 5605 desiderat
3307 5528 3520 5605 ea

1989 5593 2129 5670 sunt,
2162 5603 2213 5655 id
2238 5611 2318 5655 est
2360 5593 2467 5653 sola
2512 5610 2725 5670 aeterna,
2756 5606 2806 5670 et
2838 5598 3022 5670 merito
3067 5593 3257 5670 debent
3298 5597 3529 5670 sperante-

1992 5652 2316 5740 iii'ié’ﬁuiu'
2357 5652 2409 5723 tu
2456 5683 2557 5724 non
2598 5652 3127 5732 dico'dcreliuqnens,
3156 5659 3242 5712 sed
3292 5652 3393 5708 nan
3420 5652 3521 5706 dea
