3912 6230
515 296 615 352 3.53

936 297 1168 357 ‘BEDzE
1212 305 1652 361 VENERABILIS
1690 306 1837 361 OPP.
1891 304 2063 358 PARS
2101 305 2166 357 ll.
2208 303 2395 358 SECT.
2427 305 2487 359 ll.
2514 334 2581 346 —
2620 306 2817 361 DUBIA
2864 306 2948 360 ET
2989 306 3256 362 SPURIA.

3628 306 3727 362 536

512 419 760 487 reliquisti
788 419 892 486 jam
926 419 979 471 in
1012 428 1277 488 proposito
1306 427 1396 474 tuo
1423 429 1719 487 quierentes
1744 428 1793 473 te
1818 426 1871 472 et
1894 418 2055 474 abiie-
2087 417 2136 477 Α
2164 416 2369 471 dientes
2398 427 2447 471 et
2480 419 2835 485 ingredientes
2860 420 3097 473 videntes
3126 420 3528 473 damnationem
3555 420 3702 473 malo

543 501 686 542 an'es
711 504 785 542 ςε.

508 508 789 611 μῐὶδξιῗηίἳέ
820 557 1035 609 Domino
1080 559 1165 621 qui
1209 558 1420 611 habitat.
1466 558 1559 611 llic
1608 559 1869 611 convertit
1897 572 1955 612 se
1991 558 2056 611 ad

515 631 765 689 membra,
797 628 943 693 quasi
974 629 1210 682 diceret:
1238 628 1300 680 Et
1328 640 1381 680 ιιι
1416 628 1625 690 possitis
1654 642 1887 692 sperare,
1919 628 2057 695 psal-

512 698 591 749 lite
624 697 858 760 Domino,
907 697 954 749 id
992 707 1091 761 est,
1124 699 1255 751 bene
1284 698 1571 764 operamini
1606 697 1667 747 ad
1694 698 1912 765 gloriam
1941 698 2053 750 Dei.

510 768 638 820 Nota
670 781 769 818 non
801 781 917 819 esse
944 782 1178 834 Sperare,
1228 767 1324 819 nisi
1375 768 1636 832 prmcedat
1669 767 1914 832 psallere,
1953 768 2055 817 Do-

508 837 669 898 mino,
703 838 834 895 dico,
861 838 950 905 qui
979 838 1168 889 habitat
1200 838 1251 888 in
1278 836 1423 896 Sion,
1450 837 1529 888 vel
1562 838 1645 901 qui
1680 851 1814 887 nunc.
1847 851 1937 900 per
1970 838 2051 889 in-

508 907 876 959 habitationeni
907 921 1054 959 soam
1086 907 1207 959 facit
1231 922 1324 958 vos
1353 920 1470 958 esse
1502 908 1646 967 Sion,
1680 906 1726 957 id
1756 916 1836 957 e-t
1865 921 2052 972 specu-

506 977 713 1037 latores,
765 984 819 1027 ut
859 976 1065 1029 tandem
1116 977 1230 1029 sitis
1276 975 1340 1028 ad
1390 991 1563 1027 veram
1618 975 1870 1027 vis-iuueni
1929 990 2049 1041 per-

505 1057 766 1098 veiitores.
809 1044 955 1098 Sicut
1002 1044 1141 1098 enim
1194 1046 1346 1098 alicui
1378 1046 1675 1097 ascendenti
1723 1044 2047 1097 llicrusalem

506 1118 729 1184 primum
756 1115 981 1168 occurrit
1013 1115 1159 1177 Sion,
1191 1117 1257 1167 ita
1300 1130 1438 1167 iiiiiic
1468 1115 1514 1165 iii
1550 1114 1795 1184 pricseiiti
1824 1116 2049 1184 aﬂbonis

502 1183 669 1253 agitur
705 1185 1008 1249 spcculatio,
1057 1197 1109 1237 ut
1140 1186 1347 1237 tandem
1404 1185 1739 1247 perveniatur
1770 1183 2046 1253 in_llieru-

504 1251 685 1315 saleni,
738 1255 785 1307 id
840 1263 922 1307 est
974 1256 1026 1306 in
1068 1270 1243 1306 veram
1293 1255 1434 1319 pacis
1482 1254 1757 1306 visionem.
1811 1251 2045 1316 Psallite,

503 1324 733 1392 inquam,
768 1322 1003 1385 Domino,
1032 1333 1084 1375 et
1114 1333 1169 1375 ut
1193 1325 1280 1388 qui
1328 1322 1491 1387 diligit
1544 1323 1727 1385 Deum,
1782 1321 1962 1387 diligat
1992 1332 2044 1376 ct

504 1394 715 1446 fratrem
744 1409 894 1447 suum
924 1409 936 1444 :
967 1394 1256 1445 annitntiate
1285 1394 1412 1443 inter
1440 1403 1627 1461 gentes,
1670 1392 1718 1442 id
1764 1399 1844 1444 est
1874 1392 2046 1457 genti-

506 1464 600 1515 biis
652 1462 715 1514 ad
771 1464 988 1515 salutem
1041 1477 1219 1515 earum
1272 1464 1461 1524 studia,
1498 1462 1546 1513 id
1594 1472 1672 1512 est
1702 1461 2044 1515 vehementes

503 1530 804 1591 affectiones
834 1532 947 1599 ejus
994 1532 1195 1585 scilicet
1229 1550 1238 1583 :
1272 1535 1389 1600 qii'a
1441 1532 1505 1583 ad
1556 1530 1777 1583 salutent
1807 1532 2045 1584 omnium

506 1617 589 1654 me
624 1600 847 1653 Veibuin
893 1617 1041 1655 suum
1093 1601 1354 1653 humiliari
1407 1617 1496 1665 per
1545 1600 1958 1653 incarnationem
1990 1611 2044 1653 et

507 1672 802 1737 passionem
838 1672 1017 1733 voluit,
1051 1681 1104 1725 et
1142 1671 1517 1723 anniintiaiido.
1553 1669 1727 1722 Nolite
1756 1671 1926 1721 timere
1961 1687 2042 1723 eos

2164 497 2367 550 riini,et
2393 490 2865 541 remunerationem
2898 492 3177 556 honorum,
3202 499 3452 542 carerent
3487 490 3719 547 vitanda,

2157 565 2211 627 et
2260 566 2567 622 appeterent
2607 557 2863 627 facienda.
2897 558 3025 623 Qute
3072 560 3298 611 humana
3336 557 3539 627 judicia
3594 560 3716 612 ideo

2155 624 2399 677 dicuntur
2429 635 2589 689 porta:
2613 626 2819 691 mortis,
2851 632 2970 693 quia
3006 624 3476 696 nequaqciatnvsiiic
3509 628 3719 695 itijuSti-

2158 696 2222 743 tia
2266 708 2482 760 possunt
2514 699 2750 749 exerceri
2780 714 2790 747 :
2827 697 2893 749 de
2933 697 3052 760 illis,
3088 700 3321 763 inquam,
3368 698 3539 763 portis
3566 699 3719 749 eul-

2157 771 2233 815 tas
2288 774 2339 815 tn
2380 780 2483 823 me.
2535 765 2583 817 id
2636 774 2717 818 est
2768 781 2936 829 meos,
2985 778 3037 818 ut
3090 782 3419 835 nequaquam
3469 767 3718 819 videlicet

2152 836 2441 887 secundum
2478 836 2736 897 homines,
2766 837 2855 889 sed
2912 837 3202 888 secundum
3234 846 3286 888 te
3322 840 3410 899 qui
3466 847 3715 899 acceptor

2154 917 2499 967 personarum
2555 920 2655 956 non
2707 918 2785 957 es.
2840 906 2929 957 Ila:
2978 918 3083 959 tres
3132 906 3410 959 sententia:
3458 907 3523 956 de
3556 907 3713 968 portis

2152 975 2348 1036 mortis,
2398 976 2625 1026 maxime
2678 973 2741 1024 ad
2789 975 3023 1027 membra
3072 976 3394 1028 referuntur.
3446 975 3710 1040 Quantum

2152 1055 2277 1093 vero
2330 1045 2394 1094 ad
2442 1054 2636 1110 caput,
2699 1044 2765 1095 ita
2824 1054 2997 1111 potest
3049 1044 3188 1107 dici,
3247 1043 3467 1095 Exulto:
3528 1061 3605 1096 me
3654 1053 3712 1095 de

2151 1112 2307 1180 portis
2352 1113 2547 1175 mortis,
2594 1111 2644 1165 id
2684 1122 2783 1171 est.
2832 1114 2896 1166 de
2928 1114 3222 1166 humilitate
3263 1124 3319 1166 et
3362 1114 3715 1180 passibilitate

2152 1178 2510 1246 humanitatis,
2542 1198 2657 1248 qua:
2689 1188 2811 1235 sunt
2839 1196 3084 1236 accessus
3115 1183 3177 1235 ad
3212 1178 3466 1243 mortem;
3504 1186 3707 1235 exultas

2150 1264 2235 1302 me
2262 1252 2309 1300 iii
2345 1252 2731 1305 resurrectione
2764 1267 2856 1318 per
2900 1254 3346 1304 immortalitatem
3378 1262 3433 1303 et
3462 1267 3556 1316 per
3613 1254 3712 1303 im-

2149 1319 2569 1385 possibilitatem.
2606 1319 2695 1373 Vel
2731 1332 2785 1373 ιιι
2806 1322 3117 1388 simpliciter
3139 1322 3363 1385 dicatur,
3392 1319 3611 1373 Emittis
3638 1338 3713 1374 me

2148 1392 2208 1441 de
2249 1394 2405 1455 portis
2452 1393 2649 1451 martis,
2698 1390 2747 1442 id
2796 1401 2899 1456 est,
2949 1391 3015 1443 de
3063 1400 3322 1455 potestate
3371 1394 3710 1453 mortis,iiua

2148 1461 2499 1511 communiter
2527 1474 2711 1512 omnes
2739 1460 2825 1526 qui
2858 1464 3137 1512 carnaliter
3164 1472 3477 1522 nascuntur,
3529 1470 3709 1512 tenen-

2149 1540 2253 1589 tur,
2305 1530 2508 1581 exaltas
2559 1544 2665 1592 me,
2719 1540 2773 1581 ut
2822 1531 2890 1582 ab
2929 1530 3038 1596 ipsa
3082 1545 3184 1581 non
3235 1531 3538 1582 coiiiiiiear.
3588 1529 3710 1591 Vel,

2151 1596 2361 1649 Ea‘altas
2385 1615 2460 1650 ine
2484 1599 2545 1649 de
2574 1598 2730 1660 portis
2753 1600 2948 1657 mortis,
2986 1600 3035 1651 id
3068 1611 3147 1650 est
3180 1601 3388 1661 tartari,
3413 1600 3569 1665 quasi
3601 1615 3708 1649 ma-

2150 1669 2448 1730 terialibus,
2480 1669 2668 1733 quibus
2700 1669 2901 1723 scilicet
2940 1669 3106 1721 clausi
3155 1678 3399 1721 tenentur
3450 1670 3540 1733 qui
3596 1670 3711 1720 illuc

502 1741 586 1805 qui
613 1743 844 1792 occidunt
870 1758 1068 1807 corpus,
1102 1742 1321 1793 animam
1350 1752 1514 1792 autem
1546 1757 1644 1816 non
1672 1748 1879 1816 possunt
1911 1742 2041 1791 occi-
2075 1752 2116 1810 Β
2149 1737 2517 1816 detruduntur.
2542 1738 2691 1816 Quod
2724 1746 2846 1791 tunc
2878 1738 3070 1816 factum
3096 1747 3196 1798 est,
3222 1740 3434 1816 quando
3459 1737 3708 1816 divinitas

502 1812 636 1871 dere,
670 1811 911 1871 quoniam
943 1814 1116 1863 veniet
1150 1819 1355 1874 tempus
1401 1810 1607 1873 quando
1638 1808 1913 1861 manifesta
1942 1813 2041 1862 erit

504 1879 926 1932 interlicientinm
960 1896 1101 1945 paena
1129 1890 1174 1932 et
1204 1879 1578 1945 interfectorum
1609 1878 1771 1947 gloria
1798 1879 1935 1944 quod
1966 1881 2042 1931 sic

501 1950 645 2012 dicit,
682 1950 927 2001 Dominus
956 1963 1055 2001 nun
1084 1951 1202 2002 dico
1223 1949 1604 2008 recordabitur,
1632 1948 1719 2000 sed
1741 1948 1847 2015 jam
1876 1964 2043 2001 recor-

498 2017 645 2069 datus
675 2027 769 2080 est,
808 2019 869 2069 ad
903 2019 1001 2070 hoc
1032 2029 1083 2070 ut
1116 2018 1323 2072 tandem
1357 2018 1427 2071 sit
1456 2019 1726 2084 requirens
1757 2032 1847 2082 per
1877 2020 2043 2071 mani-

499 2088 679 2137 festam
714 2102 918 2153 pinnam
966 2088 1413 2150 interficientium,
1457 2096 1510 2140 et
1556 2086 1886 2139 manifestam
1918 2088 2038 2153 glo-

498 2153 624 2227 riain
659 2155 1049 2211 interfectorum
1078 2159 1385 2227 sanguinem
1417 2172 1624 2216 eorum,
1662 2156 1712 2208 id
1758 2164 1839 2227 est
1866 2156 2041 2227 studia

495 2224 608 2295 ejus
638 2227 1057 2279 annuntiantiiim
1085 2224 1229 2293 qui'a
1264 2227 1690 2295 persecutoribus
1715 2224 2036 2295 ell'undetur.

497 2292 792 2347 Notandum
823 2297 959 2362 quod
987 2292 1111 2349 ideo
1132 2312 1233 2349 non
1265 2292 1390 2349 dicit
1418 2296 1731 2358 recordatus,
1766 2302 1819 2345 ut
1846 2293 2041 2347 oblivio

496 2363 666 2434 aliqua
697 2364 849 2415 cadat
893 2364 943 2416 in
988 2364 1172 2434 Deum,
1222 2366 1313 2419 sed
1344 2366 1464 2434 quia
1513 2366 1615 2417 illis
1644 2366 1729 2430 qui
1764 2372 1866 2434 tota
1899 2363 2037 2434 alle-

497 2432 671 2483 cti0iie
708 2435 940 2499 aspirant
965 2433 1031 2486 ad
1070 2436 1209 2488 illam
1237 2432 1479 2503 gloriam,
1510 2446 1563 2487 et
1608 2444 1661 2486 iit
1712 2432 1831 2484 ma'i
1860 2433 1923 2485 ab
1964 2435 2041 2486 eis

437 2517 447 2525 ’
500 2512 829 2571 separentur,
880 2504 1081 2557 videtur
1126 2506 1271 2571 quasi
1315 2516 1529 2571 propter
1560 2503 1862 2555 dilationem
1904 2503 2040 2557 Deus

495 2569 687 2623 oblitus
718 2587 857 2637 esse,
892 2574 1008 2626 ideo
1042 2569 1190 2640 juxia
1235 2569 1643 2627 visumilloruin
1678 2573 1821 2637 ponit
1865 2588 2039 2624 recor-

493 2640 663 2693 datus.
736 2641 798 2692 Et
860 2643 979 2705 quia
1014 2643 1457 2697 ‘recordationem
1530 2640 1666 2693 solet
1744 2641 2041 2705 praecedere

493 2708 722 2773 oblivio,
761 2708 1112 2763 sulidit:lmo
1160 2728 1258 2764 non
1307 2722 1375 2764 est
1422 2712 1601 2763 oblitus
1652 2710 1939 2770 clamorem,
1991 2712 2038 2763 id

493 2786 609 2849 est,
667 2779 977 2833 desiderium
1035 2781 1222 2833 mentis
1288 2797 1604 2849 pauperum,
1658 2780 1743 2848 qui
1807 2780 2041 2845 quotidie

492 2848 721 2900 clamant
760 2867 771 2901 :
826 2849 1058 2911 Viiidica,
1116 2848 1351 2915 llomine,
1399 2850 1702 2914 sanguinein
1738 2860 2039 2903 sanctorum

499 2924 726 2970 liionint.
792 2916 1078 2985 Pauperum
1135 2920 1252 2973 dico
1303 2920 1582 2973 dicentium
1640 2934 1732 2985 per
1804 2933 1886 2971 uie
1945 2935 2036 2971 vc-

495 2999 608 3035 riim
657 3000 957 3053 pauperem,
998 2989 1104 3056 qui,
1154 3004 1270 3041 cum
1302 3004 1470 3043 esseni
1515 2989 1685 3051 dives,
1732 3000 1824 3054 pro
1870 2988 2038 3040 omni-

498 3056 591 3105 bus
619 3058 1019 3145 panper-“factus
1051 3072 1176 3145 Isum
1205 3075 1218 3110 :
1249 3060 1318 3137 ita
1364 3058 1426 3109 ad
1468 3058 1798 3145 Patretnpro
1822 3057 1896 3109 eis
1926 3058 2035 3136 cla-
2060 3087 2107 3145 ε

498 3133 764 3191 titantem,
796 3124 1007 3177 Domine
1050 3126 1219 3189 Pater,
1253 3127 1483 3179 miserere
1513 3128 1630 3189 mei,
1666 3126 1714 3177 id
1743 3136 1840 3186 est,
1873 3130 2033 3180 inise-

500 3207 613 3260 rere
658 3210 918 3256 nieorum,
944 3198 1010 3247 ita
1048 3197 1285 3249 scilicet:
1326 3196 1448 3249 Vide
1477 3198 1806 3247 humilitatem
1848 3212 2032 3260 meam,

496 3258 544 3310 id
573 3271 669 3321 ist,
701 3262 831 3314 habe
859 3279 963 3328 pra!
991 3267 1157 3318 oculis
1185 3266 1516 3319 alﬂictionem
1550 3280 1809 3325 meorum,
1842 3258 2033 3317 illatam

497 3330 571 3400 eis
599 3332 663 3382 ab
701 3332 911 3385 inimicis
949 3336 1091 3399 meis,
1125 3336 1172 3387 id
1214 3344 1293 3388 est
1317 3376 1331 3399 ,
1360 3350 1387 3385 a
1431 3334 1851 3400 persecutoribus
1884 3332 2036 3386 Chri-

497 3399 649 3452 stiani
694 3405 938 3464 nominis,
974 3406 1103 3456 nie's
1149 3404 1351 3457 scilicet
1380 3399 1552 3454 dando
1582 3403 1932 3455 constantiam
1970 3419 2035 3457 ne

495 3468 854 3534 devocentur;
910 3472 1012 3526 illis
1056 3488 1179 3525 vero
1230 3474 1417 3523 mentis
1464 3476 1891 3523 excaecationcm.
1942 3472 2032 3526 Vel

496 3537 647 3588 aliter
677 3555 688 3587 :
724 3537 955 3603 Domine,
989 3542 1215 3591 miserere
1259 3556 1519 3598 meorum,
1560 3550 1609 3590 et
1650 3550 1701 3591 ut
1736 3543 2033 3595 misereaiis

494 3605 603 3655 t'ide
631 3606 951 3661 humilitatem
997 3625 1178 3671 meam,
1204 3610 1251 3661 id
1278 3618 1377 3669 est,
1413 3608 1753 3674 dejectionem
1785 3625 1951 3663 meam
1982 3612 2033 3665 itt

497 3675 643 3736 meis,
675 3677 758 3741 qui
805 3677 855 3748 iii
888 3678 1010 3743 ipsis
1043 3694 1143 3729 non
1192 3688 1388 3747 tantum
1445 3693 1533 3745 per
1565 3682 1771 3745 propria
1820 3693 2032 3748 peccata

494 3758 695 3816 eorum,
729 3747 818 3797 sed
870 3748 1023 3799 etiam
1075 3761 1165 3812 per
1207 3757 1412 3813 peccata
1471 3750 1621 3814 primi
1674 3747 1901 3816 parentis
1940 3750 2032 3802 de-

490 3812 659 3876 jecms
689 3829 825 3877 sum,
855 3812 1344 3869 liumilitatemdico
1377 3812 1569 3869 illaiain
1619 3812 1742 3869 milii
1776 3818 1826 3868 in
1876 3820 2027 3880 meis,

496 3886 561 3954 ali
594 3882 813 3954 inimicis
860 3886 1010 3947 meis,
1061 3886 1107 3937 id
1155 3896 1252 3948 cst,
1294 3904 1319 3936 a
1370 3897 1611 3954 serpente
1662 3897 1715 3939 et
1766 3888 1891 3938 Eva.
1942 3886 2031 3940 Vel

494 3949 682 4021 aliter:
724 3951 951 4018 Domine,
988 3956 1172 4021 Pater,
1227 3949 1473 4007 miserere
1509 3955 1601 4005 mei
1658 3955 1710 4007 in
1762 3958 1930 4017 meis,
1980 3964 2031 4010 et

494 4019 601 4068 t-itle
637 4020 962 4075 humilitatem
1009 4019 1187 4085 meant,
1234 4025 1283 4076 id
1324 4034 1422 4087 est,
1470 4026 1739 4077 considera
1781 4026 2028 4079 liuuiilettt

492 4089 893 4161 satisfactionem
929 4109 1093 4145 meam
1127 4096 1176 4146 in
1203 4096 1351 4155 meis,
1384 4110 1481 4159 qua
1514 4109 1611 4159 ego
1642 4109 2031 4161 recognoscens

492 4172 575 4210 me
606 4159 755 4228 longe
786 4162 1057 4215 aberrasse
1088 4179 1112 4213 a
1151 4163 1311 4229 pati-ia
1362 4178 1455 4227 per
1494 4159 1811 4227 superbiam,
1846 4164 2030 4217 laboro

493 4232 777 4293 rcpatriare
823 4248 913 4297 pcr
954 4232 1325 4283 obedientiam.
1377 4233 1521 4293 Vide,
1574 4233 1803 4295 ittqttatn,
1853 4243 1907 4285 ut
1957 4235 2029 4285 vi-

492 4298 662 4367 dendo
690 4302 878 4365 eripias
907 4317 988 4353 tne
1023 4303 1087 4352 do
1119 4301 1339 4352 inimicis
1371 4316 1497 4353 uicis
1526 4302 1888 4367 exterioi'ibiis,
1915 4301 2028 4357 sive

494 4364 847 4431 interioribus,
881 4387 942 4421 ne
973 4370 1038 4422 ab
1067 4370 1189 4437 ipsis
1220 4372 1462 4424 devocer.

2148 1806 2277 1871 ipsa,
2312 1822 2429 1874 qua:
2480 1808 2527 1859 iii
2579 1810 2803 1859 humana
2842 1806 3017 1859 anima
3061 1819 3311 1874 cooperet
3366 1808 3415 1859 iii
3468 1810 3709 1871 sepulcro

2145 1875 2473 1935 quiescente,
2507 1875 2781 1929 descendit
2807 1877 2869 1929 ad
2902 1878 3100 1930 inferos
3147 1880 3357 1938 mortis.
3386 1877 3554 1943 portis
3588 1892 3708 1928 coii-

2146 1944 2343 2002 l'rai-tis.
2372 1957 2424 1997 et
2456 1947 2793 1999 tenebrarum
2842 1948 3076 2013 principe
3110 1958 3378 2011 catenato,
3412 1963 3540 1998 suos
3590 1946 3639 1997 in
3662 1962 3708 1999 ie

2143 2029 2333 2066 eruens
2366 2030 2485 2065 cum
2530 2030 2739 2068 summo
2772 2017 3037 2080 triumpho
3090 2018 3139 2068 in
3171 2020 3358 2069 eadem
3392 2020 3568 2067 anima
3608 2032 3704 2066 non

2144 2084 2321 2147 rediit,
2355 2096 2511 2152 atque
2540 2086 2625 2137 die
2677 2086 2825 2137 tertia
2884 2099 3102 2138 carnem
3148 2087 3414 2152 propriam
3463 2087 3587 2150 jure
3620 2085 3701 2137 Dei

2142 2155 2331 2205 erexit.
2362 2153 2505 2217 Ideo,
2535 2154 2770 2219 inquam,
2805 2157 2998 2215 exultas
3034 2172 3131 2218 me,
3170 2166 3222 2206 ut
3248 2160 3549 2206 annuntiein
3579 2164 3633 2207 et
3659 2156 3705 2205 in

2143 2237 2225 2274 me
2247 2232 2300 2274 et
2331 2226 2379 2274 iii
2404 2227 2555 2282 meis.
2584 2238 2752 2275 omnes
2797 2225 3117 2278 laudationes
3146 2234 3282 2288 tuas,
3314 2226 3364 2276 id
3398 2236 3501 2285 est,
3533 2226 3701 2275 omnia

2140 2306 2257 2358 quzn
2286 2292 2350 2343 ad
2398 2293 2604 2347 Iaudem
2634 2304 2777 2345 tuam
2812 2295 3100 2358 pertinent,
3133 2296 3244 2347 sive
3275 2309 3336 2347 ea
3374 2295 3550 2357 palam
3582 2308 3701 2355 ope-

2142 2363 2275 2414 raris
2298 2362 2347 2413 in
2373 2376 2620 2429 corpore,
2650 2363 2763 2416 sive
2785 2366 2989 2416 occulte
3008 2383 3019 2415 :
3037 2366 3127 2417 sed
3153 2365 3290 2431 quod
3317 2364 3473 2427 longe
3499 2364 3702 2429 dignius

2143 2432 2192 2482 in
2230 2441 2424 2492 mente,
2456 2435 2764 2484 annuntiem
2794 2447 2878 2495 ea,
2926 2436 3160 2499 inquam,
3187 2448 3289 2485 non
3335 2431 3581 2490 canibus,
3617 2435 3700 2496 qui

2141 2501 2339 2552 malunt
2364 2501 2705 2567 pertinaciter
2729 2502 3012 2565 oblatrare,
3037 2518 3193 2569 quam
3221 2501 3497 2553 humiliter
3523 2501 3701 2554 audire

2140 2579 2192 2620 et
2222 2571 2508 2637 intelligere
2534 2588 2545 2619 :
2581 2586 2750 2636 neque
2780 2572 2973 2635 porcis,
3018 2576 3103 2637 qui
3152 2586 3248 2623 nec
3279 2569 3578 2636 intelligere
3611 2587 3699 2621 cu-

2141 2647 2278 2703 rant,
2322 2654 2416 2691 nec
2465 2641 2828 2691 contradicere
2876 2640 3133 2705 laborant,
3182 2640 3273 2693 sed
3322 2642 3372 2692 in
3420 2640 3702 2692 volutabro

2140 2708 2427 2760 oarnaliuin
2488 2708 2900 2762 delet-talionum
2958 2710 3113 2776 sopiti
3186 2718 3485 2763 versantur.
3555 2709 3699 2761 Unde

2140 2776 2331 2829 dictum
2364 2786 2443 2829 est
2475 2795 2486 2829 :
2521 2778 2695 2831 Nolite
2721 2795 2958 2846 spargere
3002 2782 3305 2847 margaritas
3352 2790 3469 2830 ante
3498 2794 3699 2846 porcos,

2139 2862 2293 2910 neque
2329 2858 2558 2899 sanctum
2584 2854 2701 2899 dare
2728 2851 2958 2911 canibus,
3002 2851 3093 2901 sed
3123 2848 3433 2902 annuntiem
3465 2862 3526 2900 ea
3551 2848 3697 2910 Sion,

2141 2916 2189 2967 id
2223 2926 2302 2968 est
2346 2920 2762 2983 speculatoribus
2792 2928 2845 2970 et
2893 2916 3003 2984 jim
3055 2920 3347 2971 conversis.
3400 2917 3527 2970 Sion
3574 2919 3701 2971 dico

2142 2987 2287 3037 facta:
2318 2987 2455 3050 lilite,
2491 2988 2537 3037 id
2570 2996 2667 3051 est,
2705 2987 2745 3039 si
2778 2990 3213 3053 circumspectant
3254 2987 3557 3041 custodiam
3589 3000 3699 3039 sua

2140 3055 2323 3108 salutis
2372 3056 2632 3116 habuerit,
2683 3065 2737 3107 nt
2784 3065 2924 3108 retro
2973 3063 3106 3108 adeo
3150 3071 3271 3124 quae
3315 3057 3553 3123 reliquit,
3598 3073 3700 3109 non

2142 3126 2378 3191 aspiciat.
2415 3126 2562 3189 Quod
2595 3134 2739 3177 recte
2771 3134 2981 3177 ttotatur
3011 3141 3106 3192 per
3137 3126 3321 3189 filiani.
3366 3126 3531 3192 Major
3557 3142 3698 3181 enim

2138 3194 2367 3245 custodia
2400 3195 2534 3247 solet
2574 3208 2782 3260 semper
2808 3210 2835 3244 a
2868 3193 3167 3258 parentibus
3204 3195 3447 3249 adhiberi
3480 3194 3692 3248 ﬁliabus

2137 3278 2291 3327 quam
2324 3264 2583 3331 aliquibus
2627 3263 2745 3317 aliis
2782 3264 2832 3316 itt
2864 3262 3078 3317 familia.
3112 3265 3176 3318 Et
3204 3267 3513 3319 annuntiem
3566 3265 3616 3317 ei
3644 3266 3695 3317 in

2139 3333 2319 3397 portis,
2354 3335 2403 3385 id
2424 3342 2510 3385 est
2542 3334 2592 3385 in
2624 3332 2846 3398 publico,
2889 3335 2973 3386 ubi
3006 3336 3153 3387 multi
3183 3336 3525 3396 conveniant,
3554 3336 3693 3387 sicut

2138 3403 2187 3451 in
2246 3403 2426 3466 portis,
2485 3416 2586 3454 non
2634 3403 2996 3455 erubescendo
3036 3404 3254 3457 scilicet.
3292 3404 3445 3457 Unde
3495 3404 3695 3455 dictum

2136 3480 2253 3524 est:
2288 3472 2385 3534 Qui
2414 3488 2493 3523 me
2516 3473 2764 3523 erubueiit
2805 3488 2975 3524 coram
3006 3472 3311 3537 hominibus,
3341 3473 3629 3524 erubescam
3648 3484 3698 3525 et

2136 3555 2225 3607 ego
2252 3556 2361 3592 eum
2384 3558 2555 3593 coram
2580 3539 2737 3592 Patre
2767 3557 2894 3593 meo.
2934 3541 3024 3593 Vel
3056 3545 3107 3592 in
3151 3543 3332 3605 portis,
3371 3544 3418 3593 id
3464 3552 3566 3603 est,
3602 3556 3696 3607 ρει

2134 3612 2495 3662 εε‹·Ιεεί;ιειὶειι
2526 3612 2761 3662 instituta
2788 3611 2868 3661 vel
2911 3620 3263 3669 sacramenta,
3292 3626 3410 3676 qua:
3442 3622 3564 3663 sunt
3594 3612 3699 3663 sci-

2137 3679 2257 3730 licet
2289 3680 2576 3745 baptismus
2606 3690 2658 3731 et
2688 3691 2875 3730 cmtera
2908 3679 3046 3738 taiia,
3080 3696 3195 3746 qua:
3245 3690 3374 3733 sunt
3421 3690 3612 3747 portae,
3645 3679 3695 3732 id

2134 3757 2214 3799 est
2242 3762 2487 3800 accessus
2527 3747 2589 3798 ad
2629 3748 2998 3800 salvationem.
3035 3747 3123 3802 Vel
3157 3750 3465 3802 annuiitieiii
3497 3752 3567 3809 ei,
3597 3766 3693 3816 ego

2134 3818 2364 3868 existens
2396 3816 2447 3867 iii
2479 3816 2664 3882 portis,
2696 3817 2745 3867 id
2773 3827 2873 3880 est,
2908 3819 2958 3870 in
2996 3819 3270 3871 virtutibus
3299 3830 3353 3871 et
3382 3820 3535 3869 bonis
3563 3832 3691 3884 Ope-

2134 3886 2299 3950 ribus,
2330 3900 2447 3952 quae
2471 3895 2593 3937 sunt
2621 3897 2783 3951 portae
2811 3888 2873 3938 ad
2903 3890 3297 3940 beatitudinem.
3333 3888 3523 3939 Merito
3546 3888 3686 3939 enim

2132 3956 2482 4008 contemnitur
2524 3956 2695 4023 lingua
2739 3957 3120 4022 prredicatoris,
3168 3962 3210 4009 si
3246 3972 3347 4008 non
3391 3958 3459 4007 sit
3512 3970 3576 4010 et
3636 3972 3690 4009 re

2132 4026 2541 4091 praedicationis.
2577 4025 2628 4077 id
2670 4034 2770 4086 est,
2805 4024 2847 4075 si
2880 4026 3020 4077 aliud
3052 4028 3223 4077 verbis
3260 4035 3313 4078 et
3352 4026 3494 4078 aliud
3534 4028 3689 4079 docet

2130 4095 2300 4147 iactis.
2337 4096 2513 4148 Potest
2542 4096 2781 4160 superior
2806 4109 3009 4155 versus,
3040 4095 3292 4159 Quoniam
3321 4097 3545 4163 requires
3566 4112 3685 4148 sano

2129 4165 2327 4229 guinem
2361 4179 2555 4223 eorum,
2588 4164 2741 4215 aliter
2784 4178 2994 4231 quoque
3024 4180 3179 4231 quam
3206 4165 3406 4217 dictum
3450 4176 3522 4218 sit
3566 4166 3683 4231 legi,

2130 4243 2186 4283 ut
2211 4235 2276 4283 sit
2297 4235 2592 4285 exhortatio
2608 4233 2795 4301 capitis
2817 4235 2880 4285 ad
2908 4233 3239 4288 dilectionem
3262 4234 3680 4302 proxiini.Quasi

2129 4302 2293 4355 dicat:
2322 4303 2440 4354 ldeo
2461 4302 2664 4355 debetis
2703 4317 2794 4356 vos
2820 4304 3154 4370 perfectiores
3182 4310 3497 4357 aniiuiitiare
3524 4308 3688 4356 studia

2066 4405 2101 4441 λ
2134 4370 2337 4423 Domini
2366 4374 2631 4441 gentibus,
2664 4372 2712 4423 id
2740 4386 2819 4424 est
2846 4376 2895 4425 in
2928 4375 3156 4439 peccatis
3189 4375 3523 4428 viventibus:
3565 4389 3688 4440 quo-

565 4436 659 4497 Qui
690 4422 879 4511 exalttis
903 4454 979 4511 me
1000 4442 1060 4490 de
1088 4422 1241 4505 portis
1265 4422 1463 4493 mortis.
1513 4441 1657 4511 Rogo
1687 4452 1741 4497 ut
1771 4444 2026 4495 miserea-
2056 4422 2103 4480 ί)
2134 4443 2270 4493 niam
2302 4445 2346 4494 si
2367 4422 2481 4494 ῖιοιι
2512 4422 2950 4494 anniiiitiaveritis
2975 4444 3074 4506 eis,
3103 4453 3157 4496 et
3204 4462 3306 4496 non
3338 4422 3684 4496 εοιιλειεῖιιιε

495 4501 593 4579 ris,
615 4515 667 4555 et
697 4519 817 4557 veie
861 4508 1018 4579 iacies
1047 4524 1060 4559 :
1088 4501 1221 4573 'quia
1272 4512 1374 4574 jam
1408 4501 1687 4579 iticmpisti,
1716 4515 1833 4578 quia
1865 4529 1945 4563 tne
1976 4515 2024 4564 in

495 4578 627 4624 meis
651 4583 881 4639 ereptum
912 4578 975 4627 de
1006 4580 1164 4641 portis
1207 4580 1409 4640 mortis,
1437 4583 1482 4630 id
1527 4578 1696 4633 estde
1728 4582 2025 4633 carnalibus

495 4643 951 4707 Cﬂlll‘llpiﬂ18lliiii‘,
982 4660 1095 4712 qum
1125 4661 1242 4699 cum
1268 4648 1367 4699 sint
1397 4650 1558 4713 prima
1592 4664 1754 4709 mors,
1782 4651 2027 4703 dicuntur

492 4720 664 4761 tamen
693 4724 849 4777 porta;
870 4725 1073 4779 iuortts,
1098 4719 1212 4778 quia
1243 4728 1363 4767 sunt
1388 4719 1623 4768 introitus
1654 4719 1717 4769 ad
1752 4732 1778 4766 a
1804 4721 1877 4767 ias
1898 4720 2027 4770 duas

497 4780 759 4853 gtaviores
790 4795 1003 4845 mortes,
1039 4784 1243 4838 scilicet
1270 4788 1331 4837 ad
1363 4802 1675 4838 consensum
1724 4796 1773 4838 et
1800 4786 1862 4836 :id
1891 4804 2029 4851 ope-

494 4856 745 4924 rationem
780 4855 973 4924 peccati
1005 4873 1015 4905 :
1057 4869 1159 4917 me,
1200 4856 1429 4923 inquam,
1460 4860 1653 4907 exaltas
1682 4858 1745 4907 de
1778 4856 1877 4907 illis
1906 4874 2027 4921 por-

494 4917 583 4992 tis,
613 4917 809 4993 scilicet
838 4930 889 4971 ut
918 4923 958 4973 si
989 4926 1196 4989 quando
1231 4917 1320 4991 per
1364 4942 1567 4993 pwiiaui
1604 4926 1752 4988 primi
1796 4917 2026 4993 patentis

492 4988 542 5034 in
572 4988 700 5061 meis
730 4988 877 5051 liunt,
910 4988 1025 5061 non
1046 4988 1263 5060 regnent
1293 4988 1488 5047 tantum
1523 5012 1612 5061 per
1637 4988 1950 5047 coiiSeiisniii
1975 5007 2025 5048 et

490 5059 891 5129 operationem,
920 5058 1066 5111 Unde
1106 5058 1301 5115 dictum
1353 5076 1432 5117 est
1475 5083 1484 5115 :
1523 5058 1629 5117 Ἐει
1676 5076 1927 5129 ρειέιιιιιηι
1974 5067 2025 5117 in

489 5134 648 5200 uestro
693 5127 893 5177 mortali
932 5144 1157 5200 corpore,
1202 5136 1285 5182 sed
1327 5150 1424 5184 non
1456 5143 1644 5200 i'egnit.
1676 5127 1781 5182 ’νιτι
1826 5136 1977 5185 aliter
2010 5153 2021 5187 :

492 5190 589 5253 Qui
613 5200 814 5271 .exaltas
854 5212 929 5247 me
957 5190 1196 5271 de'portis
1236 5205 1427 5259 mortis,
1463 5190 1531 5254 id”
1563 5213 1645 5253 est
1695 5205 1759 5251 de
1803 5219 2025 5271 quinque

486 5264 725 5317 Sensibus
776 5266 1030 5332 corporis,
1081 5269 1163 5333 qui
1215 5282 1335 5323 sunt
1385 5281 1545 5336 porta:
1592 5264 1877 5333 iiiortis,id
1924 5264 2022 5337 est,

488 5344 729 5385 accessus
760 5337 820 5385 ad
856 5350 1143 5402 peccatum,
1178 5350 1231 5392 ut
1275 5341 1407 5390 oculi
1436 5341 1500 5391 ad
1531 5342 1907 5401 curiosdaiein,
1936 5360 2025 5394 au-

491 5413 572 5475 res
596 5404 680 5476 ad
712 5408 997 5469 lasciviam,
1029 5424 1215 5461 iiianus
1242 5410 1304 5461 ad
1339 5410 1698 5474 rapacitatem.
1741 5419 1795 5461 et
1835 5424 2022 5466 extera

488 5470 747 5524 similiter.
800 5475 869 5527 lle
922 5478 1041 5538 illis,
1097 5482 1327 5545 inquam,
1376 5470 1539 5546 portis
1594 5480 1792 5530 exultas
1842 5498 1924 5533 me
1974 5492 2029 5535 et

489 5551 650 5616 meos,
686 5552 739 5593 ut
782 5560 881 5616 non
923 5548 1251 5602 attendamus
1283 5550 1404 5609 iuta,
1438 5549 1527 5600 sed
1574 5562 1794 5601 summa.
1837 5551 1924 5603 Vel
1968 5557 2028 5603 de

490 5614 644 5682 ἰόζιη
675 5614 864 5685 mortis,
899 5617 943 5665 id
970 5628 1068 5684 est,
1101 5620 1163 5670 de
1194 5620 1435 5671 humanis
1478 5618 1715 5684 juilit-iis,
1747 5636 1861 5685 qua:
1893 5624 2027 5671 anti-

491 5687 659 5739 quitus
690 5682 924 5735 solebant
971 5682 1082 5741 ﬁeri
1128 5699 1248 5743 ante
1302 5682 1492 5755 put‘laSV
1519 5688 1724 5742 urbium
1752 5682 1775 5742 ε’
1796 5702 1848 5742 υι
1879 5704 2021 5757 δεῖθ’

2132 4512 2448 4576 impietatem
2483 4512 2534 4563 iti
2566 4512 2663 4573 eis,
2694 4510 2945 4564 Dominus
2976 4523 3054 4564 est
3095 4517 3349 4578 requirens
3389 4515 3683 4579 sanguinein

2130 4597 2323 4645 eorum,
2359 4582 2407 4632 id
2434 4592 2514 4631 est
2538 4581 2766 4644 requiret
2797 4581 3191 4634 damnationem
3218 4598 3405 4633 eorum
3436 4598 3464 4633 a
3500 4592 3642 4633 vobis
3668 4600 3677 4632 :

2129 4660 2181 4698 et
2214 4651 2257 4699 si
2285 4650 2439 4701 modo
2466 4650 2688 4708 ilillerat,
2717 4652 3085 4705 recordabitiir
3116 4663 3287 4703 tamen
3325 4653 3375 4703 in
3411 4658 3686 4704 mandesto

2125 4716 2346 4783 judicio.
2398 4717 2507 4770 Nec
2557 4724 2744 4771 Initum
2792 4722 2835 4773 Si
2880 4721 3263 4782 recordabitur,
3295 4721 3416 4787 quia
3468 4739 3569 4772 non
3619 4731 3684 4771 est

2129 4787 2310 4839 oblitus
2336 4789 2603 4841 clamorem
2627 4805 2925 4855 pauperum,
2955 4792 3003 4841 id
3034 4797 3115 4841 est
3136 4790 3410 4842 inanitusta
3444 4793 3687 4856 iniquitas

2130 4856 2334 4907 illorum
2371 4873 2652 4923 pauperum
2691 4864 2757 4910 ab
2786 4863 2927 4927 omni
2966 4860 3175 4917 virtute.
3205 4874 3320 4927 qua:
3354 4875 3447 4925 per
3485 4876 3681 4911 clamo-

2129 4939 2240 4977 rem
2268 4927 2587 4992 designatur.
2642 4929 2709 4981 Ut
2747 4928 2837 4987 ibi.
2869 4926 3071 4979 Clamor
3094 4926 3434 4981 Sodoinorum
3460 4930 3591 4980 venit
3621 4930 3683 4978 uti

2129 5010 2224 5044 ine.
2276 4998 2336 5047 Et
2387 4999 2436 5048 in
2480 4998 2771 5063 Apostolo:
2814 4996 3044 5049 Tollatur
3086 5002 3273 5049 clamor
3313 5000 3375 5049 de
3406 5002 3572 5049 medio
3605 5014 3682 5048 ve-

2126 5074 2309 5128 strum,
2355 5083 2467 5118 cum
2490 5068 2624 5119 omni
2662 5068 2903 5133 nequitia.
2936 5066 3048 5131 Ille,
3082 5066 3319 5135 inquam,
3352 5070 3557 5121 clamor
3584 5083 3681 5119 nou

2130 5149 2315 5198 patitur
2361 5138 2636 5188 Dominum
2666 5136 2921 5199 obliVIsci,
2955 5139 3079 5204 quin
3108 5139 3343 5205 requirat
3375 5153 3677 5203 sanguinem

2128 5206 2332 5257 illorum
2363 5222 2390 5255 a
2422 5206 2589 5265 vob-s,
2622 5204 2809 5271 quibus
2840 5208 2987 5259 illum
3021 5222 3123 5259 non
3156 5204 3531 5260 annuntiastis.
3558 5208 3681 5260 tlinc

2126 5275 2321 5326 dictum
2346 5284 2427 5327 est
2455 5292 2468 5327 :
2502 5276 2559 5326 Si
2584 5278 2897 5329 annuntiavei
2912 5278 2955 5328 is
2981 5278 3138 5343 impio
3174 5276 3487 5343 iniquitatem
3524 5294 3683 5339 suurn,

2127 5357 2171 5393 ct
2208 5362 2307 5395 non
2347 5354 2654 5416 corircrtetur
2686 5348 2887 5414 impius,
2915 5348 3097 5411 peribit
3134 5346 3319 5410 impius
3350 5349 3399 5397 in
3423 5348 3684 5416 iniquitate

2126 5429 2238 5474 sita,
2264 5425 2315 5461 tu
2352 5428 2465 5464 vero
2488 5414 2704 5465 animum
2736 5428 2871 5468 tuam
2897 5417 3153 5468 liberabis.
3180 5416 3241 5467 Si
3276 5427 3445 5469 autem
3475 5414 3574 5469 non
3599 5436 3684 5468 aii-

2128 5484 2452 5542 ηηηιὶιιιιεηε,
2488 5486 2661 5548 peribit
2698 5488 2901 5553 quidem
2946 5486 3477 5552 impius,aanguinem
3521 5496 3681 5538 autem

2128 5554 2235 5626 ejus
2252 5552 2311 5601 de
2333 5568 2480 5626 manu
2502 5565 2588 5605 tua
2614 5552 2881 5626 requiram.
2921 5556 3117 5626 ltursus
3138 5555 3190 5605 in
3220 5557 3536 5626 Apocalypsi
3567 5566 3679 5608 est:

2132 5570 2151 5600 e
2180 5570 2311 5601 usue
2333 5570 2480 5603 manu
2502 5570 2588 5605 tua
2614 5571 2881 5623 requiram.
2921 5570 3117 5605 ttursus
3138 5570 3190 5605 tn
3220 5570 3536 5626 Apocalypm
3567 5570 3679 5608 est:

2132 5570 2228 5682 ὀιιι
2254 5623 2592 5693 ιιιιάὲιρίάιιόι,
2626 5624 2765 5677 Veni.
2791 5624 2946 5678 Juxta
2970 5624 3105 5676 lianc
3125 5634 3439 5679 sententiam
3462 5638 3679 5693 seque"!

2131 5704 2338 5756 versus,
2387 5692 2628 5749 Miserere
2666 5696 2782 5761 mei,
2826 5695 3060 5759 Domine,
3110 5692 3551 5761 continuabitur,
3582 5712 3678 5748 non
