3912 6230
186 344 306 403 537

917 347 982 403 IN
1022 348 1435 404 ΡδΑιιιοιιυιι
1476 347 1726 402 ιιιιιιυιι
1765 344 2120 404 EXEGESIS.
2160 377 2226 388 -—
2268 348 2509 405 PSALM.
2555 351 2645 406 ιχ.

3310 358 3412 412 538

191 458 269 512 ad
302 461 760 534 prosimrrmsicnt
793 465 959 528 prius,
990 462 1082 514 sed
1127 461 1194 513 ad
1237 462 1284 534 id
1328 460 1467 534 quod
1497 474 1652 526 supra
1679 457 1760 512 di-
1795 460 1842 516 Δ
1867 456 2236 534 Convertuntur
2257 477 2426 514 omnes
2455 473 2642 534 gentes,
2671 460 2723 514 id
2751 469 2852 521 est,
2884 463 3182 530 quicunque
3204 467 3409 534 gentili-

189 543 352 584 ctum
378 543 479 595 est,
511 532 715 584 scilicet
741 533 975 598 quoniam
999 549 1097 584 non
1139 530 1446 596 derrliquisti
1482 542 1762 591 querentes

191 612 268 660 lc,
303 601 533 653 Donzine.
558 602 715 666 Quasi
743 602 881 652 dicat
907 617 918 651 :
943 601 1042 663 Tu,
1076 601 1316 662 Domine,
1342 600 1430 664 qtti
1458 615 1558 651 non
1582 599 1765 652 dereli-

188 672 360 738 quisti
386 683 662 734 querentes
687 683 750 732 te,
783 671 833 722 id
861 681 940 723 est
968 671 1055 738 qui
1087 685 1297 738 semper
1329 669 1594 722 misereris
1617 683 1764 734 quac-

195 737 435 792 rentium
465 748 540 804 te,
584 742 830 793 miserere
860 737 995 805 mci,
1019 743 1065 793 id
1094 749 1175 794 εμι
1204 737 1459 804 ineorum,
1494 749 1595 792 etc.
1626 737 1765 791 Sen-

193 811 373 862 tentia
399 826 502 860 non
535 821 668 862 rnul:-
680 818 784 863 tur.

281 879 563 932 I'Ia'sultabo
584 880 872 959 itt_saltttari
896 889 997 932 tuo.
1019 879 1268 959 _Qt_tia_tu,
1302 878 1540 959 Domine,
1564 876 1762 959 exaltas

195 966 286 1001 me
328 962 378 1002 et
411 965 577 1012 meos,
604 949 721 1008 ideo
745 963 843 1016 ego
885 951 1144 1003 ersultabo
1172 951 1222 1000 in
1255 965 1338 1001 me
1364 958 1416 1001 et
1446 948 1497 1016 in
1538 949 1670 1000 meis
1710 948 1762 998 in

194 1019 425 1072 salutari
443 1031 555 1096 _tno_.
592 1019 767 1096 Poti-st
794 1015 1019 1096 quoque
1050 1020 1134 1096 hic
1165 1019 1440 1096 versus'ad
1475 1015 1691 1096 Sperent
1714 1017 1766 1069 in

200 1099 275 1166 si,
305 1088 454 1155 quasi
485 1091 550 1166 ad
583 1089 948 1166 principali-nt,
985 1089 1296 1166 continuari.
1319 1087 1547 1166 _Videtur
1568 1087 1707 1166 enim
1735 1099 1764 1166 ιι

205 1156 430 1212 Ρωιιιιυ
475 1160 689 1212 Domino
732 1165 997 1226 hucusque
1045 1157 1368 1222 interpositio
1413 1171 1550 1209 esse.
1606 1155 1765 1220 Quasi

206 1229 357 1281 dicat
382 1245 396 1281 :
444 1231 569 1285 Dico
595 1239 647 1303 ut
673 1229 763 1297 qui
792 1237 1049 1282 noverunt
1081 1242 1268 1303 nomen
1318 1237 1460 1303 tuum
1493 1237 1767 1303 sperantes

210 1301 266 1354 in
301 1313 372 1361 te,
402 1313 454 1356 et
485 1303 583 1353 hoc
614 1296 804 1354 facient
830 1313 948 1352 meo
988 1299 1248 1361 exetnplo,
1280 1296 1516 1364 quivere
1539 1309 1691 1361 spero
1715 1296 1764 1346 in

210 1382 289 1432 t_e.
316 1372 445 1425 Nam
471 1379 792 1444 uolitantum
817 1382 953 1421 nunc
974 1367 1200 1444 exsttlto,
1242 1367 1331 1418 sed
1355 1378 1564 1444 semper
1591 1365 1767 1444 exsub

209 1442 339 1495 tabo
371 1456 468 1508 ego
497 1449 548 1492 et
576 1438 697 1497 mei,
741 1439 790 1492 id
837 1447 939 1496 est,
973 1435 1203 1508 perfecte
1250 1435 1488 1508 gaudebo
1534 1435 1673 1508 intus
1716 1443 1768 1485 et

203 1501 450 1564 exterius
479 1518 836 1583 quantumque
865 1501 1082 1583 tribuler
1111 1515 1164 1583 et
1188 1506 1412 1583 afﬂigar.
1447 1501 1634 1583 Ethoc
1663 1517 1764 1583 non

206 1581 263 1631 iri
292 1595 406 1632 mea
442 1573 871 1652 pra'suntptione,
899 1577 1034 1652 sic-ut
1062 1575 1180 1627 fecit
1223 1575 1411 1652 Adam,
1442 1573 1531 1652 sed
1557 1573 1766 1652 itt'laltt-

202 1652 314 1701 tari
349 1640 457 1711 tuo;
510 1649 558 1700 id
597 1640 768 1700 estin
799 1640 1224 1722 salvatione‘tua,
1267 1644 1473 1722 scilicet
1512 1640 1766 1722 inVeibo

203 1727 304 1769 tuo
354 1718 480 1771 mihi
533 1717 728 1770 homini
773 1716 1040 1782 adjuncto.
1093 1715 1189 1777 Qui
1230 1715 1363 1765 enim
1405 1712 1671 1781 gloriatur,
1715 1712 1766 1762 in

1871 539 2097 600 terismtl
2129 532 2383 600 viventes.
2432 532 2517 598 qui
2574 531 2733 583 Deum
2782 547 2936 600 quem
2979 531 3286 589 naturaliier
3314 553 3407 600 per

1868 599 2123 650 rationein
2155 599 2254 674 sibi
2300 600 2472 674 datam
2529 599 2809 674 noverunt,
2856 601 3258 674 oblivi~cuntur,
3290 599 3408 674 quia

1870 676 2131 734 praecepta
2159 670 2273 729 ejus
2304 670 2484 722 audire
2511 669 2693 722 nolunt
2721 687 2733 733 ;
2765 681 2851 722 aut
2883 673 2924 723 si
2953 673 3186 733 audiunt,
3236 669 3406 736 negli-

1864 745 2012 804 gunt.
2043 738 2106 789 Et
2144 749 2225 791 est
2260 738 2356 788 hoc
2386 748 2548 790 totum
2596 744 2716 792 tale.
2750 741 2905 804 Quasi
2936 741 3070 794 dicat
3098 761 3107 795 :
3142 743 3252 797 Fiat
3304 747 3404 799 hoc

1867 817 1917 858 ut
1951 806 2039 880 qui
2068 806 2264 880 sordidi
2291 816 2432 880 sunt,
2458 809 2776 880 sordescani
2803 811 2974 863 adhuc
3001 828 3012 863 :
3045 814 3163 877 quia
3198 815 3408 880 quando

1868 877 2035 944 magis
2064 876 2389 936 sordesct-nt,
2421 877 2470 929 id
2497 886 2595 941 est,
2632 878 2682 930 in
2716 878 2990 932 interiores
3035 876 3276 936 tenebras
3311 883 3407 936 da-

1869 944 2083 1018 buntur,
2118 955 2261 998 tanto
2291 945 2574 1018 iniquiores
2613 958 2793 1001 contra
2837 949 3007 1016 jtistos
3045 963 3218 1018 erunt,
3266 963 3320 1007 et
3364 953 3407 1006 si

1867 1014 1985 1082 quis
2005 1013 2179 1080 justus
2208 1025 2306 1077 est,
2342 1013 2538 1082 justtor
2568 1018 2677 1070 lict.

1939 1083 2191 1147 Quoniam
2231 1102 2328 1136 non
2368 1086 2418 1137 in
2445 1086 2597 1150 ﬁnem
2637 1087 2816 1140 oblivio
2855 1089 2951 1141 erit
2997 1091 3257 1157 pauperis.
3292 1092 3413 1146 Ideo

1866 1155 1984 1205 dico
2012 1164 2384 1228 convertantur
2415 1167 2718 1228 peceatores
2751 1159 2798 1208 in
2828 1155 3178 1228 tenebrantet
3204 1162 3292 1228 qui
3317 1161 3404 1228 ju.

1865 1235 1978 1297 suis
2005 1234 2103 1297 est,
2134 1223 2322 1292 justior
2354 1224 2460 1276 iiat.
2490 1223 2747 1297 Quoniam
2776 1227 2971 1279 oblivio
3001 1223 3240 1297 pauperis
3271 1223 3404 1293 veri,

1865 1293 1951 1358 qui
1977 1307 2034 1345 se
2062 1293 2110 1345 in
2142 1305 2315 1362 mente
2339 1296 2659 1361 pauperavit,
2695 1296 2809 1348 licet
2839 1311 2978 1351 nunc
3001 1293 3240 1352 videatur
3260 1313 3404 1360 esse,

1867 1361 2072 1428 quando
2097 1364 2214 1414 mali
2248 1364 2296 1414 in
2331 1364 2604 1416 mundanis
2629 1366 2933 1429 florescunt,
2956 1375 3011 1419 et
3041 1367 3155 1432 ipse
3177 1382 3208 1422 e
3225 1378 3407 1422 contra

1866 1433 2058 1484 arescit
2087 1449 2097 1483 :
2132 1433 2238 1497 illa,
2271 1433 2506 1500 inquam,
2537 1434 2730 1488 oblivio
2759 1450 2859 1487 non
2887 1437 2990 1488 erit
3014 1438 3231 1491 tendens
3256 1438 3307 1490 in
3341 1437 3404 1490 ll-

1867 1515 2009 1576 nem,
2041 1501 2090 1552 id
2119 1511 2220 1576 est,
2251 1516 2352 1576 non
2380 1506 2480 1576 erit
2510 1505 2828 1576 omnimoda.
2864 1504 2956 1560 Vel
2989 1522 3090 1558 non
3117 1509 3235 1571 erit,
3269 1523 3402 1576 quo-

1867 1570 2003 1644 niam
2034 1573 2272 1644 venictur
2301 1572 2349 1623 in
2376 1573 2554 1637 finem,
2582 1573 2632 1625 id
2658 1583 2756 1637 est,
2785 1588 2886 1644 non
2908 1577 3180 1644 apparebit
3198 1570 3408 1644 quando

1867 1640 2105 1692 venietur
2135 1640 2186 1693 in
2235 1651 2531 1694 extremam
2581 1640 3001 1708 ventilationem,
3040 1640 3244 1699 scilicet
3286 1661 3406 1699 cum

1866 1710 2408 1780 separabunturioves
2459 1713 2526 1764 ab
2577 1711 2760 1772 haedis,
2812 1722 2866 1764 et
2919 1714 3030 1780 ipse
3074 1724 3330 1768 statuetur
3377 1729 3404 1766 a

209 1785 437 1840 Domino
457 1787 717 1854 glorietur.
741 1778 938 1840 Gentes
963 1799 1134 1856 autem
1165 1798 1280 1850 qua:
1310 1778 1763 1856 nos—persequun-
1799 1798 1840 1856 Β
1866 1778 2209 1856 dextrisDei.
2254 1779 2317 1833 Et
2347 1796 2470 1836 vere
2492 1798 2595 1856 non
2632 1783 2723 1834 erit
2765 1778 2949 1833 oblivio
2981 1784 3045 1856 in
3083 1784 3253 1856 ﬁnem,
3287 1787 3405 1851 quia

206 1850 466 1930 tur,‘non'
489 1856 846 1930 exsultabunt,
875 1854 991 1921 quia
1035 1852 1206 1930 inlisa;
1238 1851 1478 1930 sin-tt,_.id
1520 1860 1632 1930 eit,
1656 1850 1763 1930 itit-f

205 1926 536 1979 ntutabiliter
590 1919 849 1997 damnate
887 1919 1008 1997 sunt
1059 1922 1266 1997 occulto
1308 1919 1634 1997 judicio_Dei
1671 1936 1681 1969 :
1713 1927 1766 1997 et

207 1998 316 2048 boc
357 2009 465 2066 non
490 2009 556 2048 ex
598 1994 677 2066 ira
710 2005 815 2066 tua,
846 1993 937 2045 sed
965 2006 1031 2045 ex
1077 1991 1282 2066 propria
1331 2005 1423 2042 sua
1453 1987 1627 2066 culpa.
1660 1988 1760 2066 9"}-

214 2066 342 2118 liret
373 2066 424 2118 in
454 2064 666 2118 interitu
713 2063 803 2117 illo
831 2075 984 2127 quem
1027 2061 1177 2113 nobis
1226 2060 1484 2120 fecerunt,
1516 2058 1564 2109 id
1607 2067 1684 2127 est
1713 2058 1763 2108 itt

213 2133 556 2209 tribulatione
603 2133 688 2209 illa
736 2126 891 2209 quam
938 2129 1087 2184 nobis
1134 2136 1577 2209 pra-paraverunt.
1636 2126 1764 2206 Doni

214 2204 364 2257 enim
397 2212 583 2271 parant
612 2204 1136 2271 inti-rlicere__corpu_s
1173 2204 1430 2259 exterius,
1470 2204 1625 2271 prius
1668 2204 1764 2261 ipsi

215 2265 605 2327 interficiuntur
635 2271 874 2324 interius.
907 2269 1055 2323 Unde
1078 2269 1274 2320 dictum
1309 2278 1428 2319 est:
1461 2265 1626 2318 Nemo
1665 2280 1766 2316 non

209 2345 358 2407 prius
381 2351 548 2414 peccat
565 2342 614 2414 in
634 2357 686 2393 se
705 2340 917 2414 ouantia
941 2339 1174 2414 alterum;
1195 2347 1274 2389 et:
1300 2337 1397 2414 Qui
1414 2335 1607 2414 foveam
1628 2333 1762 2414 feeit,

212 2404 361 2476 prius
381 2404 554 2465 incidit
593 2411 644 2464 in
674 2404 805 2464 eam.
830 2408 925 2462 Hic
952 2410 1113 2473 tangit
1136 2406 1332 2472 jUstum
1360 2404 1614 2473 judicium
1653 2404 1764 2468 Dei,

209 2481 303 2544 Qui
335 2495 438 2533 non
471 2480 617 2546 punit
645 2479 812 2532 malos
838 2494 903 2533 ex
933 2492 1024 2532 sua
1065 2477 1158 2538 ira,
1193 2476 1284 2528 sed
1314 2489 1379 2529 ex
1422 2489 1607 2528 eorum
1646 2489 1767 2542 pro~

209 2549 325 2615 pris
358 2551 606 2618 nequitia.

288 2618 355 2671 .'n
371 2613 548 2690 laqueo
570 2619 671 2690 isto
684 2632 826 2690 quem
842 2614 1231 2690 absconderant.
1257 2613 1485 2681 Exponit
1499 2613 1766 2690 quomodo

254 2701 406 2740 entes
429 2683 603 2741 inlisae
634 2683 755 2750 sint,
785 2687 858 2740 ita
880 2685 1079 2738 scilicet
1106 2684 1226 2750 quia
1259 2699 1348 2749 pes
1373 2699 1577 2742 eortnn,
1605 2683 1653 2732 id
1686 2691 1769 2734 est

241 2750 522 2810 acientinm
557 2757 848 2816 interitum,
891 2769 992 2806 non
1028 2764 1227 2806 tantum
1264 2750 1766 2820 comprehendetur,

213 2842 340 2880 cum
369 2825 642 2882 manifeste
668 2824 932 2878 dabuntur
963 2824 1014 2876 in
1061 2823 1303 2875 tenebras
1333 2821 1642 2882 exteriores,
1673 2821 1766 2874 sed

215 2911 266 2949 et
279 2899 382 2948 iam
405 2895 815 2968 comprehensus
844 2902 920 2945 est
949 2891 1058 2968 jam
1087 2906 1177 2957 per
1201 2892 1442 2968 tenebras
1466 2891 1764 2968 interiores,

215 2967 273 3018 in
301 2967 477 3037 iaqrtco
519 2961 650 3037 isto,
679 2964 886 3037 scilicet
911 2962 996 3015 ubi
1024 2975 1125 3013 non
1159 2961 1460 3037 advertunt,
1491 2973 1634 3037 quem
1665 2961 1764 3026 ip~i

219 3027 692 3101 absconderurtt,'id
721 3044 802 3088 est
840 3031 1096 3086 absconse
1117 3030 1190 3101 ad
1225 3030 1513 3101 perniciem
1543 3027 1766 3080 aliorum

1869 1849 2118 1914 patientia
2149 1865 2456 1917 pauperum,
2489 1854 2536 1904 id
2565 1861 2663 1913 est,
2697 1867 2898 1906 merces
2946 1854 3210 1920 patientiae
3256 1849 3407 1906 vero-

1865 1933 1979 1968 rum
2032 1933 2337 1984 pauperum,
2389 1921 2511 1973 licet
2556 1922 2795 1975 videatur
2844 1938 2979 1975 nunc
3030 1926 3268 1988 periisse,
3305 1937 3409 1977 non

1867 1988 2052 2052 peribit
2085 1996 2255 2040 tamen
2288 1989 2337 2039 in
2382 1989 2558 2053 linem,
2595 1991 2643 2044 id
2693 2001 2792 2055 est,
2824 1994 2905 2044 vel
2955 1993 3277 2054 omnitnode,
3322 1996 3407 2045 vel

1865 2072 1982 2109 cum
2014 2057 2246 2109 venict‘nr
2287 2057 2336 2127 i_n
2382 2059 2560 2122 linem,
2608 2071 2662 2112 ut
2706 2076 2861 2127 supra
2892 2060 3092 2114 dictum
3125 2073 3222 2115 est.
3255 2063 3403 2117 Unde

1865 2127 1988 2178 alibi
2016 2127 2246 2199 dicitur:
2283 2124 2539 2180 Patientia
2575 2124 2853 2182 necessaria
2894 2141 2984 2194 est,
3027 2141 3079 2183 ιιι
3109 2134 3300 2199 [ructus
3334 2149 3411 2184 re-

1867 2206 2138 2272 portentur.
2173 2196 2237 2272 ιιξι
2278 2205 2331 2247 ιιι
2361 2212 2465 2248 non
2514 2210 2712 2263 pereat,
2746 2210 2820 2262 tu,
2863 2199 3089 2272 Domine,
3110 2196 3330 2272 exsurge
3354 2202 3407 2254 in

1866 2266 1964 2328 eis,
1997 2264 2046 2317 id
2075 2271 2157 2336 est
2183 2266 2261 2318 fac
2281 2279 2674 2336 eosexsurgere
2717 2282 2809 2334 per
2832 2269 3181 2335 constantiam
3208 2264 3410 2336 et'per-

1865 2334 2238 2396 severantiam,
2271 2348 2336 2386 ne
2363 2334 2700 2408 devoceittur.
2729 2336 2790 2390 Et
2818 2334 2986 2403 honr),
3013 2339 3063 2392 id
3092 2350 3190 2401 est,
3225 2334 3412 2408 aliquis

1868 2411 2110 2455 terrenus
2141 2413 2361 2475 portans
2385 2415 2614 2459 veterem
2656 2407 2941 2475 hominem,
2973 2410 3153 2462 volens
3178 2425 3269 2463 eos
3318 2411 3412 2463 de-

1866 2486 2077 2536 vocare,
2113 2489 2210 2524 non
2237 2474 2569 2540 conferretur,
2598 2476 2646 2528 id
2675 2486 2756 2530 est
2782 2492 2883 2530 non
2910 2474 3075 2532 victor
3099 2481 3149 2532 in
3173 2479 3408 2533 efficacia

1864 2543 2010 2612 parvi
2053 2543 2250 2607 operis,
2286 2544 2362 2612 vel
2416 2547 2664 2610 propositi
2707 2551 2786 2600 sui
2833 2549 2903 2600 sit
2930 2559 3112 2602 contra
3155 2563 3267 2612 eos,
3316 2549 3410 2604 sed

1866 2610 2038 2676 potius
2067 2620 2252 2678 gentes,
2286 2610 2336 2662 id
2365 2622 2455 2684 est
2475 2613 2898 2669 irrationabiliter
2929 2619 3185 2681 viventes,
3210 2610 3262 2671 et
3289 2633 3411 2684 pec-

1864 2689 1979 2730 cata
2012 2693 2118 2751 sua
2149 2693 2250 2732 non
2282 2681 2613 2734 attendentes
2627 2683 2943 2751 judicentur,
2977 2689 3025 2739 id
3057 2701 3136 2740 est
3161 2681 3409 2741 damnen-

1867 2757 1950 2800 tur
1975 2748 2177 2823 occulte
2207 2764 2297 2816 per
2323 2748 2728 2823 escaecatiutiem
2756 2755 2806 2806 in
2831 2768 3099 2823 conspectu
3120 2768 3225 2818 tuo,
3257 2758 3304 2809 id
3327 2767 3409 2810 est

1867 2831 1971 2870 non
2002 2822 2247 2888 euerius,
2303 2821 2394 2873 sed
2447 2822 2664 2875 interius
2703 2821 2754 2877 in
2801 2821 2982 2888 corde,
3036 2825 3120 2879 ubi
3173 2826 3261 2878 tibi
3307 2829 3405 2879 soli

1864 2888 2167 2957 conspicere
2199 2887 2341 2951 licet,
2374 2900 2429 2941 ut
2453 2891 2540 2957 qui
2584 2907 2685 2945 non
2720 2887 3068 2956 probaverunt
3121 2897 3282 2947 Deum
3315 2895 3406 2947 ha-

1865 2955 1989 3008 bere
2019 2957 2069 3028 in
2112 2957 2319 3019 notitia,
2360 2955 2495 3010 sicut
2522 2958 2655 3013 d.cit
2693 2955 3012 3028 Apostolus:
3047 2966 3314 3016 tradantur
3350 2965 3409 3018 in

1863 3026 2126 3098 reprobatis
2154 3042 2369 3098 sensmn,
2396 3037 2447 3098 ut
2481 3029 2672 3098 faciant
2697 3026 2806 3098 ante
2831 3048 2927 3084 non
2956 3036 3266 3088 conveniunt.

221 3093 682 3189 ντπρθηιετυίιιέ,
705 3104 802 3183 νεεδ
832 3112 912 3189 et
954 3100 1162 3189 θειρςξίο
1185 3093 1476 3189 31“!"st
1491 3107 1766 3189 essent
1793 3127 1839 3189 c
1872 3093 2954 3189 -..εἰοθξξέξξξεεεηΒαίτιέηςέ.ριξξίζέξςεεε,
2988 3103 3092 3189 ωδε
3135 3102 3403 3189 Ῑ¹¹ἐ¹ίῖ³¹ί⁶ν

217 3168 429 3226 annos.
455 3173 580 3238 Quze
608 3172 814 3225 ail'ectio
837 3171 957 3226 ideo
982 3170 1174 3223 dicitur
1202 3184 1313 3236 pes,
1338 3170 1457 3233 quia
1489 3168 1620 3238 sicut
1645 3181 1766 3238 eor-

220 3258 322 3310 pus
352 3234 556 3297 vehiiur
599 3241 841 3310 pedibus,
871 3242 961 3310 ita
1006 3240 1177 3310 anima
1203 3234 1606 3310 _aliectionibu_s_.
1642 3234 1768 3310 Haec

219 3305 429 3365 aﬂ’ectio
457 3305 741 3382 aliquando
759 3321 840 3365 est
869 3309 1026 3382 bona,
1060 3307 1343 3375 aliquando
1366 3306 1524 3360 mala.
1546 3305 1600 3382 ξι
1629 3306 1766 3382 mala

218 3395 324 3443 est,
357 3374 572 3435 vocatur
592 3381 883 3446 cupiditas;
914 3379 957 3434 si
988 3380 1120 3432 bona
1149 3374 1254 3440 est,
1276 3384 1490 3428 vocatur
1514 3374 1765 3428 charitas.

222 3450 407 3504 Halani
450 3451 684 3524 sequitur
715 3451 1008 3524 perniciosa
1052 3447 1357 3506 delectatio,
1409 3447 1595 3524 bonam
1643 3458 1767 3524 vero

221 3520 506 3593 delectatio
528 3514 867 3593 'fructuosa._
903 3518 1144 3593 Laqueus
1179 3514 1634 3593 _qnoq.ue_dicitur
1660 3514 1768 3593 _bic

225 3589 556 3642 lrandulenta
613 3599 667 3642 et
720 3590 926 3642 occulta
981 3581 1228 3653 cogitatio
1277 3586 1340 3636 ad
1397 3581 1765 3648 decipiendum

222 3659 412 3738 alium;
437 3659 583 3738 IIl-ius
607 3673 730 3738 ergo
755 3673 848 3738 pes
870 3653 1331 3738 comprehenditur
1358 3654 1413 3738 in
1432 3653 1651 3738 laqueo,
1664 3665 1769 3738 ‘cu:

219 3728 309 3802 jus
335 3728 542 3802 all'ectio
571 3729 640 3781 ita
671 3725 911 3781 irretitur
949 3727 998 3780 itt
1044 3725 1224 3802 dolosa
1255 3725 1681 3802 cogitationi-aut
1717 3729 1770 3772 et

223 3792 626 3870 delectationem
656 3807 711 3870 et
739 3811 1052 3870 consensum
1092 3795 1158 3848 ad
1192 3792 1577 3870 Lati-ciendum.
1599 3792 1767 3857 ipsam

224 3868 856 3942 pravamcogitationem
879 3867 1175 3942 ad|r_ibea_t._
1199 3863 1265 3942 Et
1308 3862 1461 3942 bene,
1481 3863 1605 3940 dicit
1633 3875 1770 3942 tom:

227 3933 584 4000 ,rehenditur;
639 3944 719 3990 est
775 3936 916 3988 enim
975 3933 1300 3986 fraudulenta
1331 3933 1580 3999 cogitatio
1618 3933 1767 3998 quasi

225 4020 294 4070 qn
331 4003 486 4057 ddam
515 4006 776 4058 vinculum
803 4014 858 4058 et
884 4003 1310 4073 impedimentum
1341 4004 1551 4056 aninnc.
1585 4015 1650 4053 ne
1679 4015 1767 4053 re-

224 4075 430 4128 ritatcm
467 4075 718 4128 attendat.
879 4115 886 4117 μ

294 4142 623 4218 Cognoscitrtr
665 4142 1125 4218 Dominus.__1\'ut_tc
1175 4139 1381 4218 occulte
1425 4139 1770 4218 comprehen-

224 4209 441 4278 duntur,
473 4215 682 4268 tandem
715 4225 887 4267 autem
937 4212 1185 4266 Dominus
1235 4210 1391 4262 modo
1442 4210 1637 4278 faciens
1685 4209 1770 4260 hic

226 4277 433 4336 occulta
458 4284 674 4352 judicia,
706 4295 759 4338 et
789 4283 980 4350 reperit
1005 4285 1115 4350 qui,
1156 4281 1362 4336 scilicet
1400 4277 1535 4345 quod
1584 4292 1768 4344 pecca-

227 4361 307 4405 tor
334 4354 749 4420 comprebensus
787 4363 867 4405 est
897 4354 948 4405 in
978 4353 1226 4420 operibus
1258 4360 1766 4420 manunmsuarum,

228 4423 275 4473 id
321 4417 630 4494 estfquod
677 4417 1032 4494 transgressor
1073 4429 1449 4494 praeceptorum
1490 4417 1768 4494 damnatur

225 4505 288 4542 ex
321 4484 528 4557 ριόριὶζι
555 4493 726 4559 culpa,
759 4484 860 4543 non
889 4506 952 4544 ex
986 4484 1101 4558 ejus
1128 4491 1224 4541 ira.
1253 4487 1367 4559 Ille,
1400 4487 1632 4550 inquam,
1661 4484 1763 4535 Do-

227 4556 430 4624 minus,
446 4562 531 4628 qui
560 4556 716 4631 modo
745 4576 848 4613 non
868 4556 1220 4628 cognoscitur,
1237 4556 1452 4631 tandem
1474 4567 1762 4631 cognosce-

228 4639 308 4680 tur
333 4622 611 4683 vere'esse
658 4622 1078 4689 Dominusfcutn
1112 4625 1382 4679 manifeste
1422 4622 1683 4674 dabuntur
1713 4623 1761 4675 in

229 4700 473 4752 tenebras
500 4701 808 4753 exteriores.
836 4698 983 4753 Unde
1012 4697 1207 4750 dictum
1253 4702 1370 4746 est:
1413 4692 1675 4746 Caeterum
1706 4707 1764 4745 se

228 4768 388 4820 nescit
421 4769 591 4834 puniti
625 4767 832 4837 impius,
875 4767 972 4820 nisi
1004 4781 1120 4819 cum
1154 4763 1425 4818 manifeste
1460 4763 1551 4815 luit
1578 4763 1764 4817 nolens

226 4842 361 4903 quod
391 4839 771 4903 perpetravcrit
801 4839 999 4890 volens.

295 4901 658 4980 conuertantur
681 4917 961 4980 peccatores
985 4907 1032 4956 in
1057 4902 1646 4980 infernoqlstudpotest
1666 4901 1763 4980 du:

229 4972 430 5050 pliciter
462 4975 581 5042 legi,
614 4971 694 5030 vel
719 4987 774 5050 ut
801 4975 1243 5050 sit_aggra_tulatio
1268 4971 1650 5050 divinijudicii,
1677 4973 1759 5050 vel

231 5051 284 5094 ut
307 5041 818 5120 sitconimiseratio.
865 5041 1164 5120 Secundum
1193 5054 1366 5093 autem
1396 5042 1763 5120 aggratulatio-

231 5125 346 5164 nem
377 5113 448 5166 ita
479 5111 716 5186 dieetur:
750 5116 1000 5168 Peccator
1023 5115 1207 5167 uolens
1240 5124 1552 5186 cognoscere
1585 5110 1761 5186 Duriti-

231 5196 372 5255 num,
419 5183 828 5255 con-prehensus
855 5202 990 5236 nunc
1034 5199 1128 5249 per
1172 5181 1433 5255 tet-etuas
1462 5181 1759 5255 interiores,

234 5260 281 5301 et
313 5251 402 5303 flat
445 5251 563 5316 hoc,
594 5251 793 5303 Scilicet
826 5264 1125 5316 peccatores
1154 5249 1386 5304 damnati
1427 5250 1476 5298 in
1527 5249 1758 5300 interiori

233 5321 465 5395 excitate
494 5330 892 5385 comertantur,
925 5323 974 5396 id
1004 5334 1102 5383 est,
1137 5327 1402 5396 transeant
1429 5319 1494 5396 de
1535 5326 1760 5396 peccatis

233 5385 282 5438 in
311 5391 498 5451 quibus
530 5404 666 5443 nunc
691 5399 812 5443 sunt
841 5395 890 5440 tn
925 5391 1205 5451 internum,
1239 5392 1285 5442 id
1315 5399 1412 5451 est,
1455 5387 1504 5439 in
1544 5387 1760 5451 profun-

233 5455 352 5524 dum
399 5461 664 5522 vitiorum,
695 5470 750 5511 ut
796 5461 1000 5524 penitus
1049 5468 1262 5510 careant
1305 5458 1394 5511 Dei
1439 5455 1757 5524 cognitione.

239 5521 384 5578 Unde
409 5528 602 5581 dictum
633 5521 713 5582 est
738 5545 752 5582 :
777 5521 1017 5581 Petcutor
1038 5543 1148 5578 cum
1189 5529 1418 5578 ceciderit
1459 5521 1528 5578 inv
1553 5526 1761 5593 profun-

237 5599 372 5657 dum,
398 5598 686 5665 iniquitates
711 5607 985 5652 contemnet
1006 5612 1023 5658 ;
1045 5610 1096 5649 et
1118 5598 1236 5663 quia
1264 5606 1561 5662 peceatores
1582 5597 1762 5648 dicun-

239 5674 317 5717 tur
345 5682 566 5735 propr-ta:
593 5670 800 5734 scripta:
829 5671 956 5735 legis
986 5678 1418 5734 transgressores,
1443 5683 1508 5720 ne
1539 5665 1760 5720 referre-

241 5745 317 5790 tur
367 5745 464 5792 hoc
494 5746 694 5792 tantum
720 5739 783 5793 ad
809 5739 1021 5795 Judacos
1045 5738 1211 5806 legem
1243 5738 1516 5802 habentes,
1547 5739 1755 5791 subdit:

1871 3168 1990 3232 quia
2015 3166 2301 3238 noluerunt
2328 3182 2411 3218 me
2444 3167 2662 3238 latorem
2691 3171 2820 3238 legis
2861 3181 2962 3224 tua:
3003 3166 3160 3238 capui
3188 3166 3403 3237 habere,

1868 3235 2110 3311 constitue
2133 3250 2410 3311 super_eos,
2444 3235 2495 3288 id
2525 3248 2628 3311 est,
2654 3235 2819 3311 dacis
2847 3253 3000 3308 caput
3045 3235 3108 3295 ad
3154 3235 3405 3311 majorem

1867 3303 2254 3357 damnationem
2284 3304 2495 3357 latorem
2520 3307 2664 3374 legis,
2688 3309 2738 3361 id
2768 3319 2848 3364 est
2875 3303 3193 3365 assertorem
3227 3303 3280 3366 et
3307 3315 3402 3366 de-

1870 3374 2132 3445 fensorem
2180 3374 2307 3442 legis
2336 3387 2467 3440 suae,
2501 3389 2604 3428 non
2635 3385 2756 3442 tuae,
2800 3379 2850 3430 id
2895 3389 2995 3445 est,
3028 3382 3290 3434 diabolum
3318 3384 3397 3436 vel

1869 3443 2252 3518 Antichristutn
2282 3445 2518 3518 nuntium
2541 3446 2651 3513 ejus
2676 3463 2690 3518 ;
2725 3454 2779 3498 ut
2805 3447 2876 3518 sit
2901 3443 3186 3518 dic'tum‘de
3211 3452 3289 3503 bis
3315 3452 3400 3518 qui

1867 3509 1984 3599 ejus
2015 3514 2323 3599 imperio_ad
2366 3509 2779 3599 persequendum
2804 3509 3401 3599 Christianumpotntjn,

1867 3593 1985 3632 cum
2014 3583 2142 3665 _ipse
2192 3583 2788 3665 adveneritpparebunt,
2817 3587 2900 3665 vel
2947 3592 3104 3643 etiam
3123 3583 3404 3665 _qi‘iodlibet

1868 3651 2160 3704 membrum
2189 3654 2305 3726 ejus
2332 3651 2527 3708 diaboli
2557 3656 2607 3708 in
2649 3655 2967 3721 hominibus,
2995 3651 3321 3726 quod'faciet
3344 3673 3406 3714 se

1867 3731 2058 3785 caput:
2091 3729 2152 3792 et
2187 3722 2332 3792 dabit
2379 3737 2635 3792 przecepta
2673 3739 2766 3779 sua
2816 3722 3402 3784 contra-Christianum

1869 3803 2079 3852 nornen,
2112 3790 2248 3842 sicut
2277 3790 2400 3845 fecit
2424 3790 2562 3865 Nero
2588 3806 2636 3849 et
2677 3795 3049 3859 Diocletianus,
3083 3808 3136 3850 et
3172 3798 3260 3851 alii
3302 3813 3402 3865 p0-

1870 3866 2040 3933 tentes
2077 3869 2437 3924 persecutores
2491 3863 2764 3928 Ecclesiar,
2819 3867 3008 3932 quibus
3046 3867 3213 3928 multi,
3261 3863 3406 3933 pra:-

1869 3931 2034 4004 ci-ptis
2054 3943 2234 3980 eorum
2266 3933 2755 4004 consentientes,sc
2775 3931 3139 4004 subjecerunt.
3173 3931 3400 3990 NeceSse

1869 3999 2005 4072 enim
2037 4007 2138 4072 est,
2169 3999 2314 4065 quasi
2344 4000 2502 4061 dicat,
2532 4011 2586 4053 ut
2611 4003 2708 4054 sub
2737 3999 2912 4072 aliquo
2950 4005 3117 4072 capite
3160 4007 3284 4059 sint.
3337 4005 3400 4058 Et

1864 4063 2101 4138 quiasub
2117 4063 2218 4130 me,
2243 4083 2398 4134 quem
2421 4082 2471 4121 tu
2489 4078 2645 4136 caput
2668 4063 2852 4138 fecisti,
2876 4087 2993 4127 esse
3011 4063 3304 4135 noluerunt,
3323 4079 3401 4127 lac

1870 4149 1963 4187 eos
1992 4137 2183 4209 habere
2197 4138 2314 4209 tale
2339 4141 2494 4204 quale
2523 4151 2847 4209 meruerunt.
2869 4144 2931 4195 Et
2960 4144 3076 4196 ideo
3100 4145 3197 4198 hoc
3217 4143 3400 4209 facias,

1869 4215 1922 4256 ut
1941 4215 2128 4280 gentes,
2160 4204 2210 4260 id
2235 4215 2338 4280 est,
2367 4218 2419 4280 ut
2443 4208 2538 4274 ipsi
2566 4209 2833 4274 gentiliter
2860 4213 2974 4265 sine
3005 4213 3120 4280 lege
3148 4204 3402 4277 viventes,

1871 4275 2079 4348 tandem
2109 4292 2226 4330 cum
2255 4293 2281 4326 a
2314 4277 2446 4331 facie
2485 4288 2568 4330 tua
2597 4291 2716 4348 cum
2745 4282 2919 4348 capite
2953 4275 3130 4336 suo'in
3161 4275 3404 4341 tenebras

1869 4346 2157 4418 esteriores
2194 4349 2459 4418 recedent,
2491 4349 2672 4410 sciant,
2706 4347 2755 4400 id
2783 4346 2861 4403 est
2895 4351 3250 4416 experiantur,
3279 4371 3403 4418 quo-

1871 4416 2003 4486 niam
2032 4415 2144 4486 [pro
2164 4416 2322 4486 quod]
2351 4418 2571 4470 homines
2591 4424 2704 4468 sunt
2735 4419 2836 4478 hic,
2868 4415 3084 4472 noulilii
3110 4415 3398 4486 hominum,

1870 4483 1918 4533 id
1960 4483 2050 4537 est
2092 4483 2324 4538 viventes
2370 4487 2654 4538 secundum
2697 4495 2928 4542 veterem
2970 4491 3254 4555 hominem,
3299 4483 3400 4546 non

1869 4567 2096 4626 novum;
2143 4556 2222 4608 vel
2249 4557 2304 4626 _si
2341 4557 2576 4623 quoniam
2614 4559 2880 4612 causative
2924 4561 3226 4626 accipiatur,
3276 4571 3399 4614 tunc

1869 4623 1934 4672 ita
1960 4623 2164 4701 dicetur
2193 4642 2203 4676 :
2239 4623 2413 4701 Sciant
2441 4637 2606 4701 gentes
2637 4630 2844 4682 tandem
2883 4631 3020 4699 quod
3042 4623 3228 4701 gentos
3267 4633 3401 4684 scito

1867 4693 2144 4768 convenit,
2189 4696 2325 4759 quod
2367 4698 2572 4768 merito
2623 4703 2727 4768 liet,
2774 4693 3012 4768 quoniam
3050 4693 3143 4754 hic
3178 4700 3400 4753 homines

1865 4772 1982 4837 sunt
2007 4775 2026 4814 :
2058 4763 2157 4837 hoc
2183 4765 2481 4837 secundum
2507 4767 2644 4837 quod
2677 4763 3004 4837 perlatorem
3035 4771 3177 4837 lcgis,
3203 4770 3401 4834 quodli-

1866 4832 1951 4884 bet
1979 4836 2264 4884 membrum
2293 4834 2482 4885 diaboli
2525 4832 2795 4901 accipitur,
2843 4838 3034 4891 dictant
3060 4832 3156 4892 est.
3190 4832 3392 4892 Secun-

1863 4902 2144 4978 dumnero
2188 4903 2568 4978 Anticltristum
2600 4904 2676 4978 ita
2718 4905 2962 4960 dicetur:
3004 4909 3186 4978 Sciant
3230 4918 3398 4978 gentes

1863 4970 2094 5046 quoniam
2128 4986 2219 5036 per
2245 4972 2413 5046 ipsum
2439 4971 2819 5026 Anticliristum
2848 4990 2950 5046 non
2981 4977 3074 5040 dii,
3105 4979 3206 5046 sed,
3230 4970 3399 5030 itemi-

1864 5056 1948 5112 nes
1979 5039 2097 5112 facti
2124 5049 2288 5112 sunt,
2318 5041 2365 5092 id
2402 5049 2499 5101 est,
2520 5055 2633 5112 non
2667 5045 2877 5097 exaltati
2906 5047 2957 5100 in
2985 5039 3278 5112 virtutibus,
3303 5049 3395 5102 sed

1861 5109 2089 5186 demersi
2123 5109 2172 5186 in
2205 5109 2322 5161 vitia
2345 5119 2484 5170 sunt,
2517 5111 2743 5186 licetille
2765 5116 3041 5186 extollatur
3061 5132 3217 5186 super
3237 5109 3396 5173 olunt:

1861 5180 1999 5245 quod
2041 5179 2251 5238 dicitur,
2283 5188 2370 5229 aut
2400 5181 2536 5245 quod
2566 5183 2754 5234 colitur
2784 5184 2939 5238 Deus.

1935 5247 1998 5301 Ut
2026 5250 2170 5315 quid,
2204 5249 2432 5300 Domine.
2465 5251 2660 5303 tientes
2699 5252 2864 5303 sciant
2911 5256 2960 5308 in
3006 5255 3179 5308 futuro
3219 5271 3336 5309 cum
3367 5275 3395 5311 a

1863 5326 1913 5371 te
1941 5320 2210 5392 [eoedeut,
2239 5320 2375 5392 quod
2407 5318 2733 5392 ctiam‘prius
2760 5337 2773 5372 :
2805 5323 2920 5386 quia
2946 5340 3046 5376 nou
3078 5329 3313 5392 regnanti
3346 5329 3395 5382 in

1863 5398 1911 5439 te
1944 5388 2173 5450 fuerunt,
2202 5391 2292 5442 sed
2340 5390 2574 5450 homines
2621 5402 2939 5454 manserunt,
2973 5409 3092 5446 vere
3122 5388 3188 5443 a'b
3213 5395 3288 5446 eis
3315 5410 3391 5448 rc-

1859 5458 2086 5520 C8:SlSll,
2129 5459 2247 5512 licet
2276 5457 2523 5528 videreris
2556 5467 2764 5524 propter
2792 5472 3098 5526 prxsentenr
3124 5467 3392 5528 prosperi-

1861 5536 2019 5579 tatem
2059 5525 2503 5599 accessissea'il‘ui
2529 5538 2701 5580 autem
2724 5543 2752 5580 a
2781 5525 2985 5595 quibus,
3017 5525 3136 5598 quia
3174 5532 3224 5582 in
3251 5525 3393 5599 pra:-

1859 5599 1993 5648 senti
2023 5607 2302 5663 arescunt,
2343 5596 2537 5650 videris
2583 5599 2883 5664 recessisse,
2923 5596 3089 5652 sciant
3115 5614 3144 5650 a
3186 5596 3394 5655 se'non

1860 5669 2165 5721 recessisse.
2208 5669 2336 5720 Nam
2382 5681 2622 5720 recessus
2663 5668 2748 5721 ille
2793 5670 2962 5734 potius
3003 5667 3097 5721 fuit
3124 5684 3390 5736 accessus,

1861 5736 1976 5803 quia
2005 5739 2056 5792 in
2087 5739 2182 5792 hoc
2215 5737 2276 5790 ad
2309 5737 2537 5805 ipsorum
2565 5738 2834 5792 utilitatem
2880 5739 3147 5809 prospicis.
3181 5739 3306 5794 Nam
3337 5750 3391 5793 ut
