3912 6230
117 399 246 455 585

903 396 965 450 IN
1005 394 1412 455 PSALMOBUH
1457 394 1707 454 LIBRUM
1757 395 2107 452 EXEGESlS.
2149 425 2214 435 —
2254 395 2496 450 PSAL‘I.
2542 393 2605 450 Χ.

3249 395 3351 455 546

115 512 513 573 intenderunt,
570 509 617 561 id
670 516 759 582 est
779 507 926 560 valde
972 511 1141 582 pravis
1183 510 1552 582 tentatiuuibtis
1578 511 1687 564 suis
1719 522 1766 578 Α
1792 511 2045 582 vilescunt,
2092 509 2158 559 ad
2202 511 2294 582 Iioc
2322 509 2634 576 aperiuntur.
2665 521 2716 560 u'
2741 511 2983 564 nulridut.
3008 512 3136 578 Qiirn
3165 517 3348 582 ῃςιιρρ.

114 589 574 642 coarctavi-runt,
621 577 761 646 quod
793 588 874 630 est
899 591 1042 639 ecce,
1071 581 1118 631 itl
1149 592 1249 642 est,
1283 579 1612 632 mauilestum
1637 593 1689 632 et

115 650 457 702 intendenda
488 657 779 716 paraverunt
805 648 1010 716 sagittas
1030 665 1177 710 suas,
1211 649 1258 700 id
1284 661 1386 711 est,
1407 650 1618 702 dolosas
1645 660 1696 702 et

116 719 488 782 deceptorias
539 717 822 768 sententias
853 719 902 767 iu
936 718 1198 782 pharetra,
1225 719 1275 770 id
1305 728 1385 770 est
1414 719 1463 770 iti
1489 719 1696 771 occulto

117 789 272 841 cord
304 802 334 838 s
382 788 460 839 sui
507 786 571 838 ad
598 787 694 839 |I"C
724 797 776 836 ut
805 790 1070 852 sagittent,
1105 787 1155 839 id
1177 797 1280 848 est,
1309 789 1516 841 occulte
1546 787 1694 840 deci-

120 859 295 924 piant
329 867 501 910 rectos
530 857 707 919 corde,
732 856 778 906 id
806 866 906 915 est,
939 857 1231 908 boiios'nuu
1257 866 1498 910 cantuset
1522 857 1696 920 provi-

119 927 261 988 dus,
288 925 427 979 sicut
455 940 549 976 nos
577 940 758 977 sumus
791 942 801 976 :
833 924 921 976 sed
948 928 1141 990 positos
1167 927 1338 978 adhuc
1368 927 1419 978 in
1447 927 1692 989 obscuro,
1720 983 1727 990 ,

120 995 183 1048 id
210 1006 307 1048 est
327 996 554 1047 nondum
577 993 902 1054 sublimatus,
919 996 1053 1046 sicut
1076 1009 1168 1047 vos
1184 995 1529 1063 simpliciores
1545 1005 1689 1049 est's.

210 1066 475 1127 Quoniam
496 1079 604 1132 qua:
630 1064 876 1131 perfecisti
905 1063 1276 1116 destruxerunt.
1297 1067 1416 1117 Ideo
1439 1078 1550 1129 vos,
1580 1081 1695 1127 pes-

124 1134 270 1186 simi
329 1135 578 1195 haeretici,
610 1134 743 1183 istud
790 1134 938 1184 bonis
988 1133 1276 1195 illlpOltlllS,
1321 1135 1568 1200 quoniam
1603 1147 1695 1184 vos

124 1203 286 1254 istud
313 1201 532 1263 fecistis,
558 1202 755 1254 scilicet
778 1201 948 1268 pravis
972 1203 1485 1267 iuterpretationiuus
1506 1201 1695 1255 vestris

124 1271 481 1339 Scripturam
531 1286 635 1322 san'
659 1280 762 1322 tam
816 1272 1214 1336 depravavistis.
1272 1272 1418 1334 Quod
1469 1273 1546 1323 sic
1571 1272 1694 1323 dicit

123 1341 505 1395 convertetido
537 1355 592 1391 se
622 1341 686 1390 ad
733 1340 1003 1391 lloniinutu
1032 1358 1042 1391 :
1077 1339 1119 1391 Ο
1151 1339 1388 1403 Domine,
1417 1341 1692 1393 destrute-s

125 1422 266 1465 runt
322 1412 454 1462 male
499 1409 888 1474 interpretando
934 1408 1164 1461 heretici
1214 1425 1272 1462 ea
1303 1419 1495 1476 qutetu
1525 1411 1692 1474 perle-

125 1481 288 1544 cisti,
322 1481 371 1531 id
396 1486 496 1543 est,
527 1478 844 1542 Scripturas,
870 1493 997 1544 quas
1021 1487 1072 1528 tti
1104 1493 1193 1543 per
1225 1490 1337 1530 tuos
1355 1481 1493 1530 viros
1512 1482 1693 1546 plenos

124 1547 348 1614 Spiritu
378 1557 557 1599 sancto
585 1547 813 1599 edidisti.
847 1548 972 1598 Item
1011 1561 1067 1599 se
1097 1549 1356 1599 Convertit
1384 1548 1447 1598 ad
1481 1548 1691 1600 haereti-

127 1633 256 1680 ctis,
309 1617 458 1684 quasi
489 1617 666 1668 dicat:
705 1615 824 1678 Vos,
877 1616 1129 1679 haeretici,
1183 1617 1515 1668 tieslru\islis
1562 1630 1693 1683 opus

134 1687 384 1748 Domini,
440 1686 529 1738 sed
590 1701 692 1736 nou
749 1686 1034 1747 deberetis,
1087 1684 1206 1750 quia
1255 1686 1448 1750 justus,
1509 1686 1556 1738 id
1611 1695 1694 1738 est

128 1756 412 1819 Christus,
456 1755 688 1807 absolute
736 1754 767 1807 d
791 1754 987 1808 candus
1013 1756 1208 1822 justus,
1239 1753 1327 1820 qui
1359 1751 1607 1806 tilitatem
1638 1764 1692 1807 et

127 1827 483 1878 ccttcoriliam
535 1824 832 1888 relinquens
876 1825 983 1876 suis
1014 1823 1182 1876 dixit:
1219 1822 1401 1875 Pacem
1425 1840 1584 1875 meam
1613 1841 1691 1877 re-

131 1897 324 1963 linquo
352 1893 504 1956 vobis,
534 1909 706 1963 pacein
732 1909 892 1944 meum
921 1893 984 1944 do
1015 1894 1171 1945 vobis.
1205 1895 1366 1958 thui
1391 1896 1694 1947 traditorem

134 1962 305 2017 suum
339 1973 478 2016 tanta
498 1962 741 2027 patientia
768 1964 997 2030 pertulit,
1019 1974 1072 2014 ut
1090 1964 1309 2026 primam
1328 1963 1695 2015 euchariStiun

133 2035 395 2085 manibus
451 2034 560 2083 suis
589 2036 904 2094 conte-Ciani,
935 2042 986 2083 et
1009 2046 1100 2084 ore
1127 2047 1223 2083 suo
1253 2034 1694 2096 commendatam,

131 2106 184 2154 ei
216 2118 344 2156 ciiui
373 2103 580 2154 exteris
620 2101 884 2166 discipulis
914 2102 1159 2154 traderet.
1197 2102 1396 2168 Quique
1429 2102 1584 2154 etiam
1633 2103 1696 2154 ad

133 2171 540 2237 prtrdicandutlt
593 2187 806 2239 regnum
852 2173 1104 2223 ('(Bim'llln
1150 2171 1316 2236 ipsum
1339 2186 1458 2223 cum
1490 2175 1697 2224 ueteris

135 2243 326 2302 misit;
373 2251 428 2292 ut
466 2240 852 2293 demonstraret
889 2241 1024 2292 dona
1070 2240 1155 2291 Dei
1187 2241 1458 2306 pervenire
1487 2241 1550 2292 ad
1583 2242 1698 2292 illus

136 2311 233 2376 qui
267 2326 332 2362 ea
385 2325 503 2360 cum
537 2309 635 2360 ﬁde
671 2312 980 2374 suscipiunt,
1010 2310 1167 2360 etiam
1199 2311 1238 2360 si
1272 2310 1360 2360 ille
1390 2325 1417 2360 a
1447 2325 1551 2378 quo
1580 2324 1697 2361 sus-

135 2382 419 2444 cipiuntur
446 2380 512 2430 sit
545 2380 660 2429 talis
689 2380 861 2444 qualis
893 2378 1175 2445 ipseiudas
1195 2379 1307 2430 l'uit.
1333 2379 1441 2440 ille,
1465 2395 1692 2446 inquam,

132 2447 324 2514 justus
351 2451 487 2512 quod
522 2448 638 2498 Iecit
670 2447 835 2509 vobis,
863 2449 911 2499 id
935 2457 1034 2510 est,
1060 2448 1196 2514 quod
1226 2449 1539 2500 commeruit
1560 2451 1694 2513 apud

138 2531 263 2577 vos,
323 2527 538 2585 propter
565 2519 700 2581 quod
730 2530 820 2568 vos
849 2518 1197 2580 depravantes
1223 2515 1544 2584 Scripttiras,
1580 2520 1695 2569 uui-

138 2584 496 2650 tatem’quam
531 2584 642 2653 ipse
670 2585 883 2652 reliquit
909 2588 1265 2638 deSIruxistis.

214 2654 470 2707 Dominus
494 2655 543 2705 iii
577 2653 756 2718 templo
785 2665 962 2707 sancto
989 2670 1096 2707 suo.
1134 2655 1286 2707 Vobis
1325 2653 1536 2722 quidem
1568 2654 1695 2707 nihil

133 2723 320 2791 jusms
353 2726 494 2791 fecit,
524 2737 575 2775 at
602 2725 710 2789 ipse
735 2725 832 2778 lioc
859 2726 980 2776 facit
1001 2723 1138 2791 quod
1167 2732 1220 2777 et
1246 2739 1370 2777 suos
1399 2725 1695 2777 misericor-

138 2797 283 2847 dier
311 2795 503 2850 salvat,
527 2803 579 2844 et
609 2793 772 2845 malos
803 2797 906 2846 non
932 2795 1100 2845 solum
1133 2807 1226 2861 pro
1256 2795 1392 2845 malo
1423 2804 1546 2845 voto
1573 2809 1692 2855 siio,

137 2865 284 2931 quod
338 2867 402 2914 ad
447 2861 742 2926 Scripttiras
767 2864 1094 2926 ascenderet,
1125 2873 1180 2912 ut
1207 2863 1327 2916 inde
1356 2863 1695 2926 damnentur,

145 2948 311 2998 piave
335 2945 426 2984 eas
457 2931 750 2999 intelligere
783 2933 1056 3052 permittit,
1090 2933 1180 2983 sed
1211 2933 1368 2983 etiam
1399 2931 1695 2984 doctrinam

145 3017 330 3052 eoium
361 3015 569 3052 tiravam
602 3001 664 3052 ad
697 3015 781 3051 mu
809 3011 976 3052 torum
999 2999 1387 3052 damnationem
1421 3013 1695 3052 provenire

137 3017 330 3054 eoiuui
361 3015 569 3066 pravam
602 3001 664 3052 ad
697 2999 976 3052 multorum
999 2999 1387 3052 damnationem
1421 3013 1697 3066 provenire

97 3135 100 3138 ,
143 3072 425 3137 permittit.
479 3070 629 3134 Quod
669 3069 836 3121 innuit
867 3069 952 3121 ubi
977 3069 1142 3123 dicit:
1174 3067 1314 3120 Pluit
1341 3082 1490 3137 super
1521 3085 1698 3136 pecca-

141 3149 280 3192 tores
308 3139 533 3208 laqueos,
569 3150 618 3191 et
645 3149 846 3202 spectat
871 3139 994 3193 illuc
1016 3140 1690 3203 nouiinalivushicposuus,

140 3207 381 3261 Scilicet
405 3207 673 3259 Domitius.
707 3208 990 3276 interponit
1021 3221 1193 3260 autent
1219 3209 1283 3260 de
1307 3207 1562 3260 bonorum
1591 3212 1694 3260 sal-

142 3281 361 3330 vatione
417 3277 666 3345 primunt,
720 3286 773 3329 et
810 3278 999 3330 deinde
1027 3279 1093 3331 de
1123 3292 1398 3342 pravorum
1426 3280 1476 3328 in
1506 3278 1695 3342 seipsis

143 3347 508 3408 damnatione,
560 3348 625 3398 ita
676 3346 857 3399 dicens
903 3363 915 3397 :
971 3346 1213 3399 Dominus
1261 3348 1524 3412 (absolute
1565 3349 1695 3398 dixit

146 3415 445 3484 Dominus),
479 3416 528 3466 id
560 3425 656 3484 est,
684 3415 925 3467 Christus
955 3431 1016 3468 eti
1050 3431 1204 3467 verus
1238 3417 1509 3477 Dominus,
1532 3418 1579 3467 in
1600 3431 1696 3467 suo

150 3485 368 3551 templo,
395 3483 442 3535 id
469 3483 622 3537 estin
652 3484 894 3535 fidelibus
924 3487 1007 3551 qui
1042 3501 1128 3549 per
1161 3485 1275 3535 lidei
1294 3494 1543 3536 unitatem
1566 3495 1697 3536 tetu-

148 3556 292 3622 plum
325 3556 438 3618 ejus
458 3565 599 3603 sunt.
632 3552 702 3604 De
725 3555 822 3603 hoc
845 3555 1036 3616 templo
1059 3557 1248 3604 dcitur
1275 3570 1287 3602 :
1318 3552 1581 3617 Templum
1606 3554 1697 3604 Dei

146 3633 376 3675 sanctum
421 3633 515 3681 est,
546 3623 674 3684 quod
701 3631 814 3672 ests
841 3638 943 3673 vos.
977 3623 1038 3674 Et
1065 3640 1077 3673 :
1114 3622 1405 3687 Quicunque
1443 3622 1696 3673 violaverit

148 3694 384 3760 templum
441 3688 663 3760 Domini,
718 3693 966 3758 disperdet
1020 3691 1162 3742 illum
1215 3690 1370 3741 Deus.
1405 3692 1491 3742 Ille
1518 3699 1693 3760 autem

150 3759 404 3826 templum
437 3759 527 3812 Dei
557 3763 737 3823 violat,
768 3769 814 3811 id
845 3771 928 3813 est
959 3763 1214 3812 uiiitatem-
1235 3761 1413 3822 violat,
1442 3759 1528 3826 qui
1553 3765 1696 3826 priu-

150 3830 352 3897 cipatus
381 3831 458 3880 sui
477 3843 633 3881 causa
658 3844 686 3881 a
707 3831 960 3882 catholica
985 3831 1180 3880 unitate
1203 3829 1540 3897 disiungitur,
1561 3833 1697 3882 sicut

153 3901 346 3951 [acuunt
399 3900 447 3948 lii
499 3900 587 3962 qui
617 3913 774 3950 causa
802 3899 1112 3965 arroganti-1:
1141 3901 1278 3964 quod
1315 3912 1472 3963 prava
1504 3901 1695 3950 uitelli-

150 3980 275 4032 gultt
325 3967 638 4019 conﬁrmare
683 3978 863 4019 contra
894 3982 1222 4019 Ctitltllltlllelll
1256 3969 1408 4018 Iidem
1438 3968 1693 4028 nituntur,

155 4041 205 4088 td
253 4048 333 4088 est
363 4036 619 4097 lia:retici,
653 4045 706 4086 et
748 4040 1054 4087 determinat
1085 4037 1150 4086 de
1175 4050 1278 4100 quo
1311 4038 1502 4098 templo
1533 4037 1691 4096 dicat.

154 4109 333 4157 diaetis
378 4121 390 4155 :
438 4104 592 4156 Sedes
642 4109 748 4170 ejus
798 4115 871 4155 est
919 4121 968 4156 in
997 4106 1137 4168 cwlo,
1169 4103 1217 4155 id
1245 4106 1396 4155 estin
1423 4105 1696 4169 hisquide

157 4177 378 4228 terteuis
424 4173 542 4224 lacti
587 4187 707 4224 sunt
727 4177 939 4226 cuiluui.
969 4174 1116 4227 Unde
1143 4175 1338 4224 dictum
1367 4187 1448 4224 est
1475 4193 1485 4224 :
1513 4177 1695 4225 Anima

156 4246 273 4311 justi
315 4243 456 4294 sedes
509 4253 580 4293 est
631 4247 903 4310 rapientur.
948 4246 1007 4296 Et
1051 4244 1172 4296 item
1206 4261 1216 4293 :
1250 4243 1438 4295 Caelum
1476 4245 1595 4294 milii
1625 4255 1698 4298 est

154 4316 310 4380 sedes,
335 4323 467 4364 terra
497 4323 656 4364 autem
685 4315 952 4365 scubeilum
983 4316 1167 4382 pedum
1191 4329 1450 4377 meorum;
1481 4326 1531 4364 et
1556 4316 1696 4381 quod

155 4387 338 4436 caelum
394 4391 537 4444 sunt,
597 4398 696 4432 nun
747 4400 808 4434 ex
859 4387 1056 4435 meritis
1084 4385 1211 4444 suis,
1234 4383 1324 4433 sed
1349 4397 1409 4433 ex
1459 4393 1739 4449 respectu-

158 4455 528 4505 misericordia:
574 4451 708 4516 ejus.
748 4455 894 4516 Quod
941 4453 1016 4503 sic
1039 4453 1165 4502 dicit
1196 4468 1207 4502 :
1239 4451 1385 4502 Oculi
1405 4452 1511 4517 eius
1541 4455 1695 4514 respi-

1796 583 1925 639 ιιι-ιιι,
1968 579 2015 629 id
2047 589 2147 642 est,
2179 581 2524 631 obscuritates
2554 591 2606 631 et
2628 595 2693 644 ap
2713 581 2926 646 -rtiones
2951 579 3344 648 Scripttii'aritzn

1796 652 2134 710 interrogant,
2185 648 2232 698 id
2278 659 2358 700 est
2410 651 2634 710 probant
2678 649 2796 701 illos
2823 649 2953 702 lilios
2983 651 3255 708 hominum
3282 658 3351 712 do

1794 719 1981 786 quibus
2025 718 2388 786 praediximus,
2419 717 2468 768 iit
2511 718 2610 769 huc
2632 720 2832 770 scilicet
2860 721 2976 785 quia
3005 720 3074 772 illi
3105 737 3202 776 net:
3233 727 3352 777 fati-

1795 785 1979 862 gantur
2022 785 2429 838 tibscuribitibus
2478 787 2888 854 Scripturarum,
2923 799 2977 862 ut
3010 788 3342 862 rejiciatitur,

1794 856 1888 908 sed
1913 866 2242 928 exercentur,
2273 864 2328 906 ut
2354 865 2632 928 quaerant;
2653 869 2749 909 nec
2781 856 3080 917 coinitioiie
3105 856 3348 928 ὅθι-ιρι.ιᾷ

1796 939 1970 977 rarum
2026 925 2292 986 inliautur,
2350 926 2441 976 sed
2499 922 2896 977 Conlirtnantur.
2921 928 3070 979 Sicut
3106 922 3347 983 econtra

1795 997 1914 1044 mali
1969 995 2276 1060 rejicmntur
2314 994 2741 1050 obscuritatibus.
2769 1007 2816 1046 el
2853 1012 2956 1048 mm
2985 1011 3298 1052 uertentur
3327 1017 3339 1051 :

1795 1062 2042 1136 inﬂantur
2095 1063 2417 1136 cognitione,
2470 1074 2674 1136 et_u0tt
2727 1066 3124 1136 conﬁrmantur.
3166 1070 3217 1121 In
3242 1083 3348 1136 quo

1795 1135 2000 1199 utrique
2029 1142 2171 1184 recte
2203 1133 2510 1196 probantur.
2544 1132 2691 1184 Sicut
2721 1132 2863 1184 enim
2888 1137 3075 1202 aliquis
3100 1132 3349 1191 dominus

1794 1215 1972 1272 servos
1996 1214 2121 1253 suos
2149 1203 2436 1272 excludeus
2464 1218 2490 1252 a
2521 1211 2722 1272 secreto
2756 1205 2977 1254 ctinsdio
3008 1219 3123 1265 suo,
3159 1209 3350 1272 probat

1793 1269 1910 1344 illos
1961 1285 2093 1336 quos
2139 1269 2467 1344 postmodum
2519 1271 2629 1321 vult
2682 1271 2983 1344 admittere,
3031 1269 3232 1344 scilicet
3259 1280 3348 1344 qui

1795 1339 2054 1412 pitieuter
2108 1341 2368 1412 repulsam
2417 1339 2591 1390 ferunt
2620 1355 2634 1391 :
2660 1341 3038 1412 proliatAetiam
3073 1343 3190 1395 illos
3219 1339 3352 1412 qnios

1795 1407 2017 1474 I'ttjlcml,
2072 1410 2274 1461 scilicet
2324 1412 2410 1474 qtti
2443 1424 2546 1459 nou
2573 1410 2828 1474 patienter
2860 1409 3056 1470 lerunt,
3089 1411 3181 1466 sed
3217 1407 3350 1466 iiidi-

1792 1491 2044 1544 guantur,
2100 1487 2151 1530 et
2203 1480 2288 1543 qui
2340 1478 2477 1544 qtiud
2509 1479 2795 1546 aliquando
2823 1481 3036 1530 admissi
3067 1493 3209 1543 sunt,
3245 1502 3347 1537 non

1791 1555 1978 1610 gratiie
2028 1547 2254 1604 Domitii,
2299 1547 2388 1597 sed
2438 1562 2545 1599 sua:
2574 1550 2888 1613 arrogantia:
2919 1549 3239 1614 attribuunt;
3277 1554 3344 1606 ita

1795 1615 2048 1667 Dominus
2083 1631 2173 1682 per
2205 1615 2482 1680 palpebras
2509 1632 2652 1678 suas,
2690 1618 2736 1666 id
2764 1625 2845 1668 est
2879 1631 2970 1682 per
2999 1622 3352 1677 obscuritates

1793 1687 2186 1750 Scripturaruiii
2215 1699 2427 1738 suarum
2462 1687 2644 1750 probat
2675 1700 2820 1749 suos,
2851 1687 3035 1751 probat
3064 1690 3220 1742 etiam
3244 1708 3350 1745 non

1794 1768 1938 1806 SIIU'io

1872 1823 2111 1875 Dominus
2166 1823 2435 1889 interrogat
2475 1823 2673 1942 {ustum
2727 1830 2774 1875 et
2822 1824 3055 1891 impium.
3109 1823 3349 1885 Ostendit

1873 1907 1932 1942 os
1975 1893 2107 1942 lilios
2157 1893 2427 1942 hominum
2492 1896 2560 1942 iic
2606 1895 2892 1942 acceoerit.
2944 1903 2996 1942 et
3043 1906 3125 1942 est
3177 1913 3204 1942 ιι
3239 1901 3347 1942 im-i

1800 1907 1932 1959 quos
1975 1893 2107 1964 lilios
2157 1893 2427 1964 hominum
2475 1893 2560 1964 hic
2606 1895 2892 1958 acceperit,
2944 1903 2996 1945 et
3043 1906 3125 1946 est
3177 1913 3204 1948 a
3237 1901 3348 1964 piri

1801 1963 2080 2015 Ostensio:
2127 1961 2265 2026 quod
2320 1976 2442 2012 vt-re
2504 1961 2756 2013 Dominus
2809 1977 2901 2029 per
2930 1964 3204 2029 palpebras
3227 1961 3351 2020 auiis

1802 2031 2085 2097 interrogat
2140 2031 2273 2084 lilios
2321 2030 2626 2093 hominum;
2674 2035 2794 2097 quia
2849 2033 3155 2100 interrogat,
3190 2037 3237 2087 id
3269 2047 3350 2090 est

1801 2104 1988 2166 probat
2032 2101 2255 2167 justum,
2314 2100 2363 2152 id
2411 2108 2495 2152 est
2550 2113 2856 2166 pauperem,
2883 2102 3019 2153 sicut
3044 2106 3347 2167 pra-dictum

1800 2180 1916 2222 est:
1948 2180 2000 2224 et
2049 2173 2356 2237 interrogat,
2380 2168 2432 2221 id
2463 2177 2564 2230 est,
2598 2172 2782 2233 probat
2809 2170 2966 2222 etiam
2997 2171 3233 2236 impium,
3267 2177 3351 2228 hic

1798 2239 2011 2304 apponit
2060 2239 2127 2290 de
2176 2242 2346 2291 malis.
2379 2239 2446 2290 Et
2483 2239 2802 2302 accipiemus
2832 2239 2916 2292 hic
2946 2255 3198 2305 pauperes
3231 2241 3350 2296 illos

1799 2309 1886 2373 qui
1922 2317 2038 2370 post
2075 2308 2228 2359 tidem
2249 2317 2558 2373 susceptam
2590 2309 2861 2373 depravati
2893 2323 3033 2370 sunt,
3060 2311 3111 2361 id
3136 2322 3214 2362 est
3243 2313 3350 2364 lia:—

1799 2377 2016 2440 reticos,
2066 2393 2200 2443 quos
2253 2376 2504 2428 Dominus
2534 2377 2717 2442 probat
2743 2376 2808 2428 ad
2842 2393 3022 2429 eorum
3052 2383 3348 2432 damnatio-

1799 2461 1918 2498 nem
1949 2462 2039 2512 per
2069 2447 2344 2514 palpebras
2381 2462 2393 2496 :
2426 2447 2546 2515 quia
2589 2445 2685 2510 ipsi
2715 2447 3119 2499 obscuritatibus
3147 2447 3348 2515 fatigati

1799 2513 2127 2582 rejiciuutur,
2159 2517 2460 2581 cognitione
2489 2513 2760 2575 inﬂantur,
2789 2528 2894 2568 non
2925 2513 3300 2570 continuantur
3327 2535 3341 2570 :

1797 2595 1850 2636 et
1901 2587 2018 2635 ideo
2058 2599 2087 2636 a
2140 2585 2360 2636 Domino
2404 2597 2740 2636 excmcautur
2787 2594 2841 2636 ut
2869 2586 3042 2650 etipsi
3075 2601 3232 2652 prave
3256 2602 3346 2642 eas

1799 2653 2283 2724 intelligatitatque
2313 2652 2659 2717 damnentur;
2701 2661 2756 2705 et
2782 2653 2899 2706 aliis
2930 2657 3014 2720 qui
3043 2657 3183 2722 digni
3206 2668 3348 2724 sunt,

1800 2737 1958 2789 prave
1980 2737 2069 2775 eas
2098 2723 2512 2788 interptetaiido,
2548 2723 2687 2786 ipsos
2714 2737 2893 2776 secum
2924 2724 3192 2777 damnent.

1870 2795 1968 2856 Qui
2014 2804 2182 2844 autent
2237 2791 2404 2859 diligit
2431 2791 2764 2858 iniquitatem.
2800 2795 3057 2846 Debemus
3085 2803 3230 2847 extra
3263 2795 3353 2849 iu-

1803 2865 2040 2930 telligere
2089 2862 2226 2930 quod
2265 2862 2456 2927 jusiius
2487 2864 2770 2928 respondet
2799 2862 3150 2930 interrogatus
3180 2880 3207 2915 a
3243 2868 3345 2918 Do-

1800 2933 1941 2983 iniuo
1978 2945 2071 3000 pro
2101 2933 2449 2997 ctiuipetentia
2473 2945 2588 2983 sua.
2621 2932 2722 2984 Sed
2747 2931 2832 2983 ille
2855 2932 2940 2998 qui
2972 2934 3136 2999 diligit
3165 2934 3350 3000 iniqui-

1798 3011 1972 3063 tatem,
2022 2999 2070 3051 id
2125 3011 2206 3051 est
2249 3002 2559 3063 depraVaIus
2599 3002 2704 3050 odit
2750 3001 2969 3051 animant
2998 3017 3164 3063 suam,
3192 2999 3351 3056 idest

1799 3069 1900 3121 tale
1947 3070 2068 3134 quid
2117 3069 2418 3135 respondet,
2458 3068 2501 3120 si
2553 3084 2657 3120 non
2701 3083 2845 3131 voce,
2894 3071 3079 3121 saltem
3111 3082 3250 3135 actu,
3293 3074 3349 3127 in

1798 3154 1902 3203 quo
1931 3154 1986 3191 se
2015 3141 2242 3191 ostendit
2283 3137 2458 3190 odisse
2486 3142 2713 3204 animam
2745 3153 2914 3197 suam,
2947 3142 3064 3203 quia
3098 3140 3348 3197 videbcet

1801 3207 2037 3273 rejicitur
2061 3213 2397 3266 obscuritate,
2430 3206 2636 3258 iiillitur
2663 3207 2784 3259 auib
2811 3206 2949 3260 tione
2974 3223 2988 3270 ;
3018 3221 3068 3260 et
3095 3209 3213 3262 ideo
3247 3213 3348 3262 Doo

1801 3290 1973 3329 inuitis
2025 3293 2126 3328 ltotl
2149 3278 2337 3348 solum
2390 3277 2556 3348 ipsum
2591 3281 2825 3339 damnat,
2849 3277 2940 3348 sed
2971 3278 3126 3331 etiam
3157 3294 3247 3346 per
3269 3283 3347 3348 ip-

1798 3361 1914 3396 sum
1945 3348 2096 3399 alios.
2127 3346 2277 3414 Quod
2303 3348 2378 3397 sic
2407 3347 2557 3410 dicit,
2588 3361 2723 3397 nunc
2748 3347 2955 3398 tandem
2989 3363 3192 3414 ponetis
3220 3346 3343 3414 per-

1799 3432 1980 3467 stinam
2024 3412 2311 3481 superioris
2354 3415 2657 3466 nominativi
2693 3431 2704 3465 :
2741 3412 3157 3482 Dominusvpluit,
3186 3412 3234 3468 id
3265 3429 3347 3470 est

1800 3499 1892 3548 per
1921 3487 2146 3548 pluviam
2173 3485 2320 3534 mala:
2334 3483 2585 3534 doetrina:
2603 3486 2879 3549 impioi-uui
2897 3501 3044 3551 super
3063 3496 3346 3551 peccatores

1796 3568 1880 3619 qui
1910 3554 2102 3604 Scilicet
2130 3554 2296 3604 meriti
2328 3562 2470 3602 sunt.
2499 3552 2652 3603 Mittit
2685 3556 2919 3619 laqueus,
2943 3557 2992 3604 id
3016 3567 3095 3607 est
3126 3559 3346 3622 impedi-

1800 3631 1971 3672 menta
1996 3623 2138 3688 pltira
2165 3623 2426 3681 l'alutatis,
2445 3637 2508 3672 ue
2528 3622 2885 3684 possintatten
2907 3631 3014 3676 tere
3033 3629 3303 3680 Veritatem
3327 3643 3340 3678 :

1797 3699 1851 3742 et
1900 3691 2126 3743 ostendit
2171 3705 2260 3755 per
2299 3692 2423 3756 qmd
2446 3701 2548 3741 Sllll
2571 3691 2642 3742 illi
2675 3693 2862 3757 laquei,
2895 3709 2985 3757 per
3009 3698 3108 3746 hoc
3141 3699 3343 3749 scilicet

1797 3763 1916 3826 quia
1951 3776 2068 3826 pars
2091 3762 2268 3812 calicts
2296 3775 2496 3821 eorum,
2529 3761 2578 3810 id
2606 3771 2686 3811 est
2708 3761 2832 3810 illud
2867 3763 3005 3827 quod
3029 3763 3125 3829 ipsi
3151 3781 3340 3827 pecca~

1802 3839 1939 3882 tores
1965 3844 2081 3881 cuiu
2110 3843 2250 3882 certa
2280 3843 2520 3879 mensura
2540 3836 2602 3879 de
2622 3843 2775 3892 prava
2791 3829 3027 3881 doctrina
3053 3835 3336 3897 impiorum

1798 3903 2111 3966 suseipiuiit,
2171 3913 2261 3964 per
2304 3899 2520 3950 calicem
2577 3902 2716 3949 enim
2765 3899 2821 3949 lit
2862 3898 3072 3953 divisio.
3130 3905 3194 3952 b't
3227 3905 3345 3954 ideo

1808 3980 2014 4032 ponitur
2046 3969 2128 4018 hic
2173 3967 2328 4028 calix,
2374 3971 2460 4032 qui
2503 3976 2584 4018 est
2614 3979 2751 4020 nota:
2781 3983 3061 4033 niensurte,
3093 3978 3148 4021 ut
3177 3980 3346 4025 setatit

1798 4053 1917 4101 quia
1965 4036 2092 4088 nihil
2139 4037 2452 4098 inordinate,
2487 4037 2614 4087 nihil
2641 4040 2755 4088 sine
2795 4037 2950 4089 modo
2979 4037 3060 4101 ﬁt,-
3099 4042 3257 4092 etiatu
3292 4058 3342 4093 Ill

1799 4107 2132 4157 datiiiiatio..e
2179 4108 2451 4156 malorum.
2505 4105 2632 4157 Nam
2682 4108 2802 4158 licet
2852 4106 2984 4156 Deus
3027 4115 3344 4162 nouereaitt

1802 4179 2066 4237 tenebras,
2117 4174 2378 4226 ordinavit
2430 4185 2600 4225 tatnen
2650 4189 2761 4228 eas.
2815 4173 2960 4227 Unde
2991 4177 3185 4228 dictum
3214 4190 3338 4232 est:

1799 4241 1977 4294 Divisit
2027 4243 2159 4296 Deus
2203 4246 2361 4294 lucem
2387 4259 2417 4294 ιι
2443 4244 2674 4296 tenebris.
2706 4246 2814 4308 Illa,
2851 4261 3082 4312 mquam,
3115 4262 3236 4314 pars
3261 4259 3346 4302 est

1798 4316 1974 4365 eaucis
2018 4316 2169 4381 ignis,
2216 4331 2316 4381 quo
2343 4329 2564 4379 primum
2595 4316 2936 4368 devastamur
2966 4331 3058 4382 per
3082 4317 3343 4370 incentiva

1799 4386 2088 4435 earualiuui
2118 4383 2683 4448 concupisCeuttaruui,
2711 4397 2838 4435 etex
2859 4384 2946 4434 illo
2969 4401 3085 4452 igne
3104 4389 3343 4452 procedit

1800 4454 2037 4518 sulphur,
2071 4454 2119 4505 id
2166 4462 2246 4504 est
2298 4455 2728 4523 l‘etorrmaloruiu
2783 4469 3023 4519 operum,
3057 4471 3158 4521 quo
3191 4474 3345 4523 sepa-

156 4523 287 4573 ciunt
315 4523 366 4570 in
401 4535 688 4583 pauperem,
721 4520 770 4571 id
803 4531 899 4582 est,
933 4522 1068 4590 sicut
1093 4518 1276 4585 aliquis
1301 4519 1387 4585 qui
1425 4529 1693 4585 postquam
1724 4517 1771 4574 D
1802 4517 1979 4572 rantur
2008 4538 2103 4587 ipsi
2135 4523 2255 4572 boui
2279 4537 2306 4570 a
2336 4522 2484 4572 malis
2520 4537 2530 4570 :
2558 4531 2609 4572 et
2637 4524 2712 4574 sic
2737 4523 2973 4589 sequitur
3002 4517 3347 4590 spi'ritusp'ro-

160 4591 433 4659 pertransit
477 4603 779 4655 pauperem,
832 4589 1000 4656 rejicit
1027 4592 1209 4640 oculos
1242 4590 1290 4659 iu
1320 4605 1460 4659 eum,
1497 4594 1696 4640 videtur

160 4658 353 4713 ιιιονειδι
407 4664 860 4711 ιεοιιιιιιιδυωιιιιιιε
905 4673 1042 4710 eirea
1076 4675 1193 4710 CUI"
1223 4673 1234 4708 Σ
1271 4658 1337 4708 ita
1374 4658 1508 4710 UCUS
1538 4674 1696 4710 IIIIS'J‘

160 4730 394 4783 rtcordia:
443 4742 733 4793 respectum
778 4730 982 4780 exhibet
1029 4731 1164 4780 circa
1208 4741 1487 4798 pauperem
1544 4745 1694 4780 suum

159 4803 484 4859 salvaiidum,
511 4808 563 4849 et
607 4798 706 4848 hoc
750 4800 904 4849 titudo
931 4799 1144 4863 respicit
1173 4797 1222 4849 iu
1252 4813 1552 4863 pauperem,
1576 4802 1694 4862 quia

161 4869 406 4936 palpebra:
449 4872 558 4933 ejus
604 4869 915 4936 interrogant
962 4868 1095 4932 [ilics
1123 4869 1406 4919 hominum.
1436 4869 1576 4919 Licet
1607 4869 1694 4919 lilii

163 4948 358 5004 ιιοδδιιιι
404 4937 504 4987 dici
554 4948 609 4987 et
641 4939 760 4988 boui
790 4949 842 4989 et
867 4943 1008 4998 mali,
1045 4937 1126 4988 hic
1153 4948 1347 5000 tamen,
1382 4947 1512 4988 teste
1545 4942 1696 4989 beato

163 5005 442 5073 Augustino
475 5045 490 5067 ,
539 5015 593 5055 ut
638 5007 700 5055 ad
745 5021 999 5071 pauperes
1051 5012 1323 5067 releratur,
1374 5009 1695 5072 accipiemus

163 5080 287 5128 lilios
332 5076 620 5134 hominum,
655 5078 767 5126 ilos
799 5092 924 5140 quos
954 5088 1104 5128 vetus
1137 5081 1290 5126 homo
1322 5087 1539 5140 parturit
1567 5094 1686 5128 cum

164 5148 347 5212 gemitu
378 5154 430 5194 et
455 5147 633 5195 doloie
661 5146 709 5194 iu
739 5161 927 5196 novmu
959 5147 1240 5205 hominem,
1271 5147 1316 5195 id
1350 5154 1450 5204 cst,
1484 5162 1569 5209 qui
1604 5163 1695 5208 per

169 5216 514 5281 pwiiiteiitiam
569 5214 756 5282 veteris
805 5215 1029 5266 hominis
1060 5226 1180 5266 stitit
1212 5227 1498 5282 rcgeueratt
1529 5231 1575 5264 tti
1602 5232 1695 5266 no-

169 5301 277 5336 vum
303 5282 587 5334 hominem.
611 5281 706 5346 Qui
739 5282 826 5331 lilii
879 5283 1145 5335 hominum
1175 5281 1483 5351 quibusdam
1508 5289 1694 5335 obscu-

169 5358 236 5406 iis
259 5356 381 5404 lueis
410 5353 817 5416 Scripturartiiii,
850 5357 994 5419 quasi
1025 5361 1213 5404 elausis
1237 5357 1399 5406 oculis
1430 5355 1518 5407 Dei
1544 5369 1694 5404 eser-

169 5435 356 5481 t:eutur,
416 5431 468 5472 ut
519 5431 753 5487 quaerant
802 5437 812 5469 :
862 5424 1174 5484 quibusdam
1234 5438 1355 5473 vitro
1401 5425 1693 5475 tnatiilcstis

169 5493 542 5557 Scripturartuu
577 5494 699 5541 locis
725 5491 1081 5541 illuniinautur
1113 5501 1168 5541 ut
1199 5496 1420 5543 Videant.
1448 5493 1569 5544 lliec
1598 5511 1692 5542 au-

171 5571 263 5614 tem
315 5562 499 5612 crebra
551 5560 750 5626 apertio
799 5571 851 5612 et
900 5573 1104 5624 opertto
1162 5562 1209 5610 ιιι
1263 5563 1547 5626 Scripturis
1574 5575 1693 5614 sont

171 5635 305 5699 quasi
340 5631 599 5695 palpebra:
631 5629 738 5690 Dei,
768 5631 1060 5682 claudentis
1077 5639 1128 5680 et
1154 5635 1435 5695 aperientts
1457 5633 1695 5697 Scriptu-

173 5717 268 5765 ras,
307 5710 437 5751 Sicut
489 5700 747 5766 palpebra:
777 5701 1022 5752 claudunt
1049 5707 1101 5752 et
1124 5712 1367 5764 aperiunt
1394 5704 1595 5762 oculos,
1626 5704 1694 5754 de

170 5775 346 5841 quibus
389 5769 673 5837 Scripturis
701 5770 824 5824 alibi
853 5772 1044 5825 dicitur
1074 5786 1088 5824 ;
1123 5768 1196 5820 Ub
1227 5767 1319 5821 hoc
1343 5778 1604 5838 teguntur,
1631 5787 1692 5824 ne

1799 4593 2057 4662 cellarum,
2090 4591 2138 4662 id
2184 4597 2266 4641 est
2305 4591 2475 4656 gravis
2501 4591 2782 4662 absorptio
2840 4604 3097 4656 interitus,
3132 4601 3338 4662 quando

1799 4657 1851 4708 in
1880 4660 2166 4711 uieliabiles
2197 4674 2279 4722 ιω
2304 4675 2376 4710 .as
2401 4663 2448 4711 in
2482 4661 2585 4713 line
2618 4657 2909 4714 tradentur.

1868 4731 2149 4781 beieudum
2179 4731 2318 4796 quod
2367 4732 2894 4800 ouiiiesiuterpretes
2922 4730 3338 4800 Scripturarum,

1798 4797 1916 4850 boui
1972 4800 2082 4851 sive
2132 4801 2274 4859 iiiati,
2305 4801 2490 4860 nubes,
2525 4799 2573 4848 id
2600 4808 2683 4851 est
2711 4810 3064 4869 coiuptutores
3088 4801 3190 4854 dici
3223 4797 3343 4869 ριιδέ

1795 4879 1917 4919 sunt
1947 4884 1960 4919 :
2006 4884 2127 4934 quia
2175 4872 2304 4938 alios
2335 4872 2567 4919 doctrina
2599 4883 2688 4919 sua
2720 4868 2856 4919 bona
2887 4878 2997 4921 aiv‘e
3028 4871 3159 4921 mala
3189 4868 3340 4938 quasi

1796 4944 2120 5001 couiptuuut.
2177 4935 2324 4988 Unde
2356 4946 2510 4987 rectis
2535 4940 2858 5002 praeconibus
2888 4941 3122 4992 veritatis
3150 4935 3342 4994 dicitur

1796 5022 1824 5056 a
1878 5007 2098 5057 Domino
2151 5022 2161 5055 :
2215 5005 2467 5056 Mundabo
2513 5009 2720 5060 nubibus
2772 5009 2890 5058 meis
2940 5023 2991 5060 ut
3035 5027 3134 5061 non
3163 5016 3345 5074 pluunt

1795 5092 1943 5142 super
1991 5078 2297 5126 meretricem
2325 5077 2464 5126 illum
2494 5091 2510 5137 ;
2541 5077 2678 5139 quod
2705 5080 2770 5128 de
2798 5077 2977 5129 iudica
3010 5092 3061 5131 et
3094 5080 3340 5132 Hierusa-

1797 5146 1897 5196 lem
1952 5146 2149 5196 dictum
2195 5159 2272 5197 est
2299 5163 2312 5209 ;
2342 5155 2396 5196 et
2415 5162 2474 5196 ex
2507 5153 2691 5196 eadem
2717 5149 2980 5212 Scriptura
3011 5151 3140 5213 pluit
3168 5151 3344 5202 Domi-

1797 5230 1894 5265 tius
1945 5230 2034 5277 per
2086 5219 2248 5266 bonos
2290 5218 2534 5267 doctores
2581 5219 2866 5267 seiotiuatu
2901 5219 3150 5282 pluviam.
3181 5218 3230 5270 id
3259 5231 3339 5273 est

1797 5287 2177 5350 tciiipestivaui,
2227 5295 2280 5336 et
2337 5287 2500 5351 prolic
2524 5298 2697 5336 eutetu
2744 5290 3217 5353 doctriiiamsUpet‘
3246 5291 3342 5342 bo-

1797 5369 1914 5404 tiaiu
1971 5367 2185 5413 tetram,
2244 5355 2293 5405 id
2348 5365 2428 5405 est
2457 5369 2614 5419 super
2643 5357 2827 5415 bonos,
2860 5367 2912 5405 et
2942 5372 3032 5420 per
3065 5362 3344 5412 liaeiettcos

1798 5426 2032 5474 nocivaui
2062 5429 2316 5488 pluvnatu,
2341 5427 2388 5474 id
2415 5435 2495 5474 est
2513 5426 2840 5488 pestilentem
2863 5425 3157 5478 doctrinam
3183 5444 3344 5493 super

1794 5500 1980 5553 malos,
2027 5507 2160 5544 Sicut
2205 5509 2270 5546 ex
2303 5496 2488 5546 eadem
2521 5495 2690 5556 pltha
2722 5494 2979 5546 materiaii
3003 5510 3055 5546 et
3103 5502 3342 5562 produ.t-

1796 5572 1878 5614 tur
1924 5564 2149 5615 triticum
2202 5565 2266 5614 ad
2325 5565 2694 5629 similagttietu,
2746 5572 2799 5615 et
2825 5564 3004 5617 lolium
3032 5567 3096 5616 ad
3127 5573 3344 5618 combu-

1791 5633 2037 5685 stionem.

1865 5701 2110 5765 Quoniam
2152 5701 2323 5768 justus
2373 5699 2638 5751 Dominus.
2672 5700 2813 5753 Dixit
2839 5705 3104 5769 superius,
3137 5700 3202 5755 Et
3238 5703 3344 5756 Do-

1795 5773 1956 5824 minus
1995 5775 2152 5823 salt'os
2183 5774 2300 5837 facit
2331 5773 2521 5838 justas,
2553 5771 2638 5825 ubi
2667 5772 2757 5838 ait,
2786 5779 2925 5842 quod
2952 5776 3100 5828 sedet
3145 5773 3198 5828 in
3239 5776 3349 5831 illis
