3912 6230
190 368 298 421 553

928 370 990 424 IN
1033 370 1444 427 PSALWHIUM
1487 372 1730 427 LIBRUM
1777 371 2119 427 l-ZXICGESIS.
2160 403 2224 411 —-
2264 370 2500 426 PSALM.
2546 371 2674 427 XIII.

3278 368 3377 428 sit

185 488 300 540 ret,
343 480 421 532 vel
451 478 605 532 etiam
638 477 912 546 Propheta).
945 496 957 531 :
993 480 1223 545 psalmus
1270 482 1386 530 diro
1434 483 1651 533 lcudelts
1681 482 1728 532 in
1766 483 1808 539 Α
1837 481 1974 531 cnim
2006 481 2156 531 bonos
2186 495 2344 532 mores
2400 480 2648 544 colloquia
2696 481 2851 541 mala,
2901 489 2952 533 et
2997 483 3044 533 in
3085 483 3194 536 .ltoc
3224 497 3293 537 est
3325 505 3380 540 σε

190 549 374 616 linem,
410 550 457 600 id
507 559 608 606 est,
663 549 711 597 iii
755 548 1166 607 peil'cctioncm:
1224 552 1340 616 quia
1397 554 1632 601 liortatnr
1680 562 1734 602 et

183 614 401 669 Judteos
438 628 489 667 et
519 625 699 683 gentes
739 617 802 683 ad
837 614 1250 682 perfectionem,
1281 619 1327 668 itl
1362 628 1439 671 cst
1479 619 1540 669 ad
1589 621 1734 670 libri-

183 696 352 736 slum.
399 687 677 738 Sciendum
723 695 896 735 autem
954 686 1088 750 quod
1131 688 1418 738 secundum
1467 687 1602 752 quod
1636 703 1732 740 vox

184 758 380 815 rapitis
407 764 488 806 est
525 756 630 822 agit
662 754 744 805 liic
771 757 939 820 ipsum
972 764 1127 814 caput
1171 758 1233 804 de
1261 757 1389 806 solis
1432 755 1652 815 Iudaeis,
1683 769 1735 810 ct

187 821 294 873 hoc
346 839 437 890 per
468 821 741 886 quamdam
798 824 1194 875 similitudinem
1247 825 1463 889 alicujus
1510 828 1734 890 potentis

184 894 334 950 regis
384 894 458 942 \el
500 895 848 956 imperatoris,
899 894 983 958 q-ii
1016 893 1238 943 collecto
1270 896 1501 944 exercitu
1535 908 1628 944 suo
1667 897 1734 947 ab

178 961 363 1022 aliqua
393 963 493 1010 alta
540 963 667 1012 turri
719 961 798 1011 vel
848 964 1058 1022 specula
1113 962 1416 1025 iustiiceret,
1450 963 1532 1026 qui
1575 978 1631 1015 se
1662 964 1730 1020 ibi

186 1029 415 1080 viriliter
465 1032 719 1090 haberet,
785 1032 900 1092 quis
953 1046 1077 1082 vero
1139 1039 1390 1094 torperet.
1446 1032 1735 1093 Ingreditur

180 1098 338 1156 quasi
368 1099 684 1150 conferendo
718 1100 875 1150 Deam
901 1100 1106 1151 Patrem
1138 1101 1461 1163 imperatori,
1496 1113 1551 1151 se
1580 1103 1732 1165 turri,

178 1166 466 1219 .lndaicnni
499 1184 620 1220 vero
651 1170 897 1233 populum
945 1169 1219 1228 exercitui.
1252 1177 1305 1220 et
1344 1169 1468 1220 dicit
1499 1171 1548 1219 in
1582 1172 1736 1222 tertio

183 1251 346 1288 versu
380 1241 446 1287 ita
479 1253 492 1288 ε
531 1238 772 1288 Dominus
817 1238 964 1289 Pater
1007 1240 1226 1299 respexit
1274 1239 1334 1288 de
1360 1239 1502 1298 caelo,
1536 1238 1583 1289 id
1633 1250 1732 1301 est,

178 1307 250 1354 de
278 1322 364 1356 nte
395 1321 545 1370 quem
579 1308 697 1357 iecit
726 1309 913 1357 cu'lum
956 1322 1129 1363 suum,
1181 1308 1266 1356 ubi
1320 1308 1547 1358 Sed-iret.
1605 1306 1736 1361 Deus

177 1378 321 1424 enim
354 1386 454 1425 crat
485 1377 534 1426 iii
566 1374 764 1427 Christo
793 1377 1120 1425 τεεοπὲίὶσηε
1150 1377 1240 1424 sibi
1273 1377 1540 1439 mundum,
1588 1379 1735 1441 quasi

179 1445 256 1495 de
281 1445 383 1494 alta
414 1445 633 1509 quadam
665 1445 871 1508 siiccula
901 1453 952 1492 et
983 1445 1390 1509 stipi-remittenti
1427 1457 1728 1510 pmSpectu,

179 1513 234 1580 id
271 1527 375 1569 est,
411 1515 780 1565 discretionem
824 1513 1005 1562 habuit
1033 1527 1190 1578 super
1235 1513 1366 1564 ﬁlios
1415 1515 1681 1565 hominum
1715 1556 1729 1580 ,

176 1579 233 1631 id
261 1592 346 1634 cst
372 1596 525 1645 super
553 1583 780 1641 Jodacos,
810 1581 895 1648 qui
933 1584 1138 1632 luerunt
1171 1582 1256 1632 lilii
1291 1597 1532 1634 verorum
1561 1583 1729 1634 homi-

177 1666 337 1707 num,
370 1651 416 1701 i.l
452 1661 547 1705 est.
583 1654 990 1712 patriarcharum
1025 1663 1070 1699 et
1105 1653 1474 1715 praplietarum
1510 1653 1734 1704 carnali-

179 1730 288 1778 ter,
323 1737 420 1768 tititi
446 1721 812 1784 spiritualitcr;
845 1728 897 1770 ct
923 1720 985 1769 ad
1020 1720 1116 1770 hoc
1153 1720 1424 1784 prostiexit
1454 1731 1507 1772 ut
1537 1723 1731 1786 videat,

1836 566 2005 623 eorum
2036 559 2207 623 patens
2235 549 2541 623 sepulcrum,
2569 553 2684 614 quit
2716 563 2924 623 semper
2957 553 3139 623 dolose
3169 557 3379 623 agebant

1836 619 2020 678 linquis
2061 621 2212 670 suis:
2260 617 2307 668 id
2351 626 2450 676 est,
2493 619 2759 670 venenatis
2810 619 3016 684 linguis,
3068 617 3381 681 siiiiulatites

1836 689 2032 738 scilicet
2061 689 2218 738 verba
2248 686 2490 746 docendi,
2518 699 2570 738 et
2600 687 2846 739 bibentes
2875 703 3129 740 venenun
3173 708 3368 748 noceo-

1835 755 1907 816 di,
1938 756 2074 820 quod
2130 757 2249 807 ideo
2288 763 2388 816 est,
2444 757 2561 821 quia
2611 772 2850 807 venenum
2886 759 3137 824 aspidnm,
3195 761 3244 814 id
3296 775 3381 817 est

1841 825 2127 874 mortalem:
2156 824 2526 891 cogitationes,
2558 835 2677 875 sunt
2706 825 2792 876 sub
2835 825 2977 877 labiis
3004 838 3193 891 eorum,
3224 831 3272 883 id
3298 846 3379 888 est

1838 893 1888 943 iii
1923 893 2080 943 corde
2109 907 2312 943 eorum.
2350 891 2439 944 Vel
2491 905 2658 958 potest
2689 894 2882 945 dictum
2915 910 3029 946 esse
3061 901 3155 950 hac
3193 899 3382 953 simili.

1834 962 2031 1017 tudine.
2059 963 2176 1028 quia
2209 963 2345 1012 sicut
2371 963 2508 1026 aspis
2555 977 2707 1013 unam
2753 976 2930 1014 aurem
2975 964 3193 1019 ﬁrmiter
3222 978 3374 1023 terra:

1835 1032 2092 1095 applicat,
2132 1033 2347 1080 alteram
2391 1040 2562 1080 autem
2596 1030 2758 1082 cauda
2792 1031 2979 1085 reﬂexa
3027 1035 3264 1099 obdurat,
3310 1054 3376 1091 ne.

1835 1113 2014 1150 vocem
2048 1100 2297 1160 sapientis
2339 1099 2674 1168 incantatoris
2715 1101 2911 1161 audiat,
2956 1103 3022 1153 ita
3070 1105 3164 1168 ipsi
3206 1107 3374 1160 ,1ηάωί

1837 1182 1991 1239 unam
2017 1167 2362 1239 anremquasi
2393 1169 2618 1239 terrenis
2639 1168 3000 1239 aﬂectionibus
3022 1167 3371 1239 applicabant,

1835 1237 2027 1303 quibus
2083 1237 2299 1287 tirmiter
2353 1235 2696 1298 ittlizurcliattt,
2756 1237 2972 1290 alteram
3021 1235 3146 1292 vero
3197 1235 3380 1298 aurem

1836 1307 1984 1380 quasi
2013 1305 2175 1355 cauda
2203 1305 2394 1380 reﬂexa
2424 1305 2771 1379 obdurabant,
2806 1310 2923 1380 quia
2959 1314 3209 1365 memoria
3243 1329 3374 1380 prat-

1839 1373 2110 1426 teritorum
2152 1375 2405 1425 malorum
2437 1372 2503 1424 ita
2533 1388 2623 1423 eos
2655 1378 2967 1440 exemita-ibat,
2998 1386 3051 1429 ut
3080 1372 3257 1434 voceni
3290 1398 3372 1434 sas

1839 1445 2086 1519 pientiuin
2120 1443 2522 1519 iucantatorum,
2555 1444 2603 1494 id
2649 1452 2728 1519 est
2777 1460 3071 1519 pricconum
3103 1453 3363 1519 veritatis,

1838 1529 1939 1564 non
1971 1515 2229 1571 audirent,
2263 1521 2314 1562 et
2345 1512 2646 1563 vocabimus
2691 1514 2738 1563 in
2788 1514 2881 1566 Izac
2923 1520 3177 1568 sententia
3206 1512 3366 1571 vene:

1839 1597 1958 1632 nunt
1994 1590 2224 1632 terrenas
2255 1580 2555 1632 allectiones
2583 1591 2639 1652 et
2670 1585 2980 1652 memoriam
3014 1597 3364 1652 peccatorum,

1839 1665 1930 1718 per
1959 1665 2073 1715 qua:
2102 1658 2474 1715 comparantur
2496 1650 2782 1713 .‘lSpitlibtlS.

1911 1720 2134 1780 Quorum
2162 1735 2217 1769 os
2249 1718 2612 1769 maledic-tione.
2654 1719 2764 1770 Non
2791 1719 2957 1772 solum
2988 1729 3165 1788 guttur
3192 1736 3372 1780 eorum

177 1804 290 1839 non
327 1790 436 1852 ipse
459 1804 608 1852 quem
651 1790 774 1861 nihil
812 1790 932 1839 latet
958 1805 968 1838 :
1000 1789 1089 1839 sed
1123 1798 1179 1839 ut
1207 1789 1338 1861 alios
1364 1790 1541 1861 videre
1573 1790 1722 1842 lace-
1754 1799 1796 1858 Β
1823 1796 1900 1844 est
1927 1790 2353 1861 sepulcrum,_se_d
2383 1789 2540 1861 etiam
2561 1801 2620 1861 os
2646 1802 2845 1861 eorum,
2874 1790 2920 1861 id
2945 1800 3022 1843 est
3054 1793 3372 1861 Judcorum,

177 1867 286 1917 ret,
320 1873 412 1920 per
441 1872 521 1907 tne
551 1874 667 1907 cum
702 1857 775 1910 eis
806 1869 1191 1919 conversatutn,
1237 1859 1281 1909 si
1333 1867 1412 1910 est
1451 1859 1585 1911 inter
1629 1874 1722 1912 eos

177 1925 485 1992 intelligens
516 1926 554 1978 D
575 1943 675 1976 eum
706 1937 898 1987 tuente,
929 1935 1018 1976 aut
1057 1926 1330 1990 requirens
1357 1941 1474 1979 eum
1514 1928 1564 1979 in
1593 1943 1722 1995 ope-

176 2009 262 2048 re.
297 1995 399 2048 Sed
426 2012 525 2046 non
555 2007 634 2047 est
665 1997 908 2063 inventus
933 1996 981 2045 in
1017 1996 1093 2047 eis
1126 1995 1420 2063 intelligens
1443 2005 1529 2046 aut
1551 1997 1724 2063 requi-

181 2080 340 2126 rens,
385 2081 504 2126 qu.a
538 2065 623 2114 ille
655 2066 874 2130 pupulus
900 2062 1151 2128 insipiens
1183 2062 1312 2116 vere,
1334 2064 1422 2131 qui
1467 2062 1724 2118 medicum

181 2147 294 2183 non
329 2134 590 2199 cognovit,
622 2143 677 2184 et
733 2133 1043 2184 visitationis
1101 2144 1305 2200 tempus
1351 2149 1451 2185 non
1501 2136 1728 2186 advertit

171 2202 342 2261 dixit,
373 2213 420 2250 et
454 2217 544 2261 per
574 2200 814 2253 :iﬂccltttii
863 2219 943 2254 me
975 2203 1377 2264 contemnendo,
1410 2212 1463 2255 et
1491 2204 1541 2255 iri
1570 2205 1728 2256 corde

171 2271 466 2335 Cogitando
497 2288 508 2320 :
545 2271 638 2321 llic
661 2287 762 2322 non
795 2282 872 2324 cst
900 2271 1055 2324 Deus.
1085 2274 1231 2334 Quod
1264 2287 1382 2323 vere
1411 2283 1462 2324 et
1491 2283 1614 2324 tunc
1648 2274 1728 2323 af-

172 2341 543 2400 tirinaverunt,
577 2356 694 2391 cum
719 2343 957 2392 dixerunt
990 2358 999 2389 :
1037 2339 1151 2391 Non
1179 2353 1248 2392 est
1280 2341 1358 2391 Itic
1381 2342 1528 2392 homo
1548 2359 1577 2391 a
1604 2341 1728 2404 Deo,

172 2409 270 2468 qui
315 2410 571 2458 sabbatum
600 2425 696 2458 non
747 2411 993 2468 custodit;
1024 2419 1077 2462 et
1123 2414 1281 2460 item:
1331 2409 1464 2461 Bene
1494 2413 1728 2473 dicimus,

169 2481 298 2542 quia
333 2478 683 2530 Samaritanus
703 2493 754 2528 es
800 2489 871 2536 tu,
925 2488 970 2528 et
1017 2479 1315 2529 datutoniuut
1365 2481 1532 2542 habes,
1579 2490 1629 2531 ct
1680 2483 1731 2533 itt

173 2550 365 2597 multis
397 2547 604 2596 talibus.
643 2547 706 2596 Et
734 2549 798 2598 de
844 2550 938 2597 bac
969 2547 1258 2614 insipientia
1289 2559 1410 2599 sunt
1443 2551 1537 2614 ipsi
1583 2564 1735 2602 accu-

171 2616 398 2676 saliiles,
451 2631 553 2665 non
593 2626 774 2666 auctor
823 2631 1024 2677 eorum,
1060 2619 1178 2682 quia
1207 2633 1323 2668 cum
1367 2630 1549 2670 auctor
1574 2621 1636 2672 ad
1665 2623 1735 2671 si-

174 2686 534 2736 inil.todtueni
563 2700 613 2734 ei
646 2686 923 2754 imaginem
966 2703 1111 2738 suam
1145 2702 1234 2750 per
1276 2689 1529 2741 rationem
1560 2701 1610 2740 et
1652 2691 1734 2740 iii-

173 2756 453 2805 telleclum
500 2769 590 2805 eos
636 2764 888 2818 creasset,
932 2756 1026 2820 ipsi
1078 2757 1305 2822 corrupti
1350 2767 1470 2808 sunt
1519 2773 1546 2808 a
1601 2759 1732 2810 bona

173 2835 391 2881 natura,
424 2838 513 2887 per
541 2837 691 2873 suum
738 2825 914 2876 vitium
958 2823 1289 2877 discedentes
1321 2844 1351 2876 ε·
1372 2836 1424 2878 ει
1453 2827 1569 2878 ideo
1612 2826 1736 2881 facti

169 2904 306 2941 Mttit
335 2893 467 2956 apud
519 2891 678 2942 Deum
709 2893 1109 2954 abominabiles,
1144 2895 1191 2944 id
1231 2904 1330 2953 cst,
1365 2899 1732 2961 contemptibi-

177 2962 264 3012 les
310 2974 361 3011 et
389 2962 805 3013 exlimredabilcs
839 2963 888 3012 in
934 2963 1120 3013 studiis
1159 2966 1288 3022 sui~,
1321 2964 1368 3014 id
1398 2975 1498 3018 εει.
1527 2977 1737 3030 propter

171 3032 489 3098 studiisua,
521 3031 723 3083 scilicet
764 3033 880 3097 qlia
927 3033 1123 3082 irritum
1179 3032 1402 3098 fecerunt
1445 3034 1736 3086 mandatum

173 3097 393 3172 Domini
448 3110 651 3166 prop'er
690 3101 1001 3172 traditiones
1059 3118 1213 3162 suos;
1269 3103 1343 3152 vel
1397 3104 1517 3168 quia
1571 3104 1733 3172 magis

173 3170 436 3221 mundum
486 3183 639 3232 quam
686 3171 867 3230 Deuur,
916 3178 1205 3222 creaturam
1235 3185 1388 3232 quam
1415 3170 1727 3239 CI'B'IIOI'CIII,

172 3239 514 3291 dilexerunt.
561 3240 664 3290 Nec
714 3241 811 3291 hoc
839 3249 919 3292 est
945 3243 1154 3300 mirum,
1187 3242 1303 3305 quia
1331 3255 1434 3293 non
1467 3251 1547 3294 est
1575 3245 1624 3294 iu
1656 3245 1732 3296 eis

172 3311 270 3374 qui
306 3309 465 3359 faciat
486 3306 684 3372 aliquid
718 3310 935 3370 bonum,
966 3311 1100 3375 quod
1132 3309 1198 3360 sit
1239 3311 1302 3361 ad
1333 3311 1552 3362 εηιιιιιιιη
1587 3329 1600 3362 :
1630 3328 1731 3365 non

174 3385 266 3431 est
294 3378 412 3428 dico
438 3417 451 3436 ,
485 3393 637 3444 usque
662 3379 728 3428 ad
758 3394 930 3440 unum,
979 3393 1074 3430 nec
1121 3393 1272 3429 unus.
1320 3379 1467 3444 Quod
1503 3396 1605 3432 non
1655 3382 1733 3434 sic

176 3447 587 3514 intelligendum
634 3455 733 3506 est,
767 3451 888 3510 quin
931 3449 1086 3511 aliqui
1136 3462 1314 3500 essent
1344 3452 1480 3500 inter
1522 3463 1612 3501 eos
1661 3454 1734 3501 ta-

174 3516 388 3567 cientes
417 3515 632 3578 bunum,
665 3516 804 3566 sicut
834 3517 982 3566 mttlti
1007 3517 1244 3579 discipuli
1279 3517 1318 3566 D
1341 3519 1504 3576 imini,
1534 3528 1586 3568 et
1612 3533 1732 3582 pro-

179 3586 364 3650 pheta:
396 3583 577 3635 inulti:
635 3584 725 3634 sed
778 3585 971 3636 dictum
1023 3595 1104 3635 est
1146 3585 1210 3635 ad
1259 3587 1730 3651 comparationem,

177 3655 342 3723 quasi
365 3654 505 3703 dicat
529 3669 539 3702 :
567 3651 666 3703 Tot
692 3664 814 3704 sunt
838 3656 1087 3706 Inoietites
1111 3654 1266 3717 mala,
1290 3655 1424 3720 quod
1445 3655 1544 3707 etsi
1573 3657 1729 3723 aliqUt

175 3730 292 3774 Sint
335 3722 478 3778 boni.
513 3736 609 3773 nec
653 3737 788 3775 unus
809 3724 910 3776 dici
945 3735 1161 3789 possunt
1188 3725 1580 3790 comparatione
1623 3722 1732 3776 ina-

180 3793 382 3843 lorum.
415 3791 540 3844 'I'ale
571 3800 651 3843 est
674 3793 796 3843 illud
840 3794 904 3844 de
931 3793 1189 3859 primitiva
1218 3795 1447 3845 Ecclesia
1475 3811 1485 3843 :
1519 3793 1732 3855 Lmtare,

177 3861 394 3921 smilis,
422 3877 533 3926 qua:
583 3878 680 3912 non
727 3863 880 3923 paris.
913 3873 1016 3915 etc.
1071 3863 1132 3914 Et
1159 3864 1282 3914 item
1317 3863 1438 3914 illud
1470 3881 1479 3914 :
1519 3863 1664 3915 Ulutia
1691 3875 1737 3916 et

182 3930 448 3991 Samaria,
474 3931 787 3998 justiﬁcastis
817 3932 1089 3984 Sodomam
1111 3945 1158 3981 et
1180 3931 1512 3982 COMOl'r/IGJI
1542 3949 1734 3984 sorores

181 4001 343 4057 duas.
371 4010 422 4049 ct
463 4004 624 4050 multa
654 3999 862 4049 similia.
901 4000 1202 4053 \'el.a|iter:
1240 3998 1356 4050 Non
1388 4011 1456 4050 est
1488 4001 1539 4050 in
1562 4003 1631 4051 eis
1658 4007 1737 4068 [a-

180 4070 321 4118 ciens
352 4069 478 4118 bonu
501 4086 529 4116 ii
563 4084 715 4131 usque
743 4069 806 4117 ad
839 4083 1011 4129 unum,
1045 4070 1093 4119 id
1122 4078 1219 4128 est,
1255 4077 1443 4133 printer
1475 4070 1618 4120 illum
1643 4072 1728 4136 qui

183 4143 359 4189 lactus
397 4153 552 4188 unum
588 4152 811 4195 mecum,
864 4137 914 4187 id
967 4147 1066 4202 est,
1096 4141 1247 4204 cujus
1291 4153 1389 4204 ego
1434 4154 1548 4191 sunt
1580 4151 1737 4206 caput

186 4217 246 4258 et
276 4210 389 4258 ipse
415 4212 706 4257 membrum
739 4221 930 4257 meum.

276 4225 288 4258 I
332 4225 389 4258 SC
415 4225 706 4257 ιιιεῐιιυιίιηι
739 4225 930 4257 ΙΙΙΰυΙῐΙ.

263 4225 448 4328 diuites
480 4278 870 4327 declinaverunt.
913 4276 1033 4328 Ideo
1061 4293 1157 4328 non
1206 4288 1278 4330 est
1329 4295 1380 4329 in
1432 4279 1501 4329 eis
1550 4279 1738 4345 faciens

184 4347 396 4408 bonum,
434 4346 549 4411 quia
582 4361 796 4397 omnes:
842 4347 976 4410 quod
1020 4346 1143 4398 item
1195 4359 1406 4413 propter
1447 4349 1733 4400 multitudi-

185 4431 311 4468 item
343 4417 595 4466 malorum
619 4417 813 4466 dictum
841 4427 940 4475 est,
992 4415 1192 4476 Omnes,
1228 4418 1458 4481 inquam.
1509 4418 1738 4468 declina-

183 4495 389 4544 verunt,
425 4486 474 4536 id
505 4497 604 4537 est.
647 4499 674 4534 a
710 4486 926 4536 veritate
951 4485 1288 4536 deviaverunt
1332 4487 1484 4536 simul
1516 4487 1654 4535 docti
1686 4496 1736 4538 cl

188 4555 412 4615 indocti,
446 4553 747 4617 superiores
784 4563 834 4602 et
868 4550 1162 4615 inferiores,
1192 4564 1244 4604 ct
1272 4555 1586 4605 declinando
1618 4557 1738 4606 lacti

186 4633 315 4673 sunt
350 4625 560 4673 inutiles
591 4632 643 4671 et
669 4621 767 4672 sibi
799 4632 850 4672 et
897 4623 1022 4679 Deo,
1058 4637 1159 4672 non
1191 4625 1327 4683 quod
1353 4621 1489 4673 Deus
1514 4626 1740 4688 aliquam

187 4695 470 4742 utilitatem
502 4707 527 4740 a
561 4692 708 4741 nobis
738 4691 834 4740 sibi
863 4699 1092 4753 expetat,
1142 4704 1259 4742 cum
1283 4693 1346 4741 sit
1391 4692 1500 4757 ipse
1550 4695 1741 4744 bonum

185 4774 248 4811 se
283 4775 398 4825 ipso
429 4768 732 4812 contentum
766 4776 776 4808 :
805 4759 894 4810 sed
945 4772 1157 4826 propter
1191 4762 1498 4812 naturaliter
1531 4763 1626 4812 sibi
1664 4766 1740 4812 io-

187 4831 347 4879 sitaui
383 4831 690 4892 bonitatem,
722 4839 952 4880 nostrain
997 4831 1271 4881 Utilitatem
1306 4831 1356 4882 iti
1388 4832 1538 4883 nobis
1563 4833 1741 4899 requi-

187 4910 278 4960 rit,
305 4909 359 4949 et
389 4916 538 4950 suain
572 4914 686 4951 eam
717 4909 948 4963 deputat.

267 4966 386 5019 Non
416 4977 486 5019 est
513 4971 594 5028 qui
628 4971 780 5033 faciat
800 4968 1003 5021 bonum.
1037 4968 1298 5037 Repetitio
1327 4978 1407 5021 est
1429 4979 1484 5021 ut
1506 4970 1747 5022 ostendat

193 5051 289 5106 per
317 5037 454 5101 quod
489 5042 702 5090 inutiles
726 5040 845 5090 laeti
877 5049 998 5090 suit

269 5106 570 5170 Sepulcrum
613 5118 783 5169 patens
813 5121 904 5159 est.
949 5107 1084 5160 Vere
1130 5121 1230 5159 non
1281 5108 1478 5159 faciunt
1531 5108 1743 5170 bonum,

195 5176 316 5241 quia
355 5189 524 5241 potius
570 5179 782 5235 malum,
835 5194 950 5226 naui
998 5189 1170 5246 guttur
1199 5193 1369 5227 eorum
1400 5189 1469 5228 est
1500 5179 1626 5228 sicut
1658 5195 1749 5242 pa-

195 5255 308 5295 tens
340 5247 647 5309 sepulcrum.
698 5247 827 5308 Quia
872 5248 1005 5295 sicut
1054 5247 1351 5310 sepulcrum
1407 5259 1495 5297 aut
1535 5247 1597 5296 ad
1651 5251 1748 5296 lioc

196 5324 346 5378 patet
376 5323 432 5365 ut
460 5313 683 5365 cadaver
727 5316 960 5376 recipiat,
1015 5329 1102 5364 aut
1159 5316 1200 5364 si
1260 5327 1473 5375 ret-epit,
1530 5315 1747 5366 l'etoren

195 5386 412 5447 emittit,
462 5386 528 5435 ita
560 5393 733 5448 guttur
763 5398 942 5432 eorum
973 5394 1050 5432 est
1082 5393 1282 5448 pati-ns,
1328 5384 1405 5433 vel
1452 5391 1514 5434 ad
1547 5399 1748 5434 voraci-

197 5459 385 5512 talem,
417 5461 473 5504 ut
509 5455 590 5504 Vel
643 5453 854 5504 nimiam
901 5459 1072 5519 gulam
1114 5461 1412 5513 exerceant,
1449 5454 1528 5504 vel
1588 5469 1747 5518 quos-

199 5533 409 5587 cunque
451 5532 668 5586 possunt
707 5523 774 5574 de
813 5535 1033 5583 corpore
1073 5519 1272 5570 (λιιι-ἰθύ
1321 5522 1572 5584 avellant,
1604 5534 1655 5572 et
1701 5523 1749 5572 in

200 5603 258 5642 se
289 5604 380 5656 per
406 5588 828 5644 eoufortnitatcm
855 5592 1001 5656 quasi
1033 5588 1312 5640 devoratus
1348 5591 1626 5656 St'pcliulll.
1659 5590 1750 5644 Vel

200 5671 280 5711 est
315 5670 497 5726 patens
547 5663 609 5711 ad
660 5663 1012 5717 dolositateni,
1067 5667 1121 5708 ut
1169 5674 1298 5718 quos
1349 5660 1602 5710 devorare
1658 5677 1751 5711 nc-

204 5739 424 5795 qucunt,
449 5729 632 5781 saltent
662 5732 837 5796 aliquo
862 5734 1014 5780 modo
1037 5740 1390 5794 cu'ruuipaut.
1414 5728 1750 5795 Corrumpunt

479 5823 744 5882 ΡΑτιιοι..
797 5823 1004 5880 XCIII.

1763 3135 1810 3197 C

1827 1861 2035 1930 plcitum
2059 1865 2137 1907 est
2160 1857 2540 1930 uialedictione,
2572 1856 2618 1907 id
2633 1868 2732 1930 est,
2757 1856 3072 1930 blasphemia
3103 1863 3152 1912 iii
3184 1856 3368 1930 Deum,

1829 1924 2067 1978 vocando
2098 1939 2179 1974 me
2207 1925 2601 1984 d.em0ttiactttn,
2628 1924 2788 1977 lilium
2813 1925 2963 1988 fabri,
2992 1924 3369 1987 destructorcm

1826 1996 1976 2064 legis,
2026 2001 2294 2064 etca'tera
2322 1995 2468 2064 talia.
2503 1992 2948 2064 Et_aiiiai'it:idiite,
2977 1998 3024 2047 id
3075 2009 3152 2050 est
3180 2003 3370 2055 amaris

1825 2061 2020 2123 verbis,
2049 2062 2287 2114 dieetites
2320 2063 2483 2113 Pilato
2515 2080 2525 2112 :
2556 2061 2698 2114 Tol'e
2724 2065 2874 2126 lianc,
2902 2077 2944 2116 et
2966 2068 3156 2119 dimitte
3181 2067 3373 2123 Barru-

1830 2133 1962 2194 bant,
1993 2141 2038 2182 et
2069 2131 2304 2203 cruci/iga
2331 2147 2462 2203 eunt,
2492 2140 2542 2203 et
2571 2133 2687 2184 talia
2717 2134 2923 2203 similia.
2964 2136 3050 2187 Vel
3077 2147 3247 2203 potest
3269 2140 3368 2193 dici

1827 2203 1901 2270 sic
1931 2212 1982 2251 et
2013 2201 2285 2270 superius,
2308 2209 2360 2251 et
2407 2200 2455 2250 in
2488 2201 2590 2252 alio
2621 2201 2840 2266 psalmo,
2893 2205 3009 2270 quia
3059 2200 3259 2270 plenum
3304 2219 3372 2261 est

1828 2268 2194 2330 ntaledictioite,
2242 2269 2289 2318 id
2333 2277 2412 2320 est
2461 2270 2828 2332 amaritudine,
2867 2268 2914 2322 id
2959 2268 3066 2332 est,
3093 2277 3371 2330 ideO'lece-

1832 2349 1955 2392 runt
1981 2338 2078 2389 sibi
2125 2352 2362 2388 amarum
2397 2338 2688 2389 Dominum.
2727 2339 2904 2401 Pedes,
2951 2342 2997 2392 id
3032 2353 3110 2394 e~t
3138 2345 3373 2400 alfectio-

1831 2425 1944 2470 nes,
1971 2422 2142 2458 eorum
2169 2416 2283 2458 sunt
2309 2409 2517 2472 veloces,
2546 2423 2644 2458 non
2677 2409 2843 2460 solum
2867 2412 2928 2460 ad
2958 2412 3370 2468 interﬁciendum

1833 2480 2011 2529 verbo.
2047 2475 2196 2548 _Uode
2224 2477 2572 2548 dlCltltlIAcSI}
2608 2475 2798 2546 Lingua
2823 2495 2992 2530 eorum
3033 2481 3232 2548 gladius
3254 2499 3374 2535 acn-

1834 2557 1935 2604 tus.
1968 2545 2057 2598 sed
2090 2545 2267 2614 etiam
2296 2546 2356 2594 ad
2386 2543 2752 2598 elfondenduni
2782 2543 3087 2614 sanguinein
3119 2553 3368 2604 |i0norutn

1832 2615 2024 2681 gladio.
2062 2613 2123 2664 Et
2155 2613 2272 2664 ideo
2298 2623 2379 2665 est
2405 2614 2456 2663 in
2483 2614 2593 2675 viis,
2630 2616 2676 2665 id
2723 2626 2802 2667 Cal
2835 2613 3162 2681 irruperibus
3191 2635 3371 2674 eorum

1835 2684 2112 2736 infelicitas
2140 2683 2192 2732 in
2223 2697 2488 2747 praisentt,
2528 2696 2645 2734 cum
2673 2686 2862 2736 dantur
2891 2689 2938 2738 in
2966 2690 3206 2741 tenebras
3237 2691 3370 2744 inte-

1840 2756 2027 2813 riores,
2058 2758 2112 2802 et
2142 2751 2191 2801 in
2216 2751 2388 2803 l'uturo
2427 2753 2694 2816 contritio,
2730 2767 2846 2806 cum
2890 2756 2939 2807 in
2970 2759 3259 2812 exteriores
3285 2762 3375 2811 da-

1836 2820 2049 2875 buntur.
2079 2819 2207 2872 llittc
2227 2820 2421 2873 dictum
2446 2831 2523 2873 est
2547 2838 2560 2872 :
2587 2821 2684 2886 Qui
2708 2823 2940 2876 ceciderit
2961 2841 3109 2892 super
3134 2830 3371 2893 lapidein,

1837 2893 2180 2957 confringetur
2205 2904 2223 2940 :
2247 2905 2394 2954 super
2422 2906 2562 2953 quem
2595 2906 2706 2942 vero
2731 2893 2960 2945 ceciderit
2991 2894 3138 2959 lapis,
3163 2907 3378 2950 conteret

1836 2975 1968 3012 eum.
1995 2959 2340 3029 Cadetsuper
2366 2959 2607 3029 lapidein,
2631 2962 2715 3026 qui
2741 2966 2788 3012 in
2816 2975 3132 3029 prmceptum
3157 2966 3372 3029 Christi,

1839 3029 1888 3101 id
1918 3037 1998 3101 est
2027 3027 2290 3101 angularis
2322 3028 2522 3093 lapidis,
2556 3029 2792 3101 oll‘eudit,
2822 3027 2877 3082 et
2908 3027 3000 3082 ille
3031 3027 3376 3101 confringitur

1842 3097 1926 3150 hic
1955 3096 2005 3148 in
2035 3097 2305 3162 praesenti,
2330 3111 2445 3148 cum
2477 3098 2706 3150 interiori
2729 3101 2962 3151 edacitate
2999 3096 3290 3155 damnatu'r.
3321 3104 3375 3158 Si

1841 3182 1964 3240 vero
1994 3166 2292 3220 confractus
2343 3181 2444 3240 non
2497 3165 2793 3240 resipuertt,
2845 3170 3053 3240 tandem
3094 3186 3209 3223 cuin
3246 3173 3378 3240 lapis

1836 3238 1987 3289 cadet
2013 3250 2174 3299 super
2203 3249 2342 3306 eum,
2372 3235 2419 3286 id
2445 3238 2598 3287 estin
2622 3236 3110 3306 manilestojudicio
3139 3235 3378 3296 contere-

1839 3316 1924 3358 tur
1975 3308 2201 3376 penitus,
2258 3304 2306 3356 id
2357 3315 2457 3376 est,
2511 3306 2560 3356 in
2590 3315 2814 3376 (claritas
2840 3304 3022 3376 ptunas
3053 3310 3275 3364 dabitur.
3320 3313 3385 3367 Ει

1836 3377 1955 3448 ideo
1985 3375 2086 3428 erit
2111 3373 2188 3448 eis
2214 3375 2479 3448 contritio,
2534 3375 2650 3442 quia
2684 3376 2817 3428 viain
2841 3373 3011 3443 'pacis,
3055 3379 3103 3430 id
3151 3389 3231 3432 est
3276 3397 3381 3448 mc,

1835 3447 1920 3511 qui
1951 3459 2066 3496 sum
2107 3445 2206 3504 via,
2237 3444 2299 3494 ad
2328 3458 2501 3495 veram
2535 3457 2715 3507 pacein
2738 3459 2945 3510 semper
2974 3456 3180 3498 euntem
3215 3450 3264 3500 in
3299 3444 3377 3501 id;

1836 3516 2030 3578 ipsum,
2057 3521 2112 3563 et
2153 3518 2272 3580 quia
2305 3513 2440 3562 volui
2479 3527 2596 3564 esse
2626 3526 2742 3564 vera
2777 3527 2872 3578 pax
2902 3529 3102 3580 comm,
3135 3519 3268 3569 unde
3297 3520 3374 3571 σε.

1833 3592 1979 3652 ctum
2007 3591 2088 3632 est
2112 3599 2122 3630 :
2160 3579 2277 3645 Ipse
2298 3589 2366 3630 est
2391 3596 2490 3643 pax
2511 3592 2702 3635 nostra.
2722 3585 2803 3647 qui
2828 3584 2942 3650 fecit
2967 3596 3174 3652 utraque
3196 3603 3345 3638 unum
3363 3604 3381 3640 :

1836 3666 1938 3714 me,
1972 3651 2204 3715 inquam,
2233 3663 2331 3699 non
2363 3662 2714 3717 coynoverunt,
2755 3653 2802 3703 id
2834 3663 2913 3704 est
2957 3669 3058 3704 non
3094 3651 3232 3707 sicut
3264 3671 3377 3709 me-

1835 3720 2007 3791 dicunt
2037 3718 2132 3769 sibi
2163 3724 2514 3791 necessarium
2563 3719 2969 3782 lionoraVerunt,
2999 3725 3088 3775 sed
3135 3734 3378 3791 tanquam

1838 3789 2081 3840 inutilem
2112 3795 2167 3840 et
2213 3787 2457 3838 nocivum
2505 3800 2977 3854 contempsi-runt:
3027 3803 3078 3843 ct
3122 3787 3383 3846 lioc'ideu

1835 3860 1953 3926 quia
1976 3859 2126 3908 timor
2162 3855 2251 3929 Dei
2279 3872 2375 3929 non
2403 3866 2476 3906 est
2519 3868 2636 3929 ante
2667 3857 2835 3910 oculos
2881 3859 3018 3927 ejus,
3049 3860 3100 3914 id
3129 3873 3230 3926 est,
3261 3863 3381 3929 quia

1838 3923 1940 3998 non
1996 3929 2177 3998 timent
2218 3923 2496 3998 judicium_
2531 3925 2643 3989 Dei,
2699 3942 2870 3993 neque
2910 3923 3164 3998 prtesens,
3211 3923 3380 3998 neque

1838 3997 2089 4047 futurum.
2115 3993 2172 4044 In
2201 4007 2300 4059 quo
2330 3993 2680 4055 decipiuntur,
2714 3999 2834 4060 quia
2861 3993 3017 4048 etiam
3048 3993 3382 4054 manifestum

1832 4064 2086 4132 judicium
2119 4063 2325 4112 tandem
2349 4063 2705 4125 experientur.
2729 4064 2875 4127 Quod
2907 4067 2984 4118 sic
3010 4067 3164 4119 dicit:
3197 4068 3379 4122 Nonne

1839 4138 2046 4184 tandem
2071 4145 2189 4202 vere
2215 4139 2532 4202 cognoscent
2558 4132 2741 4194 Deum,
2764 4147 2845 4184 est
2867 4135 3175 4202 timendum,
3199 4153 3384 4191 omnes

1839 4203 1936 4264 illi,
1969 4202 2016 4252 id
2046 4211 2124 4252 est
2152 4199 2340 4272 Judaei,
2386 4202 2471 4265 qui
2517 4213 2800 4272 operantur
2846 4218 2981 4256 nunc
3031 4199 3380 4272 iniquitatem,

1838 4271 2132 4338 cmpliatice
2159 4269 2502 4336 iniquitatem,
2531 4270 2622 4339 sed
2651 4286 2735 4337 qui
2769 4272 3027 4324 medicum
3051 4269 3155 4325 non
3186 4289 3381 4339 εοειιο-

1840 4336 2044 4402 verunt,
2090 4340 2180 4392 sed
2222 4343 2394 4404 potius
2450 4336 2859 4392 interfecerunt:
2892 4341 2979 4407 qui
3023 4336 3282 4396 Incredeirt
3313 4345 3380 4396 de

1842 4417 1988 4464 vinea
2031 4411 2316 4476 ejceerunt,
2346 4417 2399 4459 et
2424 4409 2508 4472 qui
2541 4412 2710 4458 servis
2746 4410 2933 4461 occisis
2958 4409 3142 4462 saltem
3187 4413 3381 4465 nullam

1846 4483 1949 4530 lilio
1979 4479 2321 4532 reverentiam
2349 4476 2699 4531 exliitiucrunt
2730 4493 2742 4526 :
2793 4490 2845 4529 et
2872 4480 2958 4545 qui
2989 4481 3144 4532 etiam
3190 4482 3380 4546 plebem

1845 4565 2026 4608 meam,
2066 4549 2114 4598 id
2135 4556 2216 4598 est
2247 4557 2454 4596 sanctos
2480 4554 2532 4597 et
2554 4549 2821 4611 apostolos
2853 4562 3019 4612 meos,
3053 4551 3308 4611 devorant,
3335 4554 3384 4602 id

1843 4630 1922 4668 est
1954 4617 2186 4668 ttilUtttul‘
2215 4617 2487 4675 devorare,
2537 4625 2591 4666 et
2631 4616 2729 4667 Slbl
2759 4616 3051 4671 reformare
3088 4637 3098 4670 :
3145 4620 3385 4671 devorant

1843 4689 1981 4747 (ἰῆς-υ,
2028 4695 2155 4736 sicut
2198 4700 2358 4735 escam
2409 4687 2570 4748 panis,
2619 4686 2668 4736 id
2702 4688 2896 4748 est,ita
2931 4697 2985 4738 ut
3031 4690 3240 4740 assidue
3287 4689 3386 4742 hoc

1847 4762 2059 4817 lactant,
2085 4769 2134 4807 et
2173 4758 2220 4806 in
2256 4757 2351 4805 lioc
2394 4755 2738 4816 delectantur,
2772 4764 2907 4806 sicut
2951 4759 3097 4821 panis
3139 4759 3384 4810 assiduus

1843 4828 2240 4879 cibusbominis
2293 4834 2392 4887 εει,
2425 4838 2526 4888 quo
2564 4823 2758 4890 jngitcr
2799 4823 3108 4877 delectatur.
3159 4826 3385 4880 Possunt

1845 4899 2004 4948 etiam
2039 4899 2382 4946 devoratores
2413 4891 2575 4958 plebis
2611 4891 2812 4964 Domini
2846 4891 3039 4964 largius
3079 4897 3266 4960 accipi,
3293 4899 3384 4964 qui

1848 4968 1897 5017 in
1945 4966 2070 5018 solis
2111 4963 2329 5025 Judaiis,
2373 4975 2554 5012 omnes
2593 4963 2792 5012 scilicet
2821 4961 2910 5026 qui
2943 4975 3153 5015 sanctos
3185 4963 3276 5017 Dei
3311 4961 3386 5017 'de

1848 5050 2155 5101 quacunque
2175 5044 2327 5099 gente
2351 5034 2477 5095 sint,
2502 5030 2824 5101 devocando,
2859 5039 2910 5081 et
2939 5033 3035 5084 sibi
3053 5031 3382 5084 conformare

1850 5099 2084 5164 nitendo,
2116 5106 2263 5166 quasi
2295 5103 2570 5166 devorant,
2604 5099 2748 5151 Unde
2791 5100 2987 5152 dictum
3029 5112 3109 5153 est
3139 5101 3291 5152 Petro
3320 5103 3388 5154 de

1851 5173 2037 5223 malis:
2075 5169 2245 5220 Macta
2299 5179 2343 5219 et
2393 5170 2658 5219 manduca.
2711 5171 2955 5222 Dicuntur
3009 5174 3164 5221 etiam
3220 5170 3388 5234 plebis

1850 5241 2187 5291 devoralores
2222 5248 2381 5299 recte,
2406 5238 2702 5306 quicunque
2733 5239 2929 5302 praelati
2959 5238 3124 5290 ollicia
3154 5251 3247 5289 sua
3275 5253 3381 5290 non

1851 5312 1913 5360 ad
1953 5309 2173 5359 salutem
2223 5307 2572 5367 subditorum,
2620 5308 2710 5360 sed
2757 5308 2820 5359 ad
2873 5315 3133 5358 terrenum
3186 5309 3384 5360 lucrum

1852 5385 2121 5434 exercent,
2155 5377 2219 5426 de
2248 5377 2436 5441 quibus
2464 5377 2655 5428 dictum
2678 5387 2791 5428 est:
2823 5375 3053 5430 Colantes
3079 5377 3306 5440 culicem,
3337 5389 3386 5429 et

1851 5444 2161 5515 absorbenles
2187 5446 2461 5504 camelinn;
2503 5447 2620 5510 quia
2652 5446 2842 5496 leviora
2874 5450 3030 5513 etiam
3063 5456 3271 5515 peccata
3298 5445 3382 5496 ubi

1855 5514 1980 5567 titlid
2015 5520 2231 5583 possunt
2273 5522 2586 5583 extorquere
2634 5515 2872 5580 pttniunt,
2903 5515 3184 5583 majoribus
3215 5524 3384 5566 autem

1853 5595 1905 5638 et
1937 5586 1982 5634 in
2005 5581 2191 5644 seipsis
2218 5589 2270 5632 et
2296 5582 2346 5630 in
2377 5579 2490 5631 aliis
2520 5584 2684 5643 pretio
2708 5584 2900 5637 inducti
2925 5579 3275 5637 consentiunt.

1927 5653 2195 5703 Dominum
2223 5664 2318 5698 non
2345 5650 2712 5720 invocaverunt.
2758 5656 2874 5705 Ideo
2902 5661 3171 5719 aperaiitur
3203 5653 3391 5720 iniqui-

1856 5735 2020 5784 tatrm,
2057 5729 2100 5772 et
2128 5719 2361 5769 devorant
2385 5716 2572 5782 plebem
2606 5737 2783 5787 meam,
2817 5716 2943 5788 quit
2967 5723 3239 5776 Dominum
3285 5716 3388 5776 non

2897 5816 2968 5872 18
