3912 6230
525 312 625 361 53$

975 310 1169 362 ΠΙέΙιίΕ
1213 310 1650 366 VliNEllABlLlS
1686 312 1836 365 OI’P.
1878 311 2049 365 PARS
2088 311 2148 362 ll.
2182 309 2368 363 SECT.
2410 310 2469 364 ll.
2510 339 2573 351 —
2608 309 2803 364 DUIiIA
2850 308 2931 364 ET
2969 310 3234 366 SPURIA.

3606 314 3704 367 556

526 429 910 477 invocaverunt.
940 422 1086 486 Quod
1120 423 1217 473 tale
1245 432 1321 475 est
1348 440 1362 477 :
1389 422 1507 477 Ideo
1535 427 1638 477 dati
1662 435 1771 478 sunt
1795 426 1845 477 in
1880 441 2047 487 repro-
2082 430 2125 485 Α
2157 423 2219 475 Et
2247 424 2375 475 viam
2401 425 2536 490 pacis
2563 440 2658 475 non
2686 434 3035 491 cognoverunt,
3067 423 3117 477 in
3149 424 3297 478 tertia
3333 432 3543 475 tantum
3590 440 3701 491 per-

524 496 638 545 bum
669 508 879 550 sensum,
923 502 977 543 ut
1032 493 1215 557 {ariant
1256 508 1367 559 quis
1412 509 1508 544 non
1556 496 1885 555 conveniunt;
1932 496 2050 561 quia

526 563 682 615 Deum
704 561 878 611 habere
896 562 946 610 in
968 562 1141 611 notitia
1162 576 1259 611 non
1277 561 1622 627 probaverunt.
1646 563 1734 614 Ille
1760 561 1923 615 Deum
1948 577 2049 614 nou

527 633 731 683 invocat
753 630 837 693 qni
865 628 1002 680 aliud
1028 630 1125 681 sibi
1156 644 1259 695 prae
1289 644 1365 685 se,
1392 630 1478 695 qui
1513 632 1679 693 ipsum
1714 631 1875 685 Deum
1908 630 2049 694 facit,

521 698 658 767 quod
682 697 843 767 Judaei
893 698 1144 767 fecerunt,
1176 700 1278 767 iqui
1313 700 1535 749 terrenis
1568 710 1766 751 tantum
1822 700 2046 751 inluere-

526 766 666 820 ba‘nt.
696 766 840 831 Quod
866 769 941 820 sic
979 766 1138 817 dicit:
1172 766 1558 829 Trepidaverunt
1600 768 1697 831 ipsi
1726 769 1891 822 Judaei
1923 770 2047 829 illic,

524 837 571 887 id
600 846 677 888 est
703 837 752 887 in
775 836 1053 888 amissione
1083 835 1271 886 terreni
1302 838 1465 895 regni.
1500 836 1583 888 tibi
1616 838 1798 889 timere
1830 852 1932 889 non
1958 837 2051 889 fuit

524 920 673 966 opus,
717 906 763 956 id
795 914 874 955 est
914 905 1064 956 utile.
1098 903 1222 967 Quia
1264 906 1473 957 caeleste
1500 920 1713 972 regnum
1744 906 2049 969 amiserunt,

524 975 644 1025 dum
678 975 864 1026 timent
890 972 1129 1023 amittere
1157 980 1445 1025 terrenum.

599 1064 845 1127 Quoniam
886 1059 1144 1111 Dominus.
1186 1060 1424 1113 Ostendit
1456 1074 1548 1127 per
1574 1062 1709 1126 quod
1738 1061 1903 1115 Judmi
1935 1072 2051 1114 tan-

524 1134 642 1185 dem
684 1138 998 1198 cognoscunt
1030 1128 1301 1181 Dominum
1350 1145 1468 1182 esse
1508 1128 1758 1195 judicem,
1809 1132 1889 1183 vel
1936 1145 2054 1184 esse

527 1197 830 1260 timendum,
858 1214 947 1262 per
972 1197 1069 1249 hoc
1098 1200 1294 1249 scilicet
1339 1199 1458 1264 quia
1493 1198 1734 1251 Dominus
1776 1201 1862 1263 qui
1896 1199 2051 1251 modo
2079 1235 2085 1241 .

526 1276 579 1325 in
608 1270 919 1336 generatione
942 1268 1079 1334 jusla
1110 1276 1199 1325 est,
1236 1267 1285 1317 id
1328 1276 1407 1336 est
1438 1267 1483 1318 in
1512 1266 1589 1319 his
1620 1270 1704 1333 qui
1745 1283 1839 1333 per
1883 1268 2051 1333 ipsum

525 1335 649 1407 justi
680 1337 902 1405 generati
932 1343 1052 1407 sunt
1078 1347 1156 1387 est
1200 1335 1544 1407 inliabitator,
1586 1338 1679 1407 erit
1711 1337 1759 1388 in
1793 1338 1898 1402 ipsa
1932 1346 2053 1389 tunc

529 1402 902 1463 remunerator.
939 1406 998 1455 Et
1025 1406 1277 1457 Convertit
1306 1420 1361 1453 se
1392 1404 1453 1455 ad
1486 1406 1621 1467 ipsos
1650 1402 1879 1467 Judmos,
1903 1406 2049 1471 quasi

528 1482 663 1533 dicat
696 1497 706 1528 :
748 1474 802 1528 l’n
833 1476 980 1526 vobis
1003 1484 1172 1525 autem
1205 1472 1396 1525 ludatis
1427 1488 1525 1524 non
1551 1474 1667 1530 erit.
1699 1476 1937 1540 quoniam
1963 1489 2053 1526 vos

530 1546 860 1607 confudistis,
905 1543 955 1594 id
1005 1553 1105 1605 est,
1154 1552 1399 1606 quantum
1445 1544 1705 1595 Volunlale
1750 1554 1802 1595 et
1850 1544 2053 1596 actione

529 1614 1091 1678 potuistis,.roninsum
1144 1610 1338 1663 fecistis
1366 1612 1639 1663 consilium
1672 1613 1860 1675 inopis,
1892 1611 1940 1664 id
1971 1621 2052 1664 est

530 1687 776 1739 humilem
817 1683 1090 1736 adventum
1118 1679 1250 1744 ejus,
1279 1679 1362 1745 qui
1388 1695 1498 1730 cum
1524 1689 1645 1731 esset
1670 1681 1823 1738 dives.
1852 1697 1941 1745 pro
1960 1697 2049 1732 vo-

530 1738 601 1809 bis
634 1758 789 1824 {actus
816 1762 883 1805 est
912 1765 1121 1824 pauper.
1147 1738 1308 1824 'ngod
1348 1749 1461 1824 sine
1487 1764 1643 1824 causa
1674 1738 1889 1809 fecistis.
1928 1751 2046 1824 quia
2077 1738 2123 1795 Β

536 1815 652 1877 ideo
692 1832 886 1874 tantum
912 1815 1145 1887 quoniam
1172 1818 1312 1869 solus
1356 1815 1592 1887 Dominus
1627 1826 1737 1871 erat
1779 1834 1889 1887 spes
1918 1822 2049 1887 ejus.

536 1896 584 1945 id
611 1904 710 1957 est,
748 1893 862 1953 quia
896 1885 1018 1942 nihil
1050 1890 1098 1940 in
1124 1904 1186 1940 eo
1231 1885 1494 1957 saecularis
1524 1902 1725 1957 pompa:
1752 1885 1971 1957 vidistis,
2001 1896 2052 1941 et

536 1964 652 2017 ideo
675 1954 960 2016 contrarius
990 1954 1439 2027 operibusvestris
1470 1954 1583 2027 fuit.
1595 1954 1832 2027 rllumilis
1860 1957 2052 2010 adven—

535 2042 616 2085 tus
639 2031 827 2086 Christi
875 2026 1059 2081 merito
1106 2026 1399 2093 appellatur
1444 2026 1738 2086 consilium,
1768 2026 1883 2091 quia
1930 2028 2051 2078 dum

532 2100 703 2155 omnia
734 2106 967 2153 tenerent
998 2096 1232 2148 mediuur
1246 2096 1532 2155 silentium,
1556 2094 1664 2159 ipse
1693 2094 1837 2146 solus
1861 2096 2054 2149 munde

532 2170 768 2231 pereunti
797 2166 1079 2221 remedium
1104 2166 1341 2225 contulit,
1368 2173 1418 2216 ct
1437 2163 1805 2229 completivum
1834 2177 2055 2217 summm

537 2230 862 2294 beatitudinis
911 2235 1023 2296 fuit,
1064 2235 1259 2286 scilicet
1288 2232 1641 2299 dispositionis
1690 2230 1933 2298 antiquae.
1968 2248 2053 2287 re-

531 2309 815 2370 parationis
853 2320 1019 2370 novw,
1045 2303 1306 2355 fclicitatis
1348 2311 1578 2356 aeternis.
1606 2300 1752 2365 Quod
1778 2302 2053 2370 consilium

530 2369 693 2430 Jndzci
724 2378 766 2431 si
794 2391 893 2429 non
923 2369 1009 2438 re,
1030 2383 1198 2423 tamen
1231 2382 1350 2423 voto
1376 2382 1426 2423 et
1458 2370 1778 2435 reputatione
1802 2369 2056 2425 c0nfnde.

530 2456 669 2507 runt,
693 2461 810 2500 cum
841 2458 930 2510 per
954 2452 1171 2493 mortem
1197 2454 1383 2492 nomen
1407 2440 1515 2506 ejus
1542 2440 1607 2491 de
1636 2446 1770 2491 terra
1793 2452 1849 2491 se
1876 2440 2053 2493 abstu-

530 2514 655 2570 lisse
704 2520 1030 2583 putaverunt.

618 2604 741 2666 Outs
769 2600 903 2653 dabit
947 2615 1005 2651 ea:
1050 2597 1193 2668 Sion.
1251 2598 1564 2653 Confudistis
1617 2600 1846 2668 quidem,
1901 2618 2058 2657 o-vos

541 2674 729 2735 Judaei,
760 2668 1025 2723 consilium
1052 2667 1234 2731 inopis,
1269 2670 1357 2722 sed
1389 2685 1488 2722 non
1513 2670 1788 2732 deberetis,
1814 2674 2056 2737 quoniam

542 2744 625 2797 llic.
658 2750 736 2794 est
772 2740 855 2790 ille
894 2737 958 2789 de
1001 2752 1101 2800 quo
1130 2752 1249 2789 vere
1295 2741 1563 2803 prmdixit:
1602 2738 1774 2791 Veniet
1820 2757 1879 2791 ex
1909 2741 2055 2804 Sion,

538 2814 622 2877 qui
650 2817 831 2863 avertat
857 2808 1183 2877 captivitatem
1210 2822 1269 2858 ex
1306 2806 1483 2877 Iacob,
1515 2823 1629 2858 cum
1650 2808 1786 2877 alter
1814 2823 1929 2861 esse
1957 2824 2060 2863 non

542 2882 719 2948 possit.
755 2878 879 2930 Nam
910 2876 1022 2948 quis
1052 2876 1180 2926 alter
1208 2876 1370 2948 veniet
1389 2892 1447 2928 ex
1474 2876 1814 2948 Sion._id_est,
1841 2893 2059 2932 nascens

534 2944 598 3003 (te
628 2948 840 3005 Judmis,
870 2947 953 3011 qui
1005 2954 1211 3008 propter
1250 2945 1440 2996 cultum
1470 2947 1574 2996 veri
1614 2944 1800 3004 Judaei.
1843 2956 1896 2999 et
1937 2962 2058 3011 pro-

542 3034 653 3084 pn-r
684 3020 823 3084 plura
863 3014 1165 3066 excellentia
1213 3014 1459 3084 beneflcio
1494 3014 1582 3084 Dei
1621 3024 1672 3065 et
1701 3015 1824 3084 legis
1851 3024 1903 3067 et
1942 3031 2062 3082 pro-

542 3082 807 3156 phetarum
840 3084 934 3156 sibi
958 3096 1201 3156 concessa
1226 3082 1344 3156 digii
1374 3091 1497 3135 sunt
1523 3082 1666 3156 Sion,
1699 3083 1745 3133 id
1770 3092 1851 3136 est
1870 3100 2059 3156 specu-

540 3150 751 3216 latores,
806 3163 856 3204 et
895 3150 1145 3219 Israel,id
1177 3161 1265 3219 est
1285 3150 1446 3202 Deum
1492 3152 1763 3219 videntes:
1796 3155 1931 3219 quis,
1978 3155 2058 3207 in.

538 3240 714 3293 quam,
742 3220 954 3274 veniens
983 3234 1045 3271 ex
1075 3218 1199 3293 Sion
1242 3218 1383 3270 dabit
1408 3218 1854 3293 salutare_ls_rael,
1900 3222 2059 3293 idest

540 3287 872 3347 έθῘνπίίοηοηι
918 3301 944 3337 ³
993 3287 1240 3353 Propheta
1287 3287 1590 3350 Pri-missam
1641 3288 1854 3348 Jtidzcis,
1887 3290 1927 3341 si
1963 3292 2059 3345 iste

538 3379 639 3415 non
670 3357 851 3414 dabit?
877 3357 1028 3409 Certe
1051 3356 1242 3407 nullus.
1270 3354 1395 3407 llinc
1418 3358 1624 3420 quidam
1653 3357 1778 3409 dicit
1809 3359 1855 3408 in
1883 3358 2052 3411 Evan-

535 3431 704 3500 gelio;
736 3425 952 3500 _Aut_d_uo
971 3434 1107 3500 sunt,
1146 3432 1235 3500 aut
1264 3424 1340 3500 llic
1379 3434 1471 3500 est.
1506 3425 1632 3500 illnc
1678 3428 1831 3500 etiam
1858 3427 2055 3500 dictum

537 3492 617 3554 cst
641 3498 701 3551 ad
735 3494 930 3548 David:
968 3493 1109 3546 Unus
1135 3494 1196 3543 de
1220 3492 1354 3543 mille
1395 3495 1457 3544 sit
1501 3493 1586 3544 tibi
1614 3494 1945 3546 consiliarius.
1998 3497 2058 3547 Et

540 3584 659 3619 vere
686 3568 785 3619 iste
813 3563 953 3614 dabit
981 3562 1224 3613 salutare.
1264 3561 1389 3614 Nam
1422 3570 1542 3613 tunc
1569 3561 1730 3621 dabit,
1760 3577 1875 3615 cum
1906 3564 2055 3617 tradi-

541 3636 672 3688 derit
705 3644 918 3699 regnum
966 3631 1071 3699 Deo
1116 3640 1165 3680 et
1206 3630 1361 3690 Patri,
1411 3632 1609 3699 scilicet
1661 3644 1776 3682 cum
1812 3632 2057 3686 Dominus

542 3705 714 3767 Pater,
743 3698 980 3770 quiajam
1009 3698 1058 3747 in
1088 3711 1178 3763 spe
1208 3698 1412 3757 avertit,
1443 3698 1669 3770 perfecte
1694 3702 1867 3751 avertit
1897 3704 2055 3770 capti-

538 3774 733 3824 t'ilatem
765 3784 793 3817 a
825 3766 961 3831 plebe
998 3780 1108 3827 sua,
1140 3780 1235 3830 qua
1288 3780 1375 3829 per
1408 3767 1624 3830 primum
1678 3766 2059 3831 parentem'in-

540 3840 724 3897 currit,
754 3836 849 3887 hoc
872 3834 1089 3884 mortale
1112 3834 1329 3886 inducns
1350 3835 1807 3889 immortalitatem.
1840 3835 1903 3887 Et
1940 3850 2059 3891 tunc

542 3902 1043 3974 perfectegexsultabit
1072 3901 1256 3974 Jacob,
1287 3902 1336 3974 id
1368 3906 1640 3974 estiomnis
1681 3906 1955 3971 proliciens
1987 3908 2051 3959 ad

542 3970 680 4028 illam
715 3972 1069 4041 salvationem,
1094 3970 1177 4038 qui
1210 3970 1293 4022 hic
1316 3971 1410 4024 fuit
1442 3973 1620 4035 Jacob,
1654 3974 1701 4025 id
1724 3984 1802 4026 est
1823 3976 2059 4041 supplan-

546 4054 678 4095 tator
706 4040 1032 4094 invisibilinm
1078 4042 1519 4105 supplantatorum
1551 4057 1779 4095 suorum.
1830 4040 1899 4093 Et
1928 4045 2059 4096 la'ta-

542 4113 669 4163 bitur
702 4108 881 4171 Israel,
932 4107 1002 4176 id,
1029 4120 1105 4159 est
1142 4109 1321 4171 omnis
1348 4112 1652 4176 pcrveniens
1681 4111 1742 4161 ad
1774 4110 1941 4176 illam;
2004 4124 2058 4166 et

545 4180 621 4232 sic
660 4180 820 4230 iactus
860 4186 939 4229 est
988 4175 1166 4241 Israel,
1216 4178 1264 4228 id
1302 4175 1378 4229 est
1409 4179 1486 4231 vir
1514 4193 1633 4229 vere
1660 4177 1841 4230 videns
1872 4179 2049 4233 Deum.

546 4249 641 4301 Per
679 4245 836 4299 Jacob
855 4245 971 4296 ideo
1003 4244 1299 4311 intelligitur
1326 4247 1678 4311 proﬁciscens,
1709 4254 1761 4298 et
1783 4260 1873 4311 per
1893 4247 2053 4300 Israel

547 4314 868 4383 perveniens,
901 4316 1027 4383 qula
1056 4310 1213 4383 Iacob
1234 4310 1365 4383 cum
1394 4321 1741 4368 reverteretur
1770 4316 1819 4367 in
1862 4324 2053 4369 terram

2151 506 2278 544 sona
2308 491 2525 545 dicetur.

2224 561 2405 612 Nonne
2432 557 2585 611 scient
2623 576 2809 613 omnes.
2854 562 2945 615 llic
2984 576 3190 630 quoque
3217 560 3587 614 communiter
3624 574 3704 614 ac-

2152 629 2402 692 cipiemus
2423 639 2474 683 et
2500 630 2705 699 .ludteos
2726 639 2779 683 et
2798 629 3012 699 gentes,
3036 631 3324 685 referemus
3352 630 3572 695 operari
3608 631 3702 681 ini-

2151 700 2401 763 quitatem
2449 698 2513 751 ad
2556 698 2972 762 Judacos,’sic-ut
3022 702 3207 765 prius:
3258 700 3526 753 devorant
3586 713 3704 749 vero

2155 769 2380 831 plebem,
2434 768 2496 829 ad
2543 776 2725 833 gentes
2771 777 2978 833 propter
3024 768 3419 827 excellentiam;
3479 777 3537 819 et
3587 767 3704 819 dicit

2151 834 2405 900 Propheta
2436 835 2487 887 in
2520 836 2616 888 hac
2644 836 2896 888 sententia
2928 838 3115 902 plebem
3144 852 3322 896 meam,
3354 836 3405 888 id
3433 845 3523 888 est
3550 836 3698 901 cujus

2153 919 2272 970 pars
2310 918 2410 969 ego
2439 918 2572 967 sum,
2606 904 2741 955 sicut
2782 906 3009 958 solemus
3054 906 3228 958 dicere
3270 907 3337 957 de
3390 907 3592 969 populo
3634 907 3704 958 vel

2150 984 2302 1039 gente
2333 974 2509 1036 patria:
2539 987 2645 1042 sure
2690 973 2927 1040 quisque,
2983 972 3210 1039 Populus
3248 987 3398 1025 meus
3447 976 3536 1026 vel
3585 988 3705 1042 gens

2152 1057 2265 1111 mea
2294 1060 2304 1091 :
2338 1042 2387 1111 id
2419 1049 2519 1103 est,
2544 1040 2691 1111 cujus
2725 1055 2840 1105 pars
2877 1057 2974 1111 ego
3002 1058 3138 1095 sum.

2220 1108 2490 1161 Dominum
2519 1125 2618 1161 non
2645 1108 3007 1163 invocaverunt.
3032 1110 3160 1163 Illud
3196 1124 3404 1175 quoque
3431 1110 3499 1162 ad
3532 1117 3700 1163 utros-

2150 1177 2580 1246 queireferemus,
2608 1180 2983 1246 etaccipiemus
3009 1179 3411 1245 trepidationem
3443 1193 3700 1246 quantum

2150 1246 2212 1297 ad
2244 1245 2471 1328 J_nd:eos,
2500 1247 2570 1325 'de
2603 1248 2714 1328 loc_o
2738 1245 2797 1326 et
2818 1259 3006 1313 gente;
3038 1258 3287 1328 quantum
3327 1245 3471 1328 vero
3491 1247 3701 1328 adgen-

2152 1323 2227 1366 tes
2246 1316 2309 1366 de
2336 1314 2616 1367 amissione
2635 1317 2851 1381 alicujus
2879 1314 3069 1371 terreni
3098 1316 3388 1369 commodi.
3423 1316 3700 1368 Consilium

2151 1384 2313 1448 inopis
2344 1384 2664 1451 confudistis,
2715 1386 3004 1449 poterimus
3048 1386 3204 1437 etiam
3238 1386 3442 1438 referre
3470 1385 3539 1435 ad
3588 1400 3700 1451 gen.

2151 1461 2248 1504 tes.
2281 1453 2475 1519 Quasi
2510 1467 2611 1504 non
2645 1453 2693 1503 in
2727 1454 2915 1519 capite,
2946 1456 2995 1505 in
3036 1456 3284 1506 membris
3313 1463 3492 1505 tamen
3525 1453 3701 1506 confu-

2152 1521 2364 1592 derunt.
2382 1518 2594 1592 Cetera
2627 1534 2726 1592 non
2760 1518 3039 1585 mutantur,
3074 1526 3171 1575 nisi
3199 1522 3317 1592 quia
3352 1522 3513 1576 Israel
3544 1531 3595 1575 ct
3622 1522 3699 1576 Ja-

2150 1590 2247 1643 cob
2268 1589 2455 1657 largius
2482 1588 2548 1643 de
2573 1590 2811 1657 gentibus
2839 1592 3175 1659 accipiemus.

2612 1680 2672 1734 IN
2712 1681 3028 1762 PssLuuu
3068 1683 3202 1736 xw.

2674 1769 2911 1825 Psalmus
2948 1770 3127 1825 David.

2706 1874 3081 1915 AIGUIIENTUI.

2220 1947 2583 2019 Verbapopuli
2608 1950 2658 2002 in
2686 1948 2983 2015 captivitate
3024 1950 3324 2019 Babyloniae
3354 1953 3587 2019 optantis
3618 1971 3691 2009 re.

2150 2017 2315 2070 ditum
2348 2018 2409 2069 ad
2469 2022 2708 2084 patriam,
2753 2017 3209 2087 enumerantisq’ue
3265 2017 3456 2087 quibus
3504 2026 3693 2077 meritis

2150 2088 2265 2151 quis
2286 2087 2355 2155 ad
2387 2088 2520 2140 hanc
2561 2087 2835 2151 pervenire
2874 2097 3047 2152 queat.
3081 2091 3269 2150 Aliter,
3300 2092 3423 2155 quia
3475 2092 3555 2145 lex
3595 2102 3688 2145 tots

2151 2154 2398 2217 decaIOgo
2442 2156 2768 2208 concluditur
2799 2156 2977 2208 decem
3020 2158 3240 2223 exempli
3272 2154 3468 2212 Christi
3511 2162 3693 2214 formas

2152 2223 2428 2291 expressit,
2453 2223 2641 2292 quibus
2664 2239 2722 2277 ea
2749 2223 3010 2289 docuisse,
3035 2238 3149 2293 qua:
3178 2226 3372 2282 fecisse
3398 2243 3691 2284 monstran-

2154 2300 2255 2345 tur.

2738 2377 3095 2422 κιΡιΑΜτιο.,

2227 2450 2540 2518 Prophetica:
2587 2453 2965 2522 interrogationi
3029 2456 3290 2522 respondet
3359 2453 3605 2509 Dominus
3645 2456 3690 2507 in

2156 2520 2378 2588 decalogi
2405 2522 2705 2590 exemplum,
2760 2520 2924 2573 decem
2949 2520 3209 2575 uirtutibus
3238 2524 3305 2574 ad
3347 2542 3458 2577 sua
3484 2526 3687 2576 beatitu-

2156 2590 2287 2641 dinis
2324 2591 2453 2642 atria
2483 2590 2743 2655 perueniri.
2777 2590 2963 2642 Divisio
2994 2592 3174 2660 psalmi
3212 2592 3367 2660 hujus
3409 2603 3512 2644 tota
3548 2595 3691 2645 inter-

2156 2660 2412 2725 rogatione
2460 2671 2503 2711 et
2549 2661 2872 2724 responsione
2904 2659 3216 2720 continetur;
3261 2659 3348 2710 sed
3376 2662 3690 2727 interrogatio

2159 2743 2258 2777 uno
2288 2728 2541 2790 versiculo,
2586 2728 2843 2795 responsio
2889 2742 3001 2781 vero
3050 2742 3136 2780 sea:
3178 2728 3401 2782 versibus
3444 2740 3519 2782 est
3567 2747 3691 2783 cotu-

2159 2796 2347 2863 plexus.

2714 2879 3133 2920 COIIBN‘I'ARIUB.

2233 2952 2459 3017 Domine,
2491 2954 2599 3021 quis
2628 2955 2888 3007 habitabit.
2920 2955 3156 3009 Psalmtts
3197 2955 3298 3011 iste
3345 2956 3429 3009 sic
3469 2956 3691 3009 ἰιοιὶιιιιιο

2164 3031 2282 3091 tur:
2336 3023 2568 3076 Psalmus
2595 3024 2700 3091 ipse
2747 3024 2929 3086 Dauid,
2974 3024 3245 3091 Prophetas
3298 3025 3509 3079 scilicet
3554 3027 3691 3076 attri-

2162 3090 2419 3160 buendus.
2452 3090 2707 3157 PrOplieta
2742 3093 2924 3157 plenus
2954 3090 3145 3159 Spiritu
3173 3104 3375 3158 saneto,
3412 3095 3689 3160 praevidens

2161 3158 2445 3213 Ecclesium
2472 3161 2913 3227 multiplicandam
2937 3158 3051 3213 esSe
3078 3175 3231 3225 super
3254 3158 3531 3215 numerum
3573 3178 3683 3227 pero

2162 3228 2433 3295 lectorum,
2477 3230 2675 3282 scilicet
2707 3232 2903 3282 futuros
2928 3245 3046 3283 esse
3088 3232 3261 3296 plures
3290 3232 3504 3284 nomine
3546 3241 3686 3283 tenus

2160 3297 2503 3365 christianos,
2537 3314 2637 3350 non
2670 3313 2726 3351 re
2765 3308 2936 3362 tenus,
2963 3299 3047 3365 qui
3073 3298 3360 3365 gauderent
3404 3307 3603 3351 tantum
3630 3300 3688 3351 de

2158 3364 2453 3418 Christiano
2476 3368 2703 3430 nomine,
2734 3376 2787 3418 et
2828 3383 2930 3418 non
2967 3364 3031 3419 de
3073 3364 3366 3419 Christiana
3400 3369 3685 3435 religione:

2160 3448 2207 3484 ut
2255 3435 2495 3487 ostendat
2541 3435 2710 3503 solum
2758 3450 2947 3487 nomen
2996 3450 3096 3488 non
3127 3435 3304 3488 valere
3347 3436 3448 3487 nisi
3490 3438 3688 3503 studeat

2157 3503 2372 3569 quilibet
2399 3513 2532 3556 sicut
2553 3502 2791 3557 Christus
2820 3502 3103 3557 ambulavit
3136 3513 3188 3555 et
3237 3506 3349 3568 ipse
3379 3502 3646 3557 auibulare
3671 3519 3682 3552 :

2156 3574 2377 3637 agitsub
2403 3572 2626 3638 quadam
2657 3572 2998 3625 similitudine
3035 3571 3256 3641 alicujus
3296 3572 3516 3638 perfecti
3561 3573 3685 3638 regis

2157 3642 2352 3693 militia:
2404 3643 2483 3693 vel
2531 3641 2883 3708 imperatoris,
2930 3643 3017 3707 qui
3066 3644 3201 3694 bello
3226 3655 3412 3695 coorto
3441 3651 3494 3695 et
3524 3643 3687 3693 multis

2161 3711 2337 3773 probis
2367 3718 2417 3760 et
2447 3709 2644 3773 ignavis
2690 3709 3140 3771 concurrentibus,
3177 3720 3445 3776 quiareret
3481 3712 3548 3763 ab
3584 3711 3684 3777 ipso

2156 3778 2367 3828 domino
2394 3792 2487 3829 suo
2515 3792 2645 3844 quos
2673 3792 2733 3828 ex
2766 3778 2869 3830 illis
2900 3778 2948 3828 in
2976 3778 3305 3831 tabernaculo
3336 3780 3492 3831 vellet
3516 3792 3683 3830 secum

2157 3846 2401 3911 militare,
2433 3856 2487 3899 et
2514 3856 2627 3913 post
2658 3845 2895 3899 militiam
2927 3846 2978 3899 in
3020 3848 3210 3911 palatio
3242 3860 3601 3899 remunerare.
3628 3844 3687 3897 ει

2156 3922 2236 3965 est
2262 3915 2362 3966 tale
2392 3930 2452 3966 ac
2474 3918 2515 3967 si
2568 3914 2791 3968 breviter
2833 3916 3068 3968 diceret:
3127 3916 3289 3969 Nemo
3349 3918 3688 3982 aggratuletur

2155 3982 2255 4033 sibi
2294 3983 2357 4036 de
2404 3982 2704 4037 Christiano
2750 3985 2963 4037 nomine
3011 3984 3126 4036 solo
3170 3986 3282 4037 sine
3315 3998 3393 4048 re,
3428 3988 3545 4047 quia
3594 3997 3685 4035 nou

2157 4050 2389 4121 proderit
2418 4051 2467 4104 ei
2498 4066 2688 4105 nomen
2725 4055 2838 4105 sine
2866 4066 2943 4120 re,
2974 4056 3053 4104 vel
3083 4062 3138 4105 ut
3166 4052 3332 4121 possit
3358 4056 3410 4105 in
3454 4055 3683 4105 taberna-

2156 4120 2274 4170 culo
2304 4121 2546 4184 militare,
2594 4131 2681 4173 aut
2711 4122 2761 4173 in
2818 4122 3009 4186 palatio
3044 4136 3389 4189 conregnare.
3437 4123 3686 4189 Tabernis:

2156 4189 2270 4239 cula
2302 4202 2472 4242 autem
2502 4200 2623 4241 sunt
2649 4189 3062 4256 expeditionales
3090 4188 3293 4251 domus,
3338 4192 3390 4241 in
3418 4190 3601 4258 quibus
3626 4188 3682 4258 sd

2158 4263 2363 4320 tempus
2411 4258 2599 4310 milites
2629 4258 2803 4310 szeculi
2835 4258 3096 4319 laborant,
3152 4268 3207 4308 nt
3264 4256 3597 4323 postmodum
3639 4256 3683 4308 in

2163 4326 2433 4390 stipendiis
2458 4326 2653 4379 diutius
2686 4325 2983 4394 gaudeant.-
3005 4326 3124 4379 Hac
3145 4326 3484 4379 tabernacula
3505 4324 3686 4392 signiﬁ-

544 4381 695 4463 ῥυείη
721 4386 769 4437 itt
794 4381 1167 4463 proﬁciscendo
1188 4381 1366 4463 adhuc
1386 4392 1497 4434 erat
1517 4384 1673 4463 Jacob
1698 4399 1711 4445 ;
1732 4396 1858 4463 _cut_n
1888 4394 2057 4463 amet"
2086 4390 2139 4450 Ι)
2163 4381 2283 4445 cant
2314 4404 2621 4461 pnesentem
2666 4381 2974 4463 Ecclesium,
3008 4396 3058 4448 in
3094 4410 3191 4463 qua
3223 4403 3409 4447 contra
3439 4381 3684 4447 diaqu

537 4454 645 4521 jam
673 4453 779 4507 fere
805 4450 867 4502 ad
904 4451 1119 4515 patriam
1152 4450 1393 4512 venissot,
1422 4460 1748 4521 vocatusrest
1784 4451 1849 4503 ab
1876 4455 2060 4520 angelo

545 4520 721 4577 lsracl.
755 4522 928 4573 Potest
955 4532 1177 4584 quoque,
1211 4529 1266 4569 nt
1291 4521 1524 4585 superius
1554 4520 1799 4579 diximus,
1832 4522 2061 4585 psalmus

542 4594 639 4645 iste
669 4592 719 4643 in
745 4601 961 4657 persona
994 4590 1257 4657 prophetae
1306 4587 1498 4657 mistim
1547 4588 1611 4657 de
1638 4587 1875 4657 gentibus
1916 4596 1968 4641 et
1996 4592 2062 4642 de

542 4653 833 4712 Judzeis’sic
863 4656 983 4723 legi,
1012 4653 1158 4722 juxta
1188 4656 1324 4717 quod
1354 4656 1427 4707 sic
1460 4656 1710 4722 Propheta
1741 4654 1922 4723 ordine
1945 4658 2065 4709 inci-

544 4730 671 4793 piet,
724 4722 941 4793 primum
986 4724 1308 4793 increpando
1360 4724 1653 4776 diuturnam
1708 4722 2061 4779 infidelitatem

541 4791 792 4863 gentium.
833 4791 1098 4863 Imipiens,
1133 4791 1180 4842 id
1210 4800 1309 4863 est,
1337 4795 1544 4857 gentilis
1568 4793 1955 4863 potiulus,_vere
1987 4796 2064 4847 in-

544 4860 757 4930 sipiens,
808 4861 893 4924 qui
955 4860 1087 4911 idola
1136 4860 1404 4930 manilesta
1462 4862 1752 4930 praeposuit
1803 4860 2058 4927 Creatori,

547 4928 719 4983 sinon
745 4942 891 4991 voce,
938 4937 1104 4979 tamen
1145 4928 1301 4979 corde
1328 4928 1478 4991 dixit,
1511 4936 1563 4981 et
1592 4931 1640 4978 in
1686 4929 1869 4981 eﬂecttt
1900 4944 2063 4983 osten-

549 4999 644 5059 dit,
681 4998 816 5065 qttod
846 5010 946 5045 non
975 5006 1055 5047 est
1103 4996 1235 5048 Dens
1288 5011 1437 5049 vcrus
1489 4997 1729 5048 omnibus
1771 4999 2063 5052 adorandus

550 5068 702 5133 utque
748 5065 1003 5117 timendus
1032 5078 1045 5111 :
1075 5073 1125 5113 et
1151 5078 1212 5114 ex
1242 5066 1337 5115 hoc
1366 5080 1544 5118 errore
1585 5073 1706 5117 sunt
1732 5065 1826 5131 ipsi
1857 5081 2062 5118 accusa-

550 5133 695 5193 biles,
727 5148 826 5185 non
855 5133 963 5198 ipse
994 5134 1143 5189 llcus,
1162 5134 1245 5195 qui
1274 5146 1364 5184 eos
1390 5136 1604 5197 eteavit,
1636 5134 1751 5196 quia
1796 5148 1859 5185 ex
1887 5149 2064 5187 corru-

550 5204 721 5263 ptione
748 5216 944 5261 eorum,
974 5198 1069 5251 hoc
1107 5209 1185 5249 est
1210 5215 1312 5276 non
1340 5215 1399 5253 ex
1452 5202 1749 5269 imperfecta
1779 5205 2059 5269 creatione,

556 5278 609 5320 et
635 5284 732 5321 non
761 5278 982 5321 mutatur
1004 5276 1274 5320 sentenlta.

620 5355 793 5427 Omnes
824 5358 1205 5411 declinaverunt.
1258 5358 1347 5412 llic
1376 5361 1715 5412 communiter
1762 5361 1865 5427 agit
1905 5372 1955 5413 et
2000 5362 2065 5413 de

548 5423 741 5494 Judmis
784 5435 836 5477 et
873 5427 936 5479 de
980 5430 1238 5493 gentibus,
1281 5428 1417 5494 quod
1450 5438 1593 5480 notat
1622 5423 1819 5480 snnili':
1861 5444 1953 5482 ncc
1983 5433 2065 5481 ali-

548 5493 667 5564 quid
698 5505 940 5555 mutatnr,
976 5496 1078 5564 nisi
1103 5498 1217 5560 quia
1249 5493 1380 5562 quod
1413 5498 1551 5564 prius
1580 5498 1643 5549 ad
1674 5498 1811 5548 solos
1834 5496 2062 5559 Iudaeos,

552 5562 632 5611 hic
651 5564 710 5611 ad
735 5572 974 5634 utrosque
1004 5563 1305 5625 referimus;
1333 5576 1377 5617 et
1403 5562 1537 5634 quod
1563 5571 1610 5618 in
1639 5580 1867 5634 quorum
1893 5580 1950 5618 os
1972 5568 2065 5617 sub

548 5631 793 5697 exemplis
822 5636 957 5701 prius
987 5633 1179 5687 dictum
1220 5643 1318 5701 est,
1350 5631 1484 5689 nunc
1511 5634 1815 5704 simpliciter
1842 5633 2060 5688 dicitur:

2161 4474 2318 4533 atque
2344 4478 2553 4533 carnem
2597 4474 2871 4531 pugnatur,
2900 4466 3019 4532 quia
3067 4464 3155 4531 qui
3180 4465 3338 4533 digne
3376 4463 3615 4533 militabit
3641 4464 3683 4515 in

2164 4530 2261 4601 hoc
2293 4532 2647 4601 tabernaculo,
2674 4530 2997 4586 ieternaliier
3015 4530 3264 4601 gaudebit
3292 4536 3345 4585 in
3375 4532 3572 4586 celesti
3600 4544 3683 4601 ps;

2164 4598 2303 4669 latio.
2352 4600 2497 4654 Unde
2526 4601 2803 4667 Apostolus
2831 4617 2844 4653 :
2872 4601 2932 4655 Si
2962 4598 3309 4669 coinpalimur,
3340 4610 3390 4652 et
3413 4598 3683 4667 ωιςιοτίρο

2160 4667 2401 4720 cabimur.
2456 4669 2744 4722 Notandum
2773 4684 2977 4737 quoque
3003 4667 3143 4737 quod
3186 4670 3250 4720 ad
3298 4669 3681 4737 similitudine-

2164 4737 2459 4801 praedictam
2491 4737 2748 4805 Propheta
2796 4736 2968 4791 taliter
3010 4736 3335 4803 exsequitur,
3387 4748 3446 4789 ut
3475 4736 3681 4805 prius!

2161 4805 2423 4858 describat
2445 4802 2645 4859 nobiles
2668 4806 2880 4871 milites,
2912 4806 3101 4859 deinde
3128 4802 3251 4858 vero
3282 4802 3574 4873 gregarios,
3602 4802 3680 4872 qui

2160 4886 2210 4927 et
2243 4875 2396 4941 digne
2426 4875 2647 4927 militant
2692 4875 2744 4926 in
2788 4874 3143 4939 tabernaculo,
3194 4882 3247 4926 et
3301 4873 3589 4941 regnabant
3630 4873 3682 4941 in

2162 4940 2375 5009 palatio,
2409 4954 2463 4997 ut
2491 4960 2579 5009 per
2602 4944 2895 5011 appositum
2926 4956 3304 5010 cognoscamus
3323 4942 3415 5009 qui
3437 4940 3541 4995 sint
3560 4940 3680 5011 iudi-

2160 5014 2248 5077 gni
2276 5014 2615 5067 tabernaculo
2642 5009 2814 5079 atque
2851 5009 3065 5079 palatio,
3110 5021 3164 5063 et
3206 5012 3435 5077 primum
3470 5012 3545 5064 sic
3588 5009 3684 5075 agit

2162 5094 2278 5131 cmn
2311 5084 2563 5133 ltomino:
2617 5082 2844 5141 Domine,
2874 5083 2984 5133 Rex
3038 5094 3401 5133 universorum
3453 5082 3517 5131 ad
3546 5084 3682 5142 cuius

2162 5148 2399 5200 militiam
2428 5160 2504 5200 tot
2546 5158 2923 5211 convenerunt,
2950 5150 3062 5215 quis
3099 5149 3339 5200 habitabit
3367 5151 3420 5200 in
3459 5148 3681 5199 taberna-

2162 5217 2274 5269 culo
2300 5219 2423 5268 tuo?
2474 5218 2521 5268 id
2550 5227 2649 5279 est,
2689 5231 2839 5279 quem
2869 5231 2930 5267 es
2962 5226 3102 5269 tanto
3149 5233 3369 5270 numero
3395 5218 3577 5283 elegis,
3602 5217 3679 5280 Qui

2162 5295 2209 5335 et
2254 5287 2405 5351 digne
2444 5287 2626 5337 militet
2650 5286 2754 5336 vhic
2798 5287 2849 5336 in
2882 5285 3235 5349 tabernaculo,
3282 5296 3339 5339 et
3370 5288 3577 5337 tandem
3608 5296 3678 5335 η·

2162 5356 2393 5417 quiescet
2420 5363 2587 5405 tecum
2623 5355 2670 5405 in
2703 5363 2896 5416 monte,
2928 5354 2975 5406 id
3020 5367 3126 5418 εει,
3158 5358 3207 5407 in
3246 5368 3488 5420 superna:
3518 5354 3678 5419 gloria

2164 5430 2261 5472 tute
2288 5424 2624 5475 celsitudine?
2655 5424 2766 5475 Alia
2812 5422 3081 5474 trutt8latiu
3116 5425 3289 5486 habet,
3324 5423 3450 5485 Quis
3476 5421 3676 5487 pcregri-

2162 5490 2393 5544 nuht'tur?
2421 5492 2566 5555 Quod
2597 5493 2722 5545 satis
2750 5492 3012 5544 convenit.
3060 5492 3194 5544 Nihil
3228 5491 3367 5541 enim
3400 5490 3536 5541 aliud
3569 5504 3677 5554 pr:-

2161 5574 2282 5611 Srtis
2310 5570 2389 5613 est
2415 5566 2512 5612 vita
2544 5576 2696 5627 quam
2744 5562 3111 5627 peregrinatio.
3165 5561 3633 5627 UttdeAApostoltts
3659 5593 3670 5604 ι

2164 5627 2294 5681 Dum
2322 5644 2488 5681 sumus
2514 5624 2679 5681 inhac
2706 5624 2827 5695 vita,
2852 5624 3223 5698 peregrinantur
3251 5642 3280 5679 a
3314 5624 3547 5679 Domino.
