  <div class='ocr_page' id='page_1' title='image "/cluster/home/n/w/nwhite01/storage/ocr_20150623/92-93/uva.x000827076/811.png"; bbox 0 0 3912 6230; ppageno 0'>
   <div class='ocr_carea' id='block_1_1' title="bbox 612 414 808 479">
    <p class='ocr_par' dir='ltr' id='par_1_1' title="bbox 612 414 808 479">
     <span class='ocr_line' id='line_1_1' title="bbox 612 414 808 479; baseline 0 -14"><span class='ocrx_word' id='word_1_1' title='bbox 612 414 808 479; x_wconf 47' lang='lat' dir='ltr'><strong>ses,</strong></span> 
     </span>
    </p>
   </div>
   <div class='ocr_carea' id='block_1_2' title="bbox 1061 408 3331 471">
    <p class='ocr_par' dir='ltr' id='par_1_2' title="bbox 1061 408 3331 471">
     <span class='ocr_line' id='line_1_2' title="bbox 1061 408 3331 471; baseline 0 -3"><span class='ocrx_word' id='word_1_2' title='bbox 1061 413 1256 469; x_wconf 72' lang='lat' dir='ltr'><strong>BENE</strong></span> <span class='ocrx_word' id='word_1_3' title='bbox 1298 412 1733 468; x_wconf 73' lang='lat' dir='ltr'><strong>VENERABILIS</strong></span> <span class='ocrx_word' id='word_1_4' title='bbox 1771 410 1916 466; x_wconf 85' lang='lat' dir='ltr'><strong>OPP.</strong></span> <span class='ocrx_word' id='word_1_5' title='bbox 1961 409 2129 466; x_wconf 76' lang='lat' dir='ltr'><strong>PARS</strong></span> <span class='ocrx_word' id='word_1_6' title='bbox 2168 410 2226 466; x_wconf 91' lang='lat' dir='ltr'><strong>ll.</strong></span> <span class='ocrx_word' id='word_1_7' title='bbox 2266 408 2453 466; x_wconf 79' lang='lat' dir='ltr'><strong>SECT.</strong></span> <span class='ocrx_word' id='word_1_8' title='bbox 2496 412 2557 467; x_wconf 91' lang='lat' dir='ltr'><strong>ll.</strong></span> <span class='ocrx_word' id='word_1_9' title='bbox 2600 443 2665 453; x_wconf 89' lang='lat'>—</span> <span class='ocrx_word' id='word_1_10' title='bbox 2708 413 2905 470; x_wconf 80' lang='lat' dir='ltr'><strong>DUBIA</strong></span> <span class='ocrx_word' id='word_1_11' title='bbox 2949 415 3030 468; x_wconf 79' lang='lat' dir='ltr'><strong>ET</strong></span> <span class='ocrx_word' id='word_1_12' title='bbox 3068 413 3331 471; x_wconf 72' lang='lat' dir='ltr'><strong>SPURIA.</strong></span> 
     </span>
    </p>
   </div>
   <div class='ocr_carea' id='block_1_3' title="bbox 3694 414 3772 464">
    <p class='ocr_par' dir='ltr' id='par_1_3' title="bbox 3694 414 3772 464">
     <span class='ocr_line' id='line_1_3' title="bbox 3694 414 3772 464; baseline 0.051 -9"><span class='ocrx_word' id='word_1_13' title='bbox 3694 414 3772 464; x_wconf 61' lang='grc' dir='ltr'><strong>παι</strong></span> 
     </span>
    </p>
   </div>
   <div class='ocr_carea' id='block_1_4' title="bbox 612 500 2108 594">
    <p class='ocr_par' dir='ltr' id='par_1_4' title="bbox 612 520 2095 594">
     <span class='ocr_line' id='line_1_4' title="bbox 612 520 2095 594; baseline -0.007 -17"><span class='ocrx_word' id='word_1_14' title='bbox 612 527 771 587; x_wconf 83' lang='grc' dir='ltr'>ιίοιιε;</span> <span class='ocrx_word' id='word_1_15' title='bbox 788 537 833 579; x_wconf 85' lang='lat' dir='ltr'><strong>et</strong></span> <span class='ocrx_word' id='word_1_16' title='bbox 854 526 1167 581; x_wconf 64' lang='lat' dir='ltr'><strong>exaoninasti,</strong></span> <span class='ocrx_word' id='word_1_17' title='bbox 1185 522 1231 577; x_wconf 91' lang='lat' dir='ltr'><strong>id</strong></span> <span class='ocrx_word' id='word_1_18' title='bbox 1246 532 1343 581; x_wconf 83' lang='lat' dir='ltr'><strong>est,</strong></span> <span class='ocrx_word' id='word_1_19' title='bbox 1364 522 1629 594; x_wconf 77' lang='lat' dir='ltr'><strong>purumab</strong></span> <span class='ocrx_word' id='word_1_20' title='bbox 1645 521 1917 594; x_wconf 73' lang='lat' dir='ltr'><strong>omuilabe</strong></span> <span class='ocrx_word' id='word_1_21' title='bbox 1932 520 2095 594; x_wconf 75' lang='lat' dir='ltr'><strong>lci-isti</strong></span> 
     </span>
    </p>
   </div>
   <div class='ocr_carea' id='block_1_5' title="bbox 2208 500 3743 594">
    <p class='ocr_par' dir='ltr' id='par_1_5' title="bbox 2234 500 3743 594">
     <span class='ocr_line' id='line_1_5' title="bbox 2234 500 3743 594; baseline -0.001 -18"><span class='ocrx_word' id='word_1_22' title='bbox 2234 500 2727 594; x_wconf 34' lang='lat' dir='ltr'><strong>et‘ideerxauditor</strong></span> <span class='ocrx_word' id='word_1_23' title='bbox 2751 525 3019 591; x_wconf 85' lang='lat' dir='ltr'><strong>bonorum,</strong></span> <span class='ocrx_word' id='word_1_24' title='bbox 3050 528 3297 579; x_wconf 74' lang='lat' dir='ltr'><strong>exaudiui</strong></span> <span class='ocrx_word' id='word_1_25' title='bbox 3325 544 3407 579; x_wconf 86' lang='lat' dir='ltr'><strong>me</strong></span> <span class='ocrx_word' id='word_1_26' title='bbox 3430 526 3552 592; x_wconf 85' lang='lat' dir='ltr'><strong>jam</strong></span> <span class='ocrx_word' id='word_1_27' title='bbox 3588 527 3639 577; x_wconf 89' lang='lat' dir='ltr'><strong>in</strong></span> <span class='ocrx_word' id='word_1_28' title='bbox 3672 532 3743 594; x_wconf 74' lang='lat' dir='ltr'><strong>plu</strong></span> 
     </span>
    </p>
   </div>
   <div class='ocr_carea' id='block_1_6' title="bbox 612 590 2126 657">
    <p class='ocr_par' dir='ltr' id='par_1_6' title="bbox 612 590 2126 657">
     <span class='ocr_line' id='line_1_6' title="bbox 612 590 2126 657; baseline -0.006 -10"><span class='ocrx_word' id='word_1_29' title='bbox 612 595 735 647; x_wconf 82' lang='lat' dir='ltr'><strong>item</strong></span> <span class='ocrx_word' id='word_1_30' title='bbox 766 606 1008 655; x_wconf 88' lang='lat' dir='ltr'><strong>quantmu</strong></span> <span class='ocrx_word' id='word_1_31' title='bbox 1038 595 1098 644; x_wconf 84' lang='lat' dir='ltr'><strong>ad</strong></span> <span class='ocrx_word' id='word_1_32' title='bbox 1126 594 1239 646; x_wconf 84' lang='lat' dir='ltr'><strong>illos</strong></span> <span class='ocrx_word' id='word_1_33' title='bbox 1268 594 1317 643; x_wconf 82' lang='lat' dir='ltr'><strong>iit</strong></span> <span class='ocrx_word' id='word_1_34' title='bbox 1346 594 1475 657; x_wconf 79' lang='lat' dir='ltr'><strong>igne.</strong></span> <span class='ocrx_word' id='word_1_35' title='bbox 1510 590 1559 641; x_wconf 87' lang='lat' dir='ltr'><strong>id</strong></span> <span class='ocrx_word' id='word_1_36' title='bbox 1582 599 1681 649; x_wconf 68' lang='lat' dir='ltr'><strong>est,</strong></span> <span class='ocrx_word' id='word_1_37' title='bbox 1708 594 1755 641; x_wconf 89' lang='lat' dir='ltr'><strong>in</strong></span> <span class='ocrx_word' id='word_1_38' title='bbox 1786 591 1930 655; x_wconf 85' lang='lat' dir='ltr'><strong>ignea</strong></span> <span class='ocrx_word' id='word_1_39' title='bbox 1961 592 2126 641; x_wconf 64' lang='lat' dir='ltr'><strong>cruci.</strong></span> 
     </span>
    </p>
   </div>
   <div class='ocr_carea' id='block_1_7' title="bbox 610 658 2131 725">
    <p class='ocr_par' dir='ltr' id='par_1_7' title="bbox 610 658 2131 725">
     <span class='ocr_line' id='line_1_7' title="bbox 610 658 2131 725; baseline -0.003 -12"><span class='ocrx_word' id='word_1_40' title='bbox 610 664 811 716; x_wconf 83' lang='lat' dir='ltr'><strong>lixionis</strong></span> <span class='ocrx_word' id='word_1_41' title='bbox 842 663 1191 716; x_wconf 81' lang='lat' dir='ltr'><strong>tribulatione.</strong></span> <span class='ocrx_word' id='word_1_42' title='bbox 1226 663 1288 712; x_wconf 73' lang='lat' dir='ltr'><strong>Et</strong></span> <span class='ocrx_word' id='word_1_43' title='bbox 1334 676 1424 725; x_wconf 90' lang='lat' dir='ltr'><strong>per</strong></span> <span class='ocrx_word' id='word_1_44' title='bbox 1463 660 1560 711; x_wconf 83' lang='lat' dir='ltr'><strong>hoc</strong></span> <span class='ocrx_word' id='word_1_45' title='bbox 1590 658 1865 721; x_wconf 69' lang='lat' dir='ltr'><strong>utiumque</strong></span> <span class='ocrx_word' id='word_1_46' title='bbox 1911 660 2131 721; x_wconf 85' lang='lat' dir='ltr'><strong>probas&#39;i</strong></span> 
     </span>
    </p>
   </div>
   <div class='ocr_carea' id='block_1_8' title="bbox 603 729 2129 794">
    <p class='ocr_par' dir='ltr' id='par_1_8' title="bbox 603 729 2129 794">
     <span class='ocr_line' id='line_1_8' title="bbox 603 729 2129 794; baseline -0.003 -11"><span class='ocrx_word' id='word_1_47' title='bbox 603 749 687 783; x_wconf 78' lang='lat' dir='ltr'><strong>eor</strong></span> <span class='ocrx_word' id='word_1_48' title='bbox 713 750 871 784; x_wconf 82' lang='lat' dir='ltr'><strong>meum</strong></span> <span class='ocrx_word' id='word_1_49' title='bbox 898 776 907 786; x_wconf 89' lang='lat'><strong>.</strong></span> <span class='ocrx_word' id='word_1_50' title='bbox 944 733 991 784; x_wconf 96' lang='lat' dir='ltr'><strong>id</strong></span> <span class='ocrx_word' id='word_1_51' title='bbox 1024 740 1102 784; x_wconf 80' lang='lat' dir='ltr'><strong>est</strong></span> <span class='ocrx_word' id='word_1_52' title='bbox 1127 772 1139 789; x_wconf 89' lang='lat'><strong>.</strong></span> <span class='ocrx_word' id='word_1_53' title='bbox 1172 730 1440 792; x_wconf 85' lang='lat' dir='ltr'><strong>probatum</strong></span> <span class='ocrx_word' id='word_1_54' title='bbox 1477 742 1564 794; x_wconf 86' lang='lat' dir='ltr'><strong>per</strong></span> <span class='ocrx_word' id='word_1_55' title='bbox 1593 729 1887 791; x_wconf 85' lang='lat' dir='ltr'><strong>patientiam</strong></span> <span class='ocrx_word' id='word_1_56' title='bbox 1920 742 2129 779; x_wconf 79' lang='lat' dir='ltr'><strong>conser-</strong></span> 
     </span>
    </p>
   </div>
   <div class='ocr_carea' id='block_1_9' title="bbox 605 797 2123 862">
    <p class='ocr_par' dir='ltr' id='par_1_9' title="bbox 605 797 2123 862">
     <span class='ocr_line' id='line_1_9' title="bbox 605 797 2123 862; baseline -0.005 -9"><span class='ocrx_word' id='word_1_57' title='bbox 605 811 771 854; x_wconf 81' lang='lat' dir='ltr'><strong>vatam</strong></span> <span class='ocrx_word' id='word_1_58' title='bbox 796 818 954 862; x_wconf 79' lang='lat' dir='ltr'><strong>uSqne</strong></span> <span class='ocrx_word' id='word_1_59' title='bbox 976 802 1037 852; x_wconf 89' lang='lat' dir='ltr'><strong>ad</strong></span> <span class='ocrx_word' id='word_1_60' title='bbox 1060 798 1430 861; x_wconf 76' lang='lat' dir='ltr'><strong>experientiam</strong></span> <span class='ocrx_word' id='word_1_61' title='bbox 1455 799 1637 848; x_wconf 84' lang='lat' dir='ltr'><strong>mortis</strong></span> <span class='ocrx_word' id='word_1_62' title='bbox 1661 797 1820 848; x_wconf 76' lang='lat' dir='ltr'><strong>fecisti</strong></span> <span class='ocrx_word' id='word_1_63' title='bbox 1838 812 1920 847; x_wconf 88' lang='lat' dir='ltr'><strong>cor</strong></span> <span class='ocrx_word' id='word_1_64' title='bbox 1936 812 2123 855; x_wconf 87' lang='lat' dir='ltr'><strong>meum;</strong></span> 
     </span>
    </p>
   </div>
   <div class='ocr_carea' id='block_1_10' title="bbox 602 866 2126 937">
    <p class='ocr_par' dir='ltr' id='par_1_10' title="bbox 602 866 2126 937">
     <span class='ocr_line' id='line_1_10' title="bbox 602 866 2126 937; baseline -0.003 -16"><span class='ocrx_word' id='word_1_65' title='bbox 602 878 650 915; x_wconf 66' lang='lat' dir='ltr'><strong>et</strong></span> <span class='ocrx_word' id='word_1_66' title='bbox 678 872 795 937; x_wconf 80' lang='lat' dir='ltr'><strong>quia</strong></span> <span class='ocrx_word' id='word_1_67' title='bbox 826 871 1051 935; x_wconf 77' lang='lat' dir='ltr'><strong>probasti</strong></span> <span class='ocrx_word' id='word_1_68' title='bbox 1072 909 1085 930; x_wconf 88' lang='lat'><strong>,</strong></span> <span class='ocrx_word' id='word_1_69' title='bbox 1121 868 1169 921; x_wconf 89' lang='lat' dir='ltr'><strong>id</strong></span> <span class='ocrx_word' id='word_1_70' title='bbox 1200 875 1277 919; x_wconf 86' lang='lat' dir='ltr'><strong>est</strong></span> <span class='ocrx_word' id='word_1_71' title='bbox 1297 905 1311 927; x_wconf 82' lang='lat'><strong>,</strong></span> <span class='ocrx_word' id='word_1_72' title='bbox 1350 868 1588 937; x_wconf 81' lang='lat' dir='ltr'><strong>iniquitas</strong></span> <span class='ocrx_word' id='word_1_73' title='bbox 1627 881 1723 918; x_wconf 85' lang='lat' dir='ltr'><strong>non</strong></span> <span class='ocrx_word' id='word_1_74' title='bbox 1754 873 1825 916; x_wconf 68' lang='lat' dir='ltr'><strong>est</strong></span> <span class='ocrx_word' id='word_1_75' title='bbox 1853 866 2047 937; x_wconf 75' lang='lat' dir='ltr'><strong>inuenta</strong></span> <span class='ocrx_word' id='word_1_76' title='bbox 2074 866 2126 917; x_wconf 86' lang='lat' dir='ltr'><strong>iu</strong></span> 
     </span>
    </p>
   </div>
   <div class='ocr_carea' id='block_1_11' title="bbox 600 932 2127 1000">
    <p class='ocr_par' dir='ltr' id='par_1_11' title="bbox 600 932 2127 1000">
     <span class='ocr_line' id='line_1_11' title="bbox 600 932 2127 1000; baseline -0.004 -9"><span class='ocrx_word' id='word_1_77' title='bbox 600 932 706 1000; x_wconf 63' lang='lat' dir='ltr'><strong>me,</strong></span> <span class='ocrx_word' id='word_1_78' title='bbox 731 941 780 993; x_wconf 93' lang='lat' dir='ltr'><strong>id</strong></span> <span class='ocrx_word' id='word_1_79' title='bbox 812 932 912 1000; x_wconf 81' lang='lat' dir='ltr'><strong>est,</strong></span> <span class='ocrx_word' id='word_1_80' title='bbox 939 954 1091 989; x_wconf 88' lang='lat' dir='ltr'><strong>omne</strong></span> <span class='ocrx_word' id='word_1_81' title='bbox 1122 937 1310 989; x_wconf 89' lang='lat' dir='ltr'><strong>malum</strong></span> <span class='ocrx_word' id='word_1_82' title='bbox 1339 932 1433 987; x_wconf 78' lang='lat' dir='ltr'><strong>l‘uit</strong></span> <span class='ocrx_word' id='word_1_83' title='bbox 1476 942 1731 989; x_wconf 82' lang='lat' dir='ltr'><strong>remotum</strong></span> <span class='ocrx_word' id='word_1_84' title='bbox 1762 949 1789 985; x_wconf 89' lang='lat' dir='ltr'><strong>a</strong></span> <span class='ocrx_word' id='word_1_85' title='bbox 1820 949 1902 985; x_wconf 84' lang='lat' dir='ltr'><strong>me</strong></span> <span class='ocrx_word' id='word_1_86' title='bbox 1933 934 1982 983; x_wconf 93' lang='lat' dir='ltr'><strong>in</strong></span> <span class='ocrx_word' id='word_1_87' title='bbox 2014 943 2127 985; x_wconf 83' lang='lat' dir='ltr'><strong>tan-</strong></span> 
     </span>
    </p>
   </div>
   <div class='ocr_carea' id='block_1_12' title="bbox 602 1002 2125 1071">
    <p class='ocr_par' dir='ltr' id='par_1_12' title="bbox 602 1002 2125 1071">
     <span class='ocr_line' id='line_1_12' title="bbox 602 1002 2125 1071; baseline -0.003 -12"><span class='ocrx_word' id='word_1_88' title='bbox 602 1020 730 1068; x_wconf 81' lang='lat' dir='ltr'><strong>tum,</strong></span> <span class='ocrx_word' id='word_1_89' title='bbox 762 1021 813 1060; x_wconf 89' lang='lat' dir='ltr'><strong>ut</strong></span> <span class='ocrx_word' id='word_1_90' title='bbox 837 1025 923 1061; x_wconf 85' lang='lat' dir='ltr'><strong>nec</strong></span> <span class='ocrx_word' id='word_1_91' title='bbox 949 1024 1002 1059; x_wconf 84' lang='lat' dir='ltr'><strong>os</strong></span> <span class='ocrx_word' id='word_1_92' title='bbox 1032 1022 1189 1058; x_wconf 74' lang='lat' dir='ltr'><strong>meum</strong></span> <span class='ocrx_word' id='word_1_93' title='bbox 1219 1007 1499 1071; x_wconf 79' lang='lat' dir='ltr'><strong>loqueretur</strong></span> <span class='ocrx_word' id='word_1_94' title='bbox 1527 1019 1673 1067; x_wconf 82' lang='lat' dir='ltr'><strong>opera</strong></span> <span class='ocrx_word' id='word_1_95' title='bbox 1707 1002 1831 1054; x_wconf 59' lang='lat' dir='ltr'><strong>ba&#39;c.</strong></span> <span class='ocrx_word' id='word_1_96' title='bbox 1871 1002 2039 1071; x_wconf 84' lang='lat' dir='ltr'><strong>idest,</strong></span> <span class='ocrx_word' id='word_1_97' title='bbox 2072 1012 2125 1055; x_wconf 91' lang='lat' dir='ltr'><strong>ut</strong></span> 
     </span>
    </p>
   </div>
   <div class='ocr_carea' id='block_1_13' title="bbox 600 1070 2120 1139">
    <p class='ocr_par' dir='ltr' id='par_1_13' title="bbox 600 1070 2120 1139">
     <span class='ocr_line' id='line_1_13' title="bbox 600 1070 2120 1139; baseline -0.002 -12"><span class='ocrx_word' id='word_1_98' title='bbox 600 1093 694 1130; x_wconf 92' lang='lat' dir='ltr'><strong>nec</strong></span> <span class='ocrx_word' id='word_1_99' title='bbox 714 1080 902 1129; x_wconf 88' lang='lat' dir='ltr'><strong>malum</strong></span> <span class='ocrx_word' id='word_1_100' title='bbox 927 1077 1134 1128; x_wconf 76' lang='lat' dir='ltr'><strong>vetitum</strong></span> <span class='ocrx_word' id='word_1_101' title='bbox 1160 1090 1251 1139; x_wconf 89' lang='lat' dir='ltr'><strong>pro</strong></span> <span class='ocrx_word' id='word_1_102' title='bbox 1274 1070 1409 1125; x_wconf 77' lang='lat' dir='ltr'><strong>tanta</strong></span> <span class='ocrx_word' id='word_1_103' title='bbox 1436 1072 1793 1137; x_wconf 80' lang='lat' dir='ltr'><strong>persecutione</strong></span> <span class='ocrx_word' id='word_1_104' title='bbox 1817 1070 2120 1133; x_wconf 78' lang='lat' dir='ltr'><strong>proferrem,</strong></span> 
     </span>
    </p>
   </div>
   <div class='ocr_carea' id='block_1_14' title="bbox 596 1139 2123 1207">
    <p class='ocr_par' dir='ltr' id='par_1_14' title="bbox 596 1139 2123 1207">
     <span class='ocr_line' id='line_1_14' title="bbox 596 1139 2123 1207; baseline -0.003 -9"><span class='ocrx_word' id='word_1_105' title='bbox 596 1146 733 1205; x_wconf 55' lang='lat' dir='ltr'><strong>quod</strong></span> <span class='ocrx_word' id='word_1_106' title='bbox 782 1146 948 1197; x_wconf 80' lang='lat' dir='ltr'><strong>facere</strong></span> <span class='ocrx_word' id='word_1_107' title='bbox 972 1155 1051 1197; x_wconf 82' lang='lat' dir='ltr'><strong>est</strong></span> <span class='ocrx_word' id='word_1_108' title='bbox 1079 1159 1233 1207; x_wconf 84' lang='lat' dir='ltr'><strong>opera</strong></span> <span class='ocrx_word' id='word_1_109' title='bbox 1275 1142 1583 1193; x_wconf 84' lang='lat' dir='ltr'><strong>hominum:</strong></span> <span class='ocrx_word' id='word_1_110' title='bbox 1632 1139 1750 1205; x_wconf 82' lang='lat' dir='ltr'><strong>quia</strong></span> <span class='ocrx_word' id='word_1_111' title='bbox 1805 1140 2035 1192; x_wconf 81' lang='lat' dir='ltr'><strong>homines</strong></span> <span class='ocrx_word' id='word_1_112' title='bbox 2080 1142 2123 1194; x_wconf 89' lang='lat' dir='ltr'><strong>si</strong></span> 
     </span>
    </p>
   </div>
   <div class='ocr_carea' id='block_1_15' title="bbox 599 1209 2119 1279">
    <p class='ocr_par' dir='ltr' id='par_1_15' title="bbox 599 1209 2119 1279">
     <span class='ocr_line' id='line_1_15' title="bbox 599 1209 2119 1279; baseline -0.002 -15"><span class='ocrx_word' id='word_1_113' title='bbox 599 1230 699 1266; x_wconf 89' lang='lat' dir='ltr'><strong>non</strong></span> <span class='ocrx_word' id='word_1_114' title='bbox 731 1222 944 1279; x_wconf 61' lang='lat' dir='ltr'><strong>pussnnt</strong></span> <span class='ocrx_word' id='word_1_115' title='bbox 975 1214 1151 1266; x_wconf 91' lang='lat' dir='ltr'><strong>ulcisci</strong></span> <span class='ocrx_word' id='word_1_116' title='bbox 1190 1228 1247 1263; x_wconf 85' lang='lat' dir='ltr'><strong>se</strong></span> <span class='ocrx_word' id='word_1_117' title='bbox 1277 1209 1671 1279; x_wconf 66' lang='lat' dir='ltr'><strong>repercutiendo</strong></span> <span class='ocrx_word' id='word_1_118' title='bbox 1698 1248 1713 1267; x_wconf 84' lang='lat'><strong>.</strong></span> <span class='ocrx_word' id='word_1_119' title='bbox 1758 1209 1942 1261; x_wconf 83' lang='lat' dir='ltr'><strong>saltem</strong></span> <span class='ocrx_word' id='word_1_120' title='bbox 1987 1210 2119 1279; x_wconf 83' lang='lat' dir='ltr'><strong>mala</strong></span> 
     </span>
    </p>
   </div>
   <div class='ocr_carea' id='block_1_16' title="bbox 597 1276 2121 1349">
    <p class='ocr_par' dir='ltr' id='par_1_16' title="bbox 597 1276 2121 1349">
     <span class='ocr_line' id='line_1_16' title="bbox 597 1276 2121 1349; baseline -0.005 -14"><span class='ocrx_word' id='word_1_121' title='bbox 597 1276 752 1335; x_wconf 81' lang='lat' dir='ltr'><strong>verba</strong></span> <span class='ocrx_word' id='word_1_122' title='bbox 796 1286 1073 1347; x_wconf 83' lang='lat' dir='ltr'><strong>loquuntur</strong></span> <span class='ocrx_word' id='word_1_123' title='bbox 1099 1325 1112 1342; x_wconf 84' lang='grc'><em>,</em></span> <span class='ocrx_word' id='word_1_124' title='bbox 1158 1276 1296 1333; x_wconf 80' lang='lat' dir='ltr'><strong>cuin‘</strong></span> <span class='ocrx_word' id='word_1_125' title='bbox 1322 1276 1627 1349; x_wconf 83' lang='lat' dir='ltr'><strong>tribulantur</strong></span> <span class='ocrx_word' id='word_1_126' title='bbox 1652 1320 1666 1349; x_wconf 65' lang='lat'><strong>,</strong></span> <span class='ocrx_word' id='word_1_127' title='bbox 1708 1279 1795 1349; x_wconf 77' lang='lat' dir='ltr'><strong>sed</strong></span> <span class='ocrx_word' id='word_1_128' title='bbox 1825 1292 1920 1345; x_wconf 85' lang='lat' dir='ltr'><strong>ego</strong></span> <span class='ocrx_word' id='word_1_129' title='bbox 1952 1278 2121 1349; x_wconf 83' lang='lat' dir='ltr'><strong>potius</strong></span> 
     </span>
    </p>
   </div>
   <div class='ocr_carea' id='block_1_17' title="bbox 594 1346 2121 1409">
    <p class='ocr_par' dir='ltr' id='par_1_17' title="bbox 594 1346 2121 1409">
     <span class='ocr_line' id='line_1_17' title="bbox 594 1346 2121 1409; baseline -0.004 -8"><span class='ocrx_word' id='word_1_130' title='bbox 594 1354 831 1403; x_wconf 71' lang='lat' dir='ltr'><strong>rnstodii-i</strong></span> <span class='ocrx_word' id='word_1_131' title='bbox 854 1356 955 1403; x_wconf 85' lang='lat' dir='ltr'><strong>vius</strong></span> <span class='ocrx_word' id='word_1_132' title='bbox 983 1352 1201 1403; x_wconf 82' lang='lat' dir='ltr'><strong>Domini.</strong></span> <span class='ocrx_word' id='word_1_133' title='bbox 1240 1349 1324 1399; x_wconf 82' lang='lat' dir='ltr'><strong>Vel</strong></span> <span class='ocrx_word' id='word_1_134' title='bbox 1353 1346 1523 1409; x_wconf 83' lang='lat' dir='ltr'><strong>aliter,</strong></span> <span class='ocrx_word' id='word_1_135' title='bbox 1550 1357 1603 1398; x_wconf 90' lang='lat' dir='ltr'><strong>ut</strong></span> <span class='ocrx_word' id='word_1_136' title='bbox 1624 1348 1697 1399; x_wconf 69' lang='lat' dir='ltr'><strong>sic</strong></span> <span class='ocrx_word' id='word_1_137' title='bbox 1720 1347 1947 1398; x_wconf 82' lang='lat' dir='ltr'><strong>dit&#39;atur:</strong></span> <span class='ocrx_word' id='word_1_138' title='bbox 1974 1346 2121 1409; x_wconf 87' lang='lat' dir='ltr'><strong>Quod</strong></span> 
     </span>
    </p>
   </div>
   <div class='ocr_carea' id='block_1_18' title="bbox 593 1415 2117 1487">
    <p class='ocr_par' dir='ltr' id='par_1_18' title="bbox 593 1415 2117 1487">
     <span class='ocr_line' id='line_1_18' title="bbox 593 1415 2117 1487; baseline -0.001 -20"><span class='ocrx_word' id='word_1_139' title='bbox 593 1424 709 1472; x_wconf 70' lang='lat' dir='ltr'><strong>dico</strong></span> <span class='ocrx_word' id='word_1_140' title='bbox 738 1423 1055 1487; x_wconf 76' lang='lat' dir='ltr'><strong>iniquitatem</strong></span> <span class='ocrx_word' id='word_1_141' title='bbox 1082 1434 1180 1469; x_wconf 89' lang='lat' dir='ltr'><strong>non</strong></span> <span class='ocrx_word' id='word_1_142' title='bbox 1205 1433 1321 1470; x_wconf 85' lang='lat' dir='ltr'><strong>esse</strong></span> <span class='ocrx_word' id='word_1_143' title='bbox 1350 1418 1400 1467; x_wconf 92' lang='lat' dir='ltr'><strong>in</strong></span> <span class='ocrx_word' id='word_1_144' title='bbox 1429 1431 1514 1487; x_wconf 83' lang='lat' dir='ltr'><strong>me</strong></span> <span class='ocrx_word' id='word_1_145' title='bbox 1539 1456 1551 1471; x_wconf 85' lang='lat'><strong>.</strong></span> <span class='ocrx_word' id='word_1_146' title='bbox 1601 1415 1797 1487; x_wconf 71' lang='lat' dir='ltr'><strong>nonad</strong></span> <span class='ocrx_word' id='word_1_147' title='bbox 1839 1416 1934 1465; x_wconf 86' lang='lat' dir='ltr'><strong>hoc</strong></span> <span class='ocrx_word' id='word_1_148' title='bbox 1963 1416 2117 1478; x_wconf 60' lang='lat' dir='ltr'><strong>dico,</strong></span> 
     </span>
    </p>
   </div>
   <div class='ocr_carea' id='block_1_19' title="bbox 594 1482 2119 1553">
    <p class='ocr_par' dir='ltr' id='par_1_19' title="bbox 594 1482 2119 1553">
     <span class='ocr_line' id='line_1_19' title="bbox 594 1482 2119 1553; baseline -0.001 -16"><span class='ocrx_word' id='word_1_149' title='bbox 594 1500 646 1539; x_wconf 85' lang='lat' dir='ltr'><strong>nt</strong></span> <span class='ocrx_word' id='word_1_150' title='bbox 672 1507 724 1539; x_wconf 85' lang='lat' dir='ltr'><strong>os</strong></span> <span class='ocrx_word' id='word_1_151' title='bbox 753 1482 910 1542; x_wconf 77' lang='lat' dir='ltr'><strong>meum</strong></span> <span class='ocrx_word' id='word_1_152' title='bbox 950 1490 1180 1551; x_wconf 84' lang='lat' dir='ltr'><strong>loquntur</strong></span> <span class='ocrx_word' id='word_1_153' title='bbox 1206 1500 1355 1553; x_wconf 79' lang='lat' dir='ltr'><strong>Opera</strong></span> <span class='ocrx_word' id='word_1_154' title='bbox 1382 1486 1636 1553; x_wconf 82' lang='lat' dir='ltr'><strong>hominum</strong></span> <span class='ocrx_word' id='word_1_155' title='bbox 1662 1524 1675 1545; x_wconf 82' lang='lat'><strong>,</strong></span> <span class='ocrx_word' id='word_1_156' title='bbox 1717 1482 1767 1534; x_wconf 88' lang='lat' dir='ltr'><strong>id</strong></span> <span class='ocrx_word' id='word_1_157' title='bbox 1804 1491 1885 1534; x_wconf 89' lang='lat' dir='ltr'><strong>est</strong></span> <span class='ocrx_word' id='word_1_158' title='bbox 1911 1523 1923 1545; x_wconf 93' lang='lat'><strong>,</strong></span> <span class='ocrx_word' id='word_1_159' title='bbox 1955 1492 2119 1553; x_wconf 15' lang='lat' dir='ltr'><strong>utime</strong></span> 
     </span>
    </p>
   </div>
   <div class='ocr_carea' id='block_1_20' title="bbox 590 1552 2117 1621">
    <p class='ocr_par' dir='ltr' id='par_1_20' title="bbox 590 1552 2117 1621">
     <span class='ocr_line' id='line_1_20' title="bbox 590 1552 2117 1621; baseline -0.001 -17"><span class='ocrx_word' id='word_1_160' title='bbox 590 1560 775 1621; x_wconf 80' lang='lat' dir='ltr'><strong>jactem</strong></span> <span class='ocrx_word' id='word_1_161' title='bbox 806 1572 948 1611; x_wconf 85' lang='lat' dir='ltr'><strong>more</strong></span> <span class='ocrx_word' id='word_1_162' title='bbox 978 1558 1271 1613; x_wconf 82' lang='lat' dir='ltr'><strong>hominum,</strong></span> <span class='ocrx_word' id='word_1_163' title='bbox 1314 1553 1404 1606; x_wconf 82' lang='lat' dir='ltr'><strong>sed</strong></span> <span class='ocrx_word' id='word_1_164' title='bbox 1436 1552 1551 1613; x_wconf 87' lang='lat' dir='ltr'><strong>quia</strong></span> <span class='ocrx_word' id='word_1_165' title='bbox 1592 1554 1657 1603; x_wconf 88' lang='lat' dir='ltr'><strong>ita</strong></span> <span class='ocrx_word' id='word_1_166' title='bbox 1690 1561 1767 1603; x_wconf 84' lang='lat' dir='ltr'><strong>est</strong></span> <span class='ocrx_word' id='word_1_167' title='bbox 1794 1554 1841 1603; x_wconf 92' lang='lat' dir='ltr'><strong>in</strong></span> <span class='ocrx_word' id='word_1_168' title='bbox 1876 1567 1949 1605; x_wconf 84' lang='lat' dir='ltr'><strong>re.</strong></span> <span class='ocrx_word' id='word_1_169' title='bbox 1985 1552 2117 1604; x_wconf 85' lang='lat' dir='ltr'><strong>Nam</strong></span> 
     </span>
    </p>
   </div>
   <div class='ocr_carea' id='block_1_21' title="bbox 594 1622 2115 1693">
    <p class='ocr_par' dir='ltr' id='par_1_21' title="bbox 594 1622 2115 1693">
     <span class='ocr_line' id='line_1_21' title="bbox 594 1622 2115 1693; baseline -0.003 -16"><span class='ocrx_word' id='word_1_170' title='bbox 594 1644 683 1693; x_wconf 71' lang='lat' dir='ltr'><strong>ego</strong></span> <span class='ocrx_word' id='word_1_171' title='bbox 704 1630 965 1688; x_wconf 70' lang='lat' dir='ltr'><strong>rustodivi,</strong></span> <span class='ocrx_word' id='word_1_172' title='bbox 992 1633 1043 1677; x_wconf 78' lang='grc' dir='ltr'><strong>ιιι</strong></span> <span class='ocrx_word' id='word_1_173' title='bbox 1067 1636 1271 1677; x_wconf 62' lang='lat' dir='ltr'><strong>ca&#39;tera.</strong></span> <span class='ocrx_word' id='word_1_174' title='bbox 1297 1623 1384 1675; x_wconf 84' lang='lat' dir='ltr'><strong>Vel</strong></span> <span class='ocrx_word' id='word_1_175' title='bbox 1412 1624 1560 1674; x_wconf 80' lang='lat' dir='ltr'><strong>aliter</strong></span> <span class='ocrx_word' id='word_1_176' title='bbox 1582 1640 1593 1672; x_wconf 88' lang='lat'><strong>:</strong></span> <span class='ocrx_word' id='word_1_177' title='bbox 1619 1622 1670 1673; x_wconf 91' lang='lat' dir='ltr'><strong>ln</strong></span> <span class='ocrx_word' id='word_1_178' title='bbox 1696 1632 1890 1673; x_wconf 88' lang='lat' dir='ltr'><strong>tantum</strong></span> <span class='ocrx_word' id='word_1_179' title='bbox 1920 1631 2115 1673; x_wconf 89' lang='lat' dir='ltr'><strong>remota</strong></span> 
     </span>
    </p>
   </div>
   <div class='ocr_carea' id='block_1_22' title="bbox 594 1693 2116 1757">
    <p class='ocr_par' dir='ltr' id='par_1_22' title="bbox 594 1693 2116 1757">
     <span class='ocr_line' id='line_1_22' title="bbox 594 1693 2116 1757; baseline -0.004 -10"><span class='ocrx_word' id='word_1_180' title='bbox 594 1706 673 1747; x_wconf 82' lang='lat' dir='ltr'><strong>est</strong></span> <span class='ocrx_word' id='word_1_181' title='bbox 717 1698 956 1757; x_wconf 71' lang='lat' dir='ltr'><strong>iniquitas</strong></span> <span class='ocrx_word' id='word_1_182' title='bbox 983 1711 1009 1747; x_wconf 91' lang='lat' dir='ltr'><strong>a</strong></span> <span class='ocrx_word' id='word_1_183' title='bbox 1042 1709 1123 1745; x_wconf 91' lang='lat' dir='ltr'><strong>me</strong></span> <span class='ocrx_word' id='word_1_184' title='bbox 1144 1734 1157 1756; x_wconf 90' lang='lat'><strong>,</strong></span> <span class='ocrx_word' id='word_1_185' title='bbox 1190 1707 1239 1745; x_wconf 93' lang='grc' dir='ltr'><strong>ιιι</strong></span> <span class='ocrx_word' id='word_1_186' title='bbox 1268 1694 1421 1746; x_wconf 88' lang='lat' dir='ltr'><strong>etiam</strong></span> <span class='ocrx_word' id='word_1_187' title='bbox 1450 1708 1509 1743; x_wconf 91' lang='lat' dir='ltr'><strong>os</strong></span> <span class='ocrx_word' id='word_1_188' title='bbox 1540 1705 1710 1743; x_wconf 89' lang='lat' dir='ltr'><strong>meum</strong></span> <span class='ocrx_word' id='word_1_189' title='bbox 1744 1706 1844 1741; x_wconf 91' lang='lat' dir='ltr'><strong>non</strong></span> <span class='ocrx_word' id='word_1_190' title='bbox 1880 1693 2116 1756; x_wconf 81' lang='lat' dir='ltr'><strong>loquatur</strong></span> 
     </span>
    </p>
   </div>
   <div class='ocr_carea' id='block_1_23' title="bbox 594 1759 2115 1829">
    <p class='ocr_par' dir='ltr' id='par_1_23' title="bbox 594 1759 2115 1829">
     <span class='ocr_line' id='line_1_23' title="bbox 594 1759 2115 1829; baseline -0.005 -13"><span class='ocrx_word' id='word_1_191' title='bbox 594 1769 658 1816; x_wconf 90' lang='lat' dir='ltr'><strong>ad</strong></span> <span class='ocrx_word' id='word_1_192' title='bbox 712 1780 866 1829; x_wconf 85' lang='lat' dir='ltr'><strong>opera</strong></span> <span class='ocrx_word' id='word_1_193' title='bbox 914 1764 1175 1816; x_wconf 79' lang='lat' dir='ltr'><strong>hominum</strong></span> <span class='ocrx_word' id='word_1_194' title='bbox 1205 1782 1215 1813; x_wconf 90' lang='lat'><strong>:</strong></span> <span class='ocrx_word' id='word_1_195' title='bbox 1258 1762 1563 1815; x_wconf 80' lang='lat' dir='ltr'><strong>subauditur</strong></span> <span class='ocrx_word' id='word_1_196' title='bbox 1596 1759 1984 1829; x_wconf 15' lang='lat' dir='ltr'><strong>imaguilicanda</strong></span> <span class='ocrx_word' id='word_1_197' title='bbox 2012 1800 2024 1818; x_wconf 83' lang='lat'><strong>,</strong></span> <span class='ocrx_word' id='word_1_198' title='bbox 2061 1768 2115 1809; x_wconf 92' lang='lat' dir='ltr'><strong>ut</strong></span> 
     </span>
    </p>
   </div>
   <div class='ocr_carea' id='block_1_24' title="bbox 2232 590 3767 660">
    <p class='ocr_par' dir='ltr' id='par_1_24' title="bbox 2232 590 3767 660">
     <span class='ocr_line' id='line_1_24' title="bbox 2232 590 3767 660; baseline 0.003 -19"><span class='ocrx_word' id='word_1_199' title='bbox 2232 590 2391 660; x_wconf 69' lang='lat' dir='ltr'><strong>ribus.</strong></span> <span class='ocrx_word' id='word_1_200' title='bbox 2416 591 2740 660; x_wconf 81' lang='lat' dir='ltr'><strong>Quapropter</strong></span> <span class='ocrx_word' id='word_1_201' title='bbox 2760 596 2943 646; x_wconf 79' lang='lat' dir='ltr'><strong>inclina</strong></span> <span class='ocrx_word' id='word_1_202' title='bbox 2964 590 3133 647; x_wconf 87' lang='lat' dir='ltr'><strong>aurem</strong></span> <span class='ocrx_word' id='word_1_203' title='bbox 3156 606 3309 657; x_wconf 83' lang='lat' dir='ltr'><strong>tuum,</strong></span> <span class='ocrx_word' id='word_1_204' title='bbox 3339 596 3389 647; x_wconf 94' lang='lat' dir='ltr'><strong>id</strong></span> <span class='ocrx_word' id='word_1_205' title='bbox 3414 590 3527 658; x_wconf 76' lang='lat' dir='ltr'><strong>est,</strong></span> <span class='ocrx_word' id='word_1_206' title='bbox 3556 590 3767 655; x_wconf 71' lang='lat' dir='ltr'><strong>potenti:</strong></span> 
     </span>
    </p>
   </div>
   <div class='ocr_carea' id='block_1_25' title="bbox 2230 659 3768 730">
    <p class='ocr_par' dir='ltr' id='par_1_25' title="bbox 2230 659 3768 730">
     <span class='ocr_line' id='line_1_25' title="bbox 2230 659 3768 730; baseline 0.005 -21"><span class='ocrx_word' id='word_1_207' title='bbox 2230 659 2534 730; x_wconf 81' lang='lat' dir='ltr'><strong>exaudiendi</strong></span> <span class='ocrx_word' id='word_1_208' title='bbox 2560 702 2573 721; x_wconf 85' lang='lat'><strong>,</strong></span> <span class='ocrx_word' id='word_1_209' title='bbox 2604 659 2718 730; x_wconf 77' lang='lat' dir='ltr'><strong>qua:</strong></span> <span class='ocrx_word' id='word_1_210' title='bbox 2748 664 2797 715; x_wconf 90' lang='lat' dir='ltr'><strong>in</strong></span> <span class='ocrx_word' id='word_1_211' title='bbox 2832 674 2879 715; x_wconf 88' lang='lat' dir='ltr'><strong>te</strong></span> <span class='ocrx_word' id='word_1_212' title='bbox 2906 674 2986 717; x_wconf 88' lang='lat' dir='ltr'><strong>est</strong></span> <span class='ocrx_word' id='word_1_213' title='bbox 3008 706 3023 725; x_wconf 79' lang='lat'><strong>,</strong></span> <span class='ocrx_word' id='word_1_214' title='bbox 3069 679 3168 715; x_wconf 92' lang='lat' dir='ltr'><strong>non</strong></span> <span class='ocrx_word' id='word_1_215' title='bbox 3206 664 3420 717; x_wconf 80' lang='lat' dir='ltr'><strong>deserat</strong></span> <span class='ocrx_word' id='word_1_216' title='bbox 3449 678 3545 715; x_wconf 87' lang='lat' dir='ltr'><strong>me</strong></span> <span class='ocrx_word' id='word_1_217' title='bbox 3573 676 3768 728; x_wconf 57' lang='lat' dir='ltr'><strong>propter</strong></span> 
     </span>
    </p>
   </div>
   <div class='ocr_carea' id='block_1_26' title="bbox 2230 728 3768 797">
    <p class='ocr_par' dir='ltr' id='par_1_26' title="bbox 2230 728 3768 797">
     <span class='ocr_line' id='line_1_26' title="bbox 2230 728 3768 797; baseline 0.012 -21"><span class='ocrx_word' id='word_1_218' title='bbox 2230 728 2569 782; x_wconf 82' lang='lat' dir='ltr'><strong>humilitatem</strong></span> <span class='ocrx_word' id='word_1_219' title='bbox 2595 728 2784 795; x_wconf 75' lang='lat' dir='ltr'><strong>meam,</strong></span> <span class='ocrx_word' id='word_1_220' title='bbox 2813 731 2898 797; x_wconf 91' lang='lat' dir='ltr'><strong>qni</strong></span> <span class='ocrx_word' id='word_1_221' title='bbox 2923 732 3052 785; x_wconf 89' lang='lat' dir='ltr'><strong>adeo</strong></span> <span class='ocrx_word' id='word_1_222' title='bbox 3074 734 3306 786; x_wconf 90' lang='lat' dir='ltr'><strong>inlirmus</strong></span> <span class='ocrx_word' id='word_1_223' title='bbox 3329 748 3479 792; x_wconf 83' lang='lat' dir='ltr'><strong>sum.</strong></span> <span class='ocrx_word' id='word_1_224' title='bbox 3512 735 3656 797; x_wconf 74' lang='grc' dir='ltr'>«ιιιοά</span> <span class='ocrx_word' id='word_1_225' title='bbox 3682 749 3707 785; x_wconf 79' lang='grc'>³</span> <span class='ocrx_word' id='word_1_226' title='bbox 3732 750 3768 786; x_wconf 75' lang='grc' dir='ltr'>ιε</span> 
     </span>
    </p>
   </div>
   <div class='ocr_carea' id='block_1_27' title="bbox 2227 797 3769 866">
    <p class='ocr_par' dir='ltr' id='par_1_27' title="bbox 2227 797 3769 866">
     <span class='ocr_line' id='line_1_27' title="bbox 2227 797 3769 866; baseline 0.001 -19"><span class='ocrx_word' id='word_1_227' title='bbox 2227 797 2357 863; x_wconf 90' lang='lat' dir='ltr'><strong>erigi</strong></span> <span class='ocrx_word' id='word_1_228' title='bbox 2389 813 2490 850; x_wconf 89' lang='lat' dir='ltr'><strong>non</strong></span> <span class='ocrx_word' id='word_1_229' title='bbox 2519 813 2751 866; x_wconf 87' lang='lat' dir='ltr'><strong>possum,</strong></span> <span class='ocrx_word' id='word_1_230' title='bbox 2790 809 2843 853; x_wconf 88' lang='lat' dir='ltr'><strong>et</strong></span> <span class='ocrx_word' id='word_1_231' title='bbox 2870 802 3055 853; x_wconf 68' lang='lat' dir='ltr'><strong>exaudi</strong></span> <span class='ocrx_word' id='word_1_232' title='bbox 3092 801 3237 853; x_wconf 77' lang='lat' dir='ltr'><strong>verba</strong></span> <span class='ocrx_word' id='word_1_233' title='bbox 3266 817 3379 853; x_wconf 84' lang='lat' dir='ltr'><strong>mea</strong></span> <span class='ocrx_word' id='word_1_234' title='bbox 3407 844 3419 858; x_wconf 86' lang='lat'><strong>.</strong></span> <span class='ocrx_word' id='word_1_235' title='bbox 3473 802 3528 852; x_wconf 87' lang='lat' dir='ltr'><strong>id</strong></span> <span class='ocrx_word' id='word_1_236' title='bbox 3562 812 3644 852; x_wconf 82' lang='lat' dir='ltr'><strong>est</strong></span> <span class='ocrx_word' id='word_1_237' title='bbox 3670 818 3769 851; x_wconf 71' lang='lat' dir='ltr'><strong>ora-</strong></span> 
     </span>
    </p>
   </div>
   <div class='ocr_carea' id='block_1_28' title="bbox 2229 865 3767 938">
    <p class='ocr_par' dir='ltr' id='par_1_28' title="bbox 2229 865 3767 938">
     <span class='ocr_line' id='line_1_28' title="bbox 2229 865 3767 938; baseline 0.003 -23"><span class='ocrx_word' id='word_1_238' title='bbox 2229 865 2420 938; x_wconf 79' lang='lat' dir='ltr'><strong>tionem</strong></span> <span class='ocrx_word' id='word_1_239' title='bbox 2453 882 2623 938; x_wconf 67' lang='lat' dir='ltr'><strong>meam</strong></span> <span class='ocrx_word' id='word_1_240' title='bbox 2657 868 2841 921; x_wconf 81' lang='lat' dir='ltr'><strong>iactam</strong></span> <span class='ocrx_word' id='word_1_241' title='bbox 2870 882 2964 938; x_wconf 88' lang='lat' dir='ltr'><strong>pro</strong></span> <span class='ocrx_word' id='word_1_242' title='bbox 2992 870 3121 921; x_wconf 87' lang='lat' dir='ltr'><strong>meis</strong></span> <span class='ocrx_word' id='word_1_243' title='bbox 3145 911 3161 934; x_wconf 89' lang='lat'><strong>,</strong></span> <span class='ocrx_word' id='word_1_244' title='bbox 3195 870 3290 922; x_wconf 85' lang='lat' dir='ltr'><strong>hac</strong></span> <span class='ocrx_word' id='word_1_245' title='bbox 3317 870 3536 922; x_wconf 79' lang='lat' dir='ltr'><strong>scilicet</strong></span> <span class='ocrx_word' id='word_1_246' title='bbox 3572 872 3767 921; x_wconf 82' lang='lat' dir='ltr'><strong>exaudi-</strong></span> 
     </span>
    </p>
   </div>
   <div class='ocr_carea' id='block_1_29' title="bbox 2228 934 3765 1001">
    <p class='ocr_par' dir='ltr' id='par_1_29' title="bbox 2228 934 3765 1001">
     <span class='ocr_line' id='line_1_29' title="bbox 2228 934 3765 1001; baseline 0.005 -18"><span class='ocrx_word' id='word_1_247' title='bbox 2228 934 2367 987; x_wconf 88' lang='lat' dir='ltr'><strong>tione</strong></span> <span class='ocrx_word' id='word_1_248' title='bbox 2396 935 2608 989; x_wconf 83' lang='lat' dir='ltr'><strong>miriﬁca</strong></span> <span class='ocrx_word' id='word_1_249' title='bbox 2638 938 2713 988; x_wconf 87' lang='lat' dir='ltr'><strong>eis</strong></span> <span class='ocrx_word' id='word_1_250' title='bbox 2743 934 3121 990; x_wconf 70' lang='lat' dir='ltr'><strong>misericordias</strong></span> <span class='ocrx_word' id='word_1_251' title='bbox 3154 949 3269 993; x_wconf 89' lang='lat' dir='ltr'><strong>tuas</strong></span> <span class='ocrx_word' id='word_1_252' title='bbox 3294 978 3310 1001; x_wconf 86' lang='lat'><strong>,</strong></span> <span class='ocrx_word' id='word_1_253' title='bbox 3363 939 3413 991; x_wconf 88' lang='lat' dir='ltr'><strong>id</strong></span> <span class='ocrx_word' id='word_1_254' title='bbox 3463 950 3551 992; x_wconf 69' lang='lat' dir='ltr'><strong>est</strong></span> <span class='ocrx_word' id='word_1_255' title='bbox 3580 978 3594 994; x_wconf 93' lang='lat'><strong>.</strong></span> <span class='ocrx_word' id='word_1_256' title='bbox 3626 939 3765 990; x_wconf 74' lang='lat' dir='ltr'><strong>iacies</strong></span> 
     </span>
    </p>
   </div>
   <div class='ocr_carea' id='block_1_30' title="bbox 2225 1003 3759 1073">
    <p class='ocr_par' dir='ltr' id='par_1_30' title="bbox 2225 1003 3759 1073">
     <span class='ocr_line' id='line_1_30' title="bbox 2225 1003 3759 1073; baseline 0.003 -19"><span class='ocrx_word' id='word_1_257' title='bbox 2225 1003 2301 1055; x_wconf 87' lang='lat' dir='ltr'><strong>eis</strong></span> <span class='ocrx_word' id='word_1_258' title='bbox 2331 1004 2516 1056; x_wconf 90' lang='lat' dir='ltr'><strong>mirum</strong></span> <span class='ocrx_word' id='word_1_259' title='bbox 2543 1015 2596 1058; x_wconf 87' lang='lat' dir='ltr'><strong>et</strong></span> <span class='ocrx_word' id='word_1_260' title='bbox 2621 1006 2964 1059; x_wconf 82' lang='lat' dir='ltr'><strong>desiderabile</strong></span> <span class='ocrx_word' id='word_1_261' title='bbox 2986 1008 3166 1065; x_wconf 84' lang='lat' dir='ltr'><strong>videri.</strong></span> <span class='ocrx_word' id='word_1_262' title='bbox 3196 1006 3333 1073; x_wconf 89' lang='lat' dir='ltr'><strong>quod</strong></span> <span class='ocrx_word' id='word_1_263' title='bbox 3356 1021 3453 1060; x_wconf 80' lang='lat' dir='ltr'><strong>eos</strong></span> <span class='ocrx_word' id='word_1_264' title='bbox 3488 1018 3759 1071; x_wconf 75' lang='lat' dir='ltr'><strong>antequam</strong></span> 
     </span>
    </p>
   </div>
   <div class='ocr_carea' id='block_1_31' title="bbox 2224 1074 3759 1142">
    <p class='ocr_par' dir='ltr' id='par_1_31' title="bbox 2224 1074 3759 1142">
     <span class='ocr_line' id='line_1_31' title="bbox 2224 1074 3759 1142; baseline 0.003 -20"><span class='ocrx_word' id='word_1_265' title='bbox 2224 1084 2394 1142; x_wconf 87' lang='lat' dir='ltr'><strong>essent</strong></span> <span class='ocrx_word' id='word_1_266' title='bbox 2423 1074 2644 1140; x_wconf 82' lang='lat' dir='ltr'><strong>elegisti,</strong></span> <span class='ocrx_word' id='word_1_267' title='bbox 2669 1081 2721 1125; x_wconf 92' lang='lat' dir='ltr'><strong>et</strong></span> <span class='ocrx_word' id='word_1_268' title='bbox 2748 1074 2975 1134; x_wconf 79' lang='lat' dir='ltr'><strong>perditos</strong></span> <span class='ocrx_word' id='word_1_269' title='bbox 3004 1076 3197 1129; x_wconf 83' lang='lat' dir='ltr'><strong>vocasti</strong></span> <span class='ocrx_word' id='word_1_270' title='bbox 3221 1112 3241 1140; x_wconf 82' lang='lat'><strong>,</strong></span> <span class='ocrx_word' id='word_1_271' title='bbox 3269 1075 3557 1136; x_wconf 84' lang='lat' dir='ltr'><strong>recreasti.</strong></span> <span class='ocrx_word' id='word_1_272' title='bbox 3581 1074 3759 1142; x_wconf 62' lang='lat' dir='ltr'><strong>justiti-</strong></span> 
     </span>
    </p>
   </div>
   <div class='ocr_carea' id='block_1_32' title="bbox 2224 1141 3758 1214">
    <p class='ocr_par' dir='ltr' id='par_1_32' title="bbox 2224 1141 3758 1214">
     <span class='ocr_line' id='line_1_32' title="bbox 2224 1141 3758 1214; baseline 0.003 -24"><span class='ocrx_word' id='word_1_273' title='bbox 2224 1141 2389 1214; x_wconf 49' lang='lat' dir='ltr'><strong>easti!</strong></span> <span class='ocrx_word' id='word_1_274' title='bbox 2422 1151 2472 1193; x_wconf 90' lang='lat' dir='ltr'><strong>et</strong></span> <span class='ocrx_word' id='word_1_275' title='bbox 2497 1143 2839 1214; x_wconf 73' lang='lat' dir='ltr'><strong>_magnillcasti</strong></span> <span class='ocrx_word' id='word_1_276' title='bbox 2866 1184 2880 1207; x_wconf 91' lang='lat'><strong>,</strong></span> <span class='ocrx_word' id='word_1_277' title='bbox 2925 1159 3039 1214; x_wconf 68' lang='lat' dir='ltr'><strong>qua</strong></span> <span class='ocrx_word' id='word_1_278' title='bbox 3078 1154 3199 1214; x_wconf 86' lang='lat' dir='ltr'><strong>sunt</strong></span> <span class='ocrx_word' id='word_1_279' title='bbox 3234 1141 3625 1198; x_wconf 64' lang='lat' dir='ltr'><strong>misericordia:</strong></span> <span class='ocrx_word' id='word_1_280' title='bbox 3656 1156 3758 1195; x_wconf 68' lang='lat' dir='ltr'><strong>tua.</strong></span> 
     </span>
    </p>
   </div>
   <div class='ocr_carea' id='block_1_33' title="bbox 2225 1206 3755 1277">
    <p class='ocr_par' dir='ltr' id='par_1_33' title="bbox 2225 1206 3755 1277">
     <span class='ocr_line' id='line_1_33' title="bbox 2225 1206 3755 1277; baseline 0.003 -18"><span class='ocrx_word' id='word_1_281' title='bbox 2225 1206 2461 1273; x_wconf 79' lang='lat' dir='ltr'><strong>Miriﬁra.</strong></span> <span class='ocrx_word' id='word_1_282' title='bbox 2496 1206 2701 1276; x_wconf 84' lang='lat' dir='ltr'><strong>inquam</strong></span> <span class='ocrx_word' id='word_1_283' title='bbox 2726 1254 2740 1275; x_wconf 88' lang='lat'><strong>,</strong></span> <span class='ocrx_word' id='word_1_284' title='bbox 2782 1223 2834 1263; x_wconf 93' lang='lat' dir='ltr'><strong>ut</strong></span> <span class='ocrx_word' id='word_1_285' title='bbox 2861 1206 3071 1274; x_wconf 73' lang='lat' dir='ltr'><strong>sperent</strong></span> <span class='ocrx_word' id='word_1_286' title='bbox 3102 1213 3150 1265; x_wconf 92' lang='lat' dir='ltr'><strong>in</strong></span> <span class='ocrx_word' id='word_1_287' title='bbox 3180 1224 3228 1266; x_wconf 89' lang='lat' dir='ltr'><strong>te</strong></span> <span class='ocrx_word' id='word_1_288' title='bbox 3250 1256 3264 1277; x_wconf 93' lang='lat'><strong>,</strong></span> <span class='ocrx_word' id='word_1_289' title='bbox 3298 1226 3346 1266; x_wconf 88' lang='lat' dir='ltr'><strong>et</strong></span> <span class='ocrx_word' id='word_1_290' title='bbox 3378 1214 3454 1265; x_wconf 88' lang='lat' dir='ltr'><strong>sic</strong></span> <span class='ocrx_word' id='word_1_291' title='bbox 3495 1214 3755 1265; x_wconf 64' lang='lat' dir='ltr'><strong>saltaban-</strong></span> 
     </span>
    </p>
   </div>
   <div class='ocr_carea' id='block_1_34' title="bbox 2226 1279 3552 1346">
    <p class='ocr_par' dir='ltr' id='par_1_34' title="bbox 2226 1279 3552 1346">
     <span class='ocr_line' id='line_1_34' title="bbox 2226 1279 3552 1346; baseline 0.005 -20"><span class='ocrx_word' id='word_1_292' title='bbox 2226 1284 2328 1337; x_wconf 80' lang='lat' dir='ltr'><strong>tur,</strong></span> <span class='ocrx_word' id='word_1_293' title='bbox 2358 1279 2476 1343; x_wconf 82' lang='lat' dir='ltr'><strong>quia</strong></span> <span class='ocrx_word' id='word_1_294' title='bbox 2506 1288 2558 1329; x_wconf 78' lang='lat' dir='ltr'><strong>tu</strong></span> <span class='ocrx_word' id='word_1_295' title='bbox 2580 1281 2739 1333; x_wconf 77' lang='lat' dir='ltr'><strong>salvos</strong></span> <span class='ocrx_word' id='word_1_296' title='bbox 2768 1282 2891 1346; x_wconf 76' lang='lat' dir='ltr'><strong>facis</strong></span> <span class='ocrx_word' id='word_1_297' title='bbox 2916 1292 3361 1345; x_wconf 32' lang='lat' dir='ltr'><strong>omnesvsperantes</strong></span> <span class='ocrx_word' id='word_1_298' title='bbox 3390 1283 3443 1333; x_wconf 84' lang='lat' dir='ltr'><strong>in</strong></span> <span class='ocrx_word' id='word_1_299' title='bbox 3479 1292 3552 1333; x_wconf 81' lang='lat' dir='ltr'><strong>te.</strong></span> 
     </span>
    </p>
   </div>
   <div class='ocr_carea' id='block_1_35' title="bbox 2292 1348 3758 1415">
    <p class='ocr_par' dir='ltr' id='par_1_35' title="bbox 2292 1348 3758 1415">
     <span class='ocr_line' id='line_1_35' title="bbox 2292 1348 3758 1415; baseline 0.001 -18"><span class='ocrx_word' id='word_1_300' title='bbox 2292 1348 2330 1397; x_wconf 84' lang='lat' dir='ltr'><strong><em>A</em></strong></span> <span class='ocrx_word' id='word_1_301' title='bbox 2378 1348 2713 1400; x_wconf 69' lang='lat' dir='ltr'><strong>resistentibus</strong></span> <span class='ocrx_word' id='word_1_302' title='bbox 2751 1352 2961 1403; x_wconf 67' lang='lat' dir='ltr'><strong>dextera</strong></span> <span class='ocrx_word' id='word_1_303' title='bbox 2989 1362 3104 1404; x_wconf 73' lang='lat' dir='ltr'><strong>luit.</strong></span> <span class='ocrx_word' id='word_1_304' title='bbox 3140 1351 3422 1413; x_wconf 77' lang='lat' dir='ltr'><strong>Postquam</strong></span> <span class='ocrx_word' id='word_1_305' title='bbox 3470 1349 3653 1402; x_wconf 80' lang='lat' dir='ltr'><strong>orarit</strong></span> <span class='ocrx_word' id='word_1_306' title='bbox 3680 1365 3758 1415; x_wconf 72' lang='lat' dir='ltr'><strong>pro</strong></span> 
     </span>
    </p>
   </div>
   <div class='ocr_carea' id='block_1_36' title="bbox 2224 1415 3754 1486">
    <p class='ocr_par' dir='ltr' id='par_1_36' title="bbox 2224 1415 3754 1486">
     <span class='ocr_line' id='line_1_36' title="bbox 2224 1415 3754 1486; baseline 0.004 -21"><span class='ocrx_word' id='word_1_307' title='bbox 2224 1415 2573 1486; x_wconf 67' lang='lat' dir='ltr'><strong>repellendae</strong></span> <span class='ocrx_word' id='word_1_308' title='bbox 2603 1417 2711 1469; x_wconf 88' lang='lat' dir='ltr'><strong>suis</strong></span> <span class='ocrx_word' id='word_1_309' title='bbox 2748 1420 3066 1482; x_wconf 87' lang='lat' dir='ltr'><strong>inlirinitate,</strong></span> <span class='ocrx_word' id='word_1_310' title='bbox 3098 1428 3211 1471; x_wconf 90' lang='lat' dir='ltr'><strong>orat</strong></span> <span class='ocrx_word' id='word_1_311' title='bbox 3236 1420 3392 1471; x_wconf 88' lang='lat' dir='ltr'><strong>etiam</strong></span> <span class='ocrx_word' id='word_1_312' title='bbox 3425 1434 3531 1486; x_wconf 82' lang='lat' dir='ltr'><strong>pro</strong></span> <span class='ocrx_word' id='word_1_313' title='bbox 3558 1433 3754 1471; x_wconf 84' lang='lat' dir='ltr'><strong>conser-</strong></span> 
     </span>
    </p>
   </div>
   <div class='ocr_carea' id='block_1_37' title="bbox 2220 1484 3754 1554">
    <p class='ocr_par' dir='ltr' id='par_1_37' title="bbox 2220 1484 3754 1554">
     <span class='ocr_line' id='line_1_37' title="bbox 2220 1484 3754 1554; baseline 0.001 -21"><span class='ocrx_word' id='word_1_314' title='bbox 2220 1484 2385 1554; x_wconf 87' lang='lat' dir='ltr'><strong>vanda</strong></span> <span class='ocrx_word' id='word_1_315' title='bbox 2421 1484 2662 1554; x_wconf 80' lang='lat' dir='ltr'><strong>sanitate.</strong></span> <span class='ocrx_word' id='word_1_316' title='bbox 2700 1488 2854 1550; x_wconf 85' lang='lat' dir='ltr'><strong>Quasi</strong></span> <span class='ocrx_word' id='word_1_317' title='bbox 2896 1487 3070 1539; x_wconf 88' lang='lat' dir='ltr'><strong>dicat:</strong></span> <span class='ocrx_word' id='word_1_318' title='bbox 3118 1487 3399 1554; x_wconf 84' lang='lat' dir='ltr'><strong>Postquam</strong></span> <span class='ocrx_word' id='word_1_319' title='bbox 3428 1484 3706 1551; x_wconf 70' lang='lat' dir='ltr'><strong>repeteris</strong></span> <span class='ocrx_word' id='word_1_320' title='bbox 3732 1506 3754 1535; x_wconf 59' lang='grc' dir='ltr'>α</span> 
     </span>
    </p>
   </div>
   <div class='ocr_carea' id='block_1_38' title="bbox 2221 1553 3749 1613">
    <p class='ocr_par' dir='ltr' id='par_1_38' title="bbox 2221 1553 3749 1613">
     <span class='ocr_line' id='line_1_38' title="bbox 2221 1553 3749 1613; baseline 0 -10"><span class='ocrx_word' id='word_1_321' title='bbox 2221 1553 2351 1603; x_wconf 83' lang='lat' dir='ltr'><strong>meis</strong></span> <span class='ocrx_word' id='word_1_322' title='bbox 2383 1553 2737 1607; x_wconf 79' lang='lat' dir='ltr'><strong>inﬁrmitatem</strong></span> <span class='ocrx_word' id='word_1_323' title='bbox 2768 1556 3088 1609; x_wconf 75' lang='lat' dir='ltr'><strong>mirilit-ando</strong></span> <span class='ocrx_word' id='word_1_324' title='bbox 3110 1558 3189 1609; x_wconf 90' lang='lat' dir='ltr'><strong>eis</strong></span> <span class='ocrx_word' id='word_1_325' title='bbox 3212 1556 3609 1609; x_wconf 83' lang='lat' dir='ltr'><strong>misericordias</strong></span> <span class='ocrx_word' id='word_1_326' title='bbox 3632 1568 3749 1613; x_wconf 68' lang='lat' dir='ltr'><strong>tuas,</strong></span> 
     </span>
    </p>
   </div>
   <div class='ocr_carea' id='block_1_39' title="bbox 2221 1623 3750 1689">
    <p class='ocr_par' dir='ltr' id='par_1_39' title="bbox 2221 1623 3750 1689">
     <span class='ocr_line' id='line_1_39' title="bbox 2221 1623 3750 1689; baseline 0.009 -20"><span class='ocrx_word' id='word_1_327' title='bbox 2221 1634 2473 1673; x_wconf 88' lang='lat' dir='ltr'><strong>conserva</strong></span> <span class='ocrx_word' id='word_1_328' title='bbox 2506 1623 2555 1672; x_wconf 93' lang='lat' dir='ltr'><strong>in</strong></span> <span class='ocrx_word' id='word_1_329' title='bbox 2580 1624 2656 1673; x_wconf 79' lang='lat' dir='ltr'><strong>eis</strong></span> <span class='ocrx_word' id='word_1_330' title='bbox 2679 1624 2972 1686; x_wconf 88' lang='lat' dir='ltr'><strong>sanitatem,</strong></span> <span class='ocrx_word' id='word_1_331' title='bbox 2998 1627 3194 1678; x_wconf 88' lang='lat' dir='ltr'><strong>scilicet</strong></span> <span class='ocrx_word' id='word_1_332' title='bbox 3219 1625 3424 1678; x_wconf 89' lang='lat' dir='ltr'><strong>custodi</strong></span> <span class='ocrx_word' id='word_1_333' title='bbox 3455 1640 3573 1689; x_wconf 80' lang='lat' dir='ltr'><strong>me,</strong></span> <span class='ocrx_word' id='word_1_334' title='bbox 3596 1626 3643 1675; x_wconf 86' lang='lat' dir='ltr'><strong>id</strong></span> <span class='ocrx_word' id='word_1_335' title='bbox 3666 1640 3750 1683; x_wconf 71' lang='lat' dir='ltr'><strong>est.</strong></span> 
     </span>
    </p>
   </div>
   <div class='ocr_carea' id='block_1_40' title="bbox 2220 1690 3750 1753">
    <p class='ocr_par' dir='ltr' id='par_1_40' title="bbox 2220 1690 3750 1753">
     <span class='ocr_line' id='line_1_40' title="bbox 2220 1690 3750 1753; baseline 0.002 -16"><span class='ocrx_word' id='word_1_336' title='bbox 2220 1704 2249 1737; x_wconf 89' lang='lat' dir='ltr'><strong>a</strong></span> <span class='ocrx_word' id='word_1_337' title='bbox 2273 1690 2608 1742; x_wconf 78' lang='lat' dir='ltr'><strong>resistentibus</strong></span> <span class='ocrx_word' id='word_1_338' title='bbox 2638 1694 2852 1744; x_wconf 74' lang='lat' dir='ltr'><strong>dextera:</strong></span> <span class='ocrx_word' id='word_1_339' title='bbox 2878 1705 2994 1753; x_wconf 67' lang='lat' dir='ltr'><strong>tuas,</strong></span> <span class='ocrx_word' id='word_1_340' title='bbox 3028 1695 3075 1746; x_wconf 90' lang='lat' dir='ltr'><strong>id</strong></span> <span class='ocrx_word' id='word_1_341' title='bbox 3107 1704 3205 1753; x_wconf 83' lang='lat' dir='ltr'><strong>est,</strong></span> <span class='ocrx_word' id='word_1_342' title='bbox 3229 1708 3255 1744; x_wconf 83' lang='lat' dir='ltr'><strong>a</strong></span> <span class='ocrx_word' id='word_1_343' title='bbox 3284 1693 3750 1745; x_wconf 67' lang='lat' dir='ltr'><strong>contradictorilim</strong></span> 
     </span>
    </p>
   </div>
   <div class='ocr_carea' id='block_1_41' title="bbox 2220 1758 3749 1827">
    <p class='ocr_par' dir='ltr' id='par_1_41' title="bbox 2220 1758 3749 1827">
     <span class='ocr_line' id='line_1_41' title="bbox 2220 1758 3749 1827; baseline 0.003 -19"><span class='ocrx_word' id='word_1_344' title='bbox 2220 1758 2471 1827; x_wconf 77' lang='lat' dir='ltr'><strong>_veritatis.</strong></span> <span class='ocrx_word' id='word_1_345' title='bbox 2498 1762 2584 1825; x_wconf 90' lang='lat' dir='ltr'><strong>qui</strong></span> <span class='ocrx_word' id='word_1_346' title='bbox 2615 1762 2863 1813; x_wconf 90' lang='lat' dir='ltr'><strong>resistunt</strong></span> <span class='ocrx_word' id='word_1_347' title='bbox 2904 1762 3027 1812; x_wconf 88' lang='lat' dir='ltr'><strong>mihi</strong></span> <span class='ocrx_word' id='word_1_348' title='bbox 3054 1804 3068 1825; x_wconf 83' lang='lat'><strong>,</strong></span> <span class='ocrx_word' id='word_1_349' title='bbox 3100 1764 3184 1827; x_wconf 87' lang='lat' dir='ltr'><strong>qui</strong></span> <span class='ocrx_word' id='word_1_350' title='bbox 3212 1777 3326 1813; x_wconf 86' lang='lat' dir='ltr'><strong>sum</strong></span> <span class='ocrx_word' id='word_1_351' title='bbox 3364 1763 3561 1814; x_wconf 80' lang='lat' dir='ltr'><strong>dextra</strong></span> <span class='ocrx_word' id='word_1_352' title='bbox 3593 1767 3652 1812; x_wconf 85' lang='lat' dir='ltr'><strong>ad</strong></span> <span class='ocrx_word' id='word_1_353' title='bbox 3675 1765 3749 1812; x_wconf 61' lang='lat' dir='ltr'><strong>JF-</strong></span> 
     </span>
    </p>
   </div>
   <div class='ocr_carea' id='block_1_42' title="bbox 594 1825 3747 1898">
    <p class='ocr_par' dir='ltr' id='par_1_42' title="bbox 594 1825 3747 1898">
     <span class='ocr_line' id='line_1_42' title="bbox 594 1825 3747 1898; baseline -0.002 -13"><span class='ocrx_word' id='word_1_354' title='bbox 594 1850 697 1885; x_wconf 90' lang='lat' dir='ltr'><strong>non</strong></span> <span class='ocrx_word' id='word_1_355' title='bbox 729 1825 889 1884; x_wconf 83' lang='lat' dir='ltr'><strong>solum</strong></span> <span class='ocrx_word' id='word_1_356' title='bbox 924 1849 1022 1884; x_wconf 89' lang='lat' dir='ltr'><strong>non</strong></span> <span class='ocrx_word' id='word_1_357' title='bbox 1054 1835 1293 1893; x_wconf 80' lang='lat' dir='ltr'><strong>iacerem,</strong></span> <span class='ocrx_word' id='word_1_358' title='bbox 1326 1833 1414 1883; x_wconf 89' lang='lat' dir='ltr'><strong>sed</strong></span> <span class='ocrx_word' id='word_1_359' title='bbox 1449 1844 1542 1881; x_wconf 90' lang='lat' dir='ltr'><strong>nec</strong></span> <span class='ocrx_word' id='word_1_360' title='bbox 1579 1828 2022 1898; x_wconf 32' lang='lat' dir='ltr'><strong>diceremAaliqnid</strong></span> <span class='ocrx_word' id='word_1_361' title='bbox 2052 1829 2116 1879; x_wconf 90' lang='lat' dir='ltr'><strong>ad</strong></span> <span class='ocrx_word' id='word_1_362' title='bbox 2151 1839 2193 1897; x_wconf 76' lang='grc' dir='ltr'><strong>Β</strong></span> <span class='ocrx_word' id='word_1_363' title='bbox 2222 1825 2489 1898; x_wconf 78' lang='lat' dir='ltr'><strong>bellandos</strong></span> <span class='ocrx_word' id='word_1_364' title='bbox 2516 1828 2753 1898; x_wconf 84' lang='lat' dir='ltr'><strong>inimicos</strong></span> <span class='ocrx_word' id='word_1_365' title='bbox 2778 1840 2915 1881; x_wconf 88' lang='lat' dir='ltr'><strong>tuos.</strong></span> <span class='ocrx_word' id='word_1_366' title='bbox 2948 1825 3152 1883; x_wconf 85' lang='lat' dir='ltr'><strong>Custodi</strong></span> <span class='ocrx_word' id='word_1_367' title='bbox 3180 1846 3281 1893; x_wconf 90' lang='lat' dir='ltr'><strong>eos,</strong></span> <span class='ocrx_word' id='word_1_368' title='bbox 3318 1834 3556 1898; x_wconf 86' lang='lat' dir='ltr'><strong>inquam,</strong></span> <span class='ocrx_word' id='word_1_369' title='bbox 3582 1840 3634 1881; x_wconf 71' lang='lat' dir='ltr'><strong>at</strong></span> <span class='ocrx_word' id='word_1_370' title='bbox 3662 1848 3747 1895; x_wconf 75' lang='grc' dir='ltr'><strong>ριο</strong></span> 
     </span>
    </p>
   </div>
   <div class='ocr_carea' id='block_1_43' title="bbox 594 1894 2119 1966">
    <p class='ocr_par' dir='ltr' id='par_1_43' title="bbox 594 1894 2119 1966">
     <span class='ocr_line' id='line_1_43' title="bbox 594 1894 2119 1966; baseline -0.001 -15"><span class='ocrx_word' id='word_1_371' title='bbox 594 1904 790 1955; x_wconf 89' lang='lat' dir='ltr'><strong>laudem</strong></span> <span class='ocrx_word' id='word_1_372' title='bbox 824 1903 1096 1954; x_wconf 88' lang='lat' dir='ltr'><strong>humanam</strong></span> <span class='ocrx_word' id='word_1_373' title='bbox 1130 1905 1430 1966; x_wconf 79' lang='lat' dir='ltr'><strong>pertinens:</strong></span> <span class='ocrx_word' id='word_1_374' title='bbox 1482 1898 1573 1950; x_wconf 90' lang='lat' dir='ltr'><strong>sed</strong></span> <span class='ocrx_word' id='word_1_375' title='bbox 1613 1898 1769 1966; x_wconf 87' lang='lat' dir='ltr'><strong>etiam</strong></span> <span class='ocrx_word' id='word_1_376' title='bbox 1807 1894 2036 1966; x_wconf 74' lang='lat' dir='ltr'><strong>iacerem</strong></span> <span class='ocrx_word' id='word_1_377' title='bbox 2066 1906 2119 1949; x_wconf 91' lang='lat' dir='ltr'><strong>et</strong></span> 
     </span>
    </p>
   </div>
   <div class='ocr_carea' id='block_1_44' title="bbox 590 1965 2114 2031">
    <p class='ocr_par' dir='ltr' id='par_1_44' title="bbox 590 1965 2114 2031">
     <span class='ocr_line' id='line_1_44' title="bbox 590 1965 2114 2031; baseline -0.003 -8"><span class='ocrx_word' id='word_1_378' title='bbox 590 1972 813 2025; x_wconf 87' lang='lat' dir='ltr'><strong>dicerem</strong></span> <span class='ocrx_word' id='word_1_379' title='bbox 845 1974 1013 2024; x_wconf 84' lang='lat' dir='ltr'><strong>omnia</strong></span> <span class='ocrx_word' id='word_1_380' title='bbox 1047 1972 1108 2021; x_wconf 87' lang='lat' dir='ltr'><strong>ad</strong></span> <span class='ocrx_word' id='word_1_381' title='bbox 1135 1965 1338 2021; x_wconf 86' lang='lat' dir='ltr'><strong>laudem</strong></span> <span class='ocrx_word' id='word_1_382' title='bbox 1372 1980 1527 2019; x_wconf 90' lang='lat' dir='ltr'><strong>tuam.</strong></span> <span class='ocrx_word' id='word_1_383' title='bbox 1560 1966 1703 2030; x_wconf 86' lang='lat' dir='ltr'><strong>Quod</strong></span> <span class='ocrx_word' id='word_1_384' title='bbox 1732 1965 1852 2018; x_wconf 86' lang='lat' dir='ltr'><strong>inde</strong></span> <span class='ocrx_word' id='word_1_385' title='bbox 1878 1975 2114 2031; x_wconf 78' lang='lat' dir='ltr'><strong>apparet,</strong></span> 
     </span>
    </p>
   </div>
   <div class='ocr_carea' id='block_1_45' title="bbox 591 2036 2114 2107">
    <p class='ocr_par' dir='ltr' id='par_1_45' title="bbox 591 2036 2114 2107">
     <span class='ocr_line' id='line_1_45' title="bbox 591 2036 2114 2107; baseline -0.006 -15"><span class='ocrx_word' id='word_1_386' title='bbox 591 2042 708 2107; x_wconf 89' lang='lat' dir='ltr'><strong>quia</strong></span> <span class='ocrx_word' id='word_1_387' title='bbox 740 2055 835 2106; x_wconf 86' lang='lat' dir='ltr'><strong>ego</strong></span> <span class='ocrx_word' id='word_1_388' title='bbox 864 2040 1115 2097; x_wconf 75' lang='lat' dir='ltr'><strong>custodivi</strong></span> <span class='ocrx_word' id='word_1_389' title='bbox 1143 2040 1251 2090; x_wconf 84' lang='lat' dir='ltr'><strong>vias</strong></span> <span class='ocrx_word' id='word_1_390' title='bbox 1282 2037 1439 2107; x_wconf 82' lang='lat' dir='ltr'><strong>duras</strong></span> <span class='ocrx_word' id='word_1_391' title='bbox 1464 2075 1478 2096; x_wconf 83' lang='lat'><strong>,</strong></span> <span class='ocrx_word' id='word_1_392' title='bbox 1521 2036 1568 2107; x_wconf 94' lang='lat' dir='ltr'><strong>id</strong></span> <span class='ocrx_word' id='word_1_393' title='bbox 1601 2043 1679 2086; x_wconf 75' lang='lat' dir='ltr'><strong>est</strong></span> <span class='ocrx_word' id='word_1_394' title='bbox 1711 2046 1961 2107; x_wconf 55' lang='lat' dir='ltr'><strong>prajcepta</strong></span> <span class='ocrx_word' id='word_1_395' title='bbox 1993 2044 2072 2107; x_wconf 73' lang='lat' dir='ltr'><strong>tua</strong></span> <span class='ocrx_word' id='word_1_396' title='bbox 2101 2077 2114 2097; x_wconf 90' lang='lat'><strong>,</strong></span> 
     </span>
    </p>
   </div>
   <div class='ocr_carea' id='block_1_46' title="bbox 591 2104 2118 2175">
    <p class='ocr_par' dir='ltr' id='par_1_46' title="bbox 591 2104 2118 2175">
     <span class='ocr_line' id='line_1_46' title="bbox 591 2104 2118 2175; baseline -0.007 -14"><span class='ocrx_word' id='word_1_397' title='bbox 591 2104 705 2175; x_wconf 64' lang='lat' dir='ltr'><strong>qtae</strong></span> <span class='ocrx_word' id='word_1_398' title='bbox 734 2104 847 2162; x_wconf 77' lang='lat' dir='ltr'><strong>aliis</strong></span> <span class='ocrx_word' id='word_1_399' title='bbox 872 2109 1110 2160; x_wconf 80' lang='lat' dir='ltr'><strong>videntur</strong></span> <span class='ocrx_word' id='word_1_400' title='bbox 1148 2107 1273 2159; x_wconf 89' lang='lat' dir='ltr'><strong>dura</strong></span> <span class='ocrx_word' id='word_1_401' title='bbox 1300 2123 1311 2156; x_wconf 73' lang='grc' dir='ltr'><strong><em>τ</em></strong></span> <span class='ocrx_word' id='word_1_402' title='bbox 1345 2106 1500 2157; x_wconf 80' lang='lat' dir='ltr'><strong>habet</strong></span> <span class='ocrx_word' id='word_1_403' title='bbox 1528 2106 1626 2175; x_wconf 84' lang='lat' dir='ltr'><strong>alia</strong></span> <span class='ocrx_word' id='word_1_404' title='bbox 1656 2105 1923 2175; x_wconf 58' lang='lat' dir='ltr'><strong>translatio</strong></span> <span class='ocrx_word' id='word_1_405' title='bbox 1949 2144 1962 2165; x_wconf 93' lang='lat'><strong>,</strong></span> <span class='ocrx_word' id='word_1_406' title='bbox 2010 2104 2118 2175; x_wconf 56' lang='lat' dir='ltr'><strong>uias</strong></span> 
     </span>
    </p>
   </div>
   <div class='ocr_carea' id='block_1_47' title="bbox 592 2172 2112 2243">
    <p class='ocr_par' dir='ltr' id='par_1_47' title="bbox 592 2172 2112 2243">
     <span class='ocr_line' id='line_1_47' title="bbox 592 2172 2112 2243; baseline -0.003 -14"><span class='ocrx_word' id='word_1_407' title='bbox 592 2172 825 2231; x_wconf 75' lang='lat' dir='ltr'><strong>latronis.</strong></span> <span class='ocrx_word' id='word_1_408' title='bbox 858 2178 1007 2231; x_wconf 81' lang='lat' dir='ltr'><strong>Juxta</strong></span> <span class='ocrx_word' id='word_1_409' title='bbox 1037 2176 1171 2243; x_wconf 90' lang='lat' dir='ltr'><strong>quod</strong></span> <span class='ocrx_word' id='word_1_410' title='bbox 1203 2176 1275 2227; x_wconf 80' lang='lat' dir='ltr'><strong>sic</strong></span> <span class='ocrx_word' id='word_1_411' title='bbox 1306 2184 1476 2239; x_wconf 88' lang='lat' dir='ltr'><strong>potest</strong></span> <span class='ocrx_word' id='word_1_412' title='bbox 1517 2174 1653 2243; x_wconf 84' lang='lat' dir='ltr'><strong>dici:</strong></span> <span class='ocrx_word' id='word_1_413' title='bbox 1705 2172 1813 2237; x_wconf 83' lang='lat' dir='ltr'><strong>Ego</strong></span> <span class='ocrx_word' id='word_1_414' title='bbox 1862 2173 2112 2243; x_wconf 74' lang='lat' dir='ltr'><strong>custodivi</strong></span> 
     </span>
    </p>
   </div>
   <div class='ocr_carea' id='block_1_48' title="bbox 587 2240 2114 2306">
    <p class='ocr_par' dir='ltr' id='par_1_48' title="bbox 587 2240 2114 2306">
     <span class='ocr_line' id='line_1_48' title="bbox 587 2240 2114 2306; baseline -0.003 -9"><span class='ocrx_word' id='word_1_415' title='bbox 587 2249 697 2299; x_wconf 91' lang='lat' dir='ltr'><strong>vias</strong></span> <span class='ocrx_word' id='word_1_416' title='bbox 727 2248 881 2299; x_wconf 84' lang='lat' dir='ltr'><strong>duras</strong></span> <span class='ocrx_word' id='word_1_417' title='bbox 906 2286 919 2306; x_wconf 87' lang='lat'><strong>,</strong></span> <span class='ocrx_word' id='word_1_418' title='bbox 953 2247 999 2298; x_wconf 86' lang='lat' dir='ltr'><strong>id</strong></span> <span class='ocrx_word' id='word_1_419' title='bbox 1024 2240 1102 2298; x_wconf 84' lang='lat' dir='ltr'><strong>est</strong></span> <span class='ocrx_word' id='word_1_420' title='bbox 1136 2246 1243 2295; x_wconf 84' lang='lat' dir='ltr'><strong>vias</strong></span> <span class='ocrx_word' id='word_1_421' title='bbox 1273 2243 1523 2295; x_wconf 88' lang='lat' dir='ltr'><strong>latronis:</strong></span> <span class='ocrx_word' id='word_1_422' title='bbox 1554 2242 1671 2306; x_wconf 88' lang='lat' dir='ltr'><strong>quia</strong></span> <span class='ocrx_word' id='word_1_423' title='bbox 1704 2244 1838 2293; x_wconf 74' lang='lat' dir='ltr'><strong>sicut</strong></span> <span class='ocrx_word' id='word_1_424' title='bbox 1867 2240 1997 2293; x_wconf 88' lang='lat' dir='ltr'><strong>latro</strong></span> <span class='ocrx_word' id='word_1_425' title='bbox 2028 2243 2114 2306; x_wconf 86' lang='lat' dir='ltr'><strong>qui</strong></span> 
     </span>
    </p>
   </div>
   <div class='ocr_carea' id='block_1_49' title="bbox 592 2312 2113 2379">
    <p class='ocr_par' dir='ltr' id='par_1_49' title="bbox 592 2312 2113 2379">
     <span class='ocr_line' id='line_1_49' title="bbox 592 2312 2113 2379; baseline -0.003 -12"><span class='ocrx_word' id='word_1_426' title='bbox 592 2331 695 2367; x_wconf 91' lang='lat' dir='ltr'><strong>non</strong></span> <span class='ocrx_word' id='word_1_427' title='bbox 725 2316 876 2368; x_wconf 89' lang='lat' dir='ltr'><strong>audet</strong></span> <span class='ocrx_word' id='word_1_428' title='bbox 908 2328 1154 2377; x_wconf 80' lang='lat' dir='ltr'><strong>apparere</strong></span> <span class='ocrx_word' id='word_1_429' title='bbox 1195 2313 1243 2365; x_wconf 92' lang='lat' dir='ltr'><strong>in</strong></span> <span class='ocrx_word' id='word_1_430' title='bbox 1274 2313 1472 2379; x_wconf 88' lang='lat' dir='ltr'><strong>publica</strong></span> <span class='ocrx_word' id='word_1_431' title='bbox 1505 2322 1557 2364; x_wconf 91' lang='lat' dir='ltr'><strong>et</strong></span> <span class='ocrx_word' id='word_1_432' title='bbox 1583 2314 1679 2362; x_wconf 87' lang='lat' dir='ltr'><strong>lata</strong></span> <span class='ocrx_word' id='word_1_433' title='bbox 1709 2312 1787 2379; x_wconf 77' lang='lat' dir='ltr'><strong>via</strong></span> <span class='ocrx_word' id='word_1_434' title='bbox 1816 2350 1829 2371; x_wconf 83' lang='lat'><strong>,</strong></span> <span class='ocrx_word' id='word_1_435' title='bbox 1879 2312 2113 2375; x_wconf 79' lang='lat' dir='ltr'><strong>graditur</strong></span> 
     </span>
    </p>
   </div>
   <div class='ocr_carea' id='block_1_50' title="bbox 588 2378 2112 2449">
    <p class='ocr_par' dir='ltr' id='par_1_50' title="bbox 588 2378 2112 2449">
     <span class='ocr_line' id='line_1_50' title="bbox 588 2378 2112 2449; baseline -0.001 -14"><span class='ocrx_word' id='word_1_436' title='bbox 588 2397 793 2449; x_wconf 75' lang='lat' dir='ltr'><strong>semper</strong></span> <span class='ocrx_word' id='word_1_437' title='bbox 822 2398 913 2449; x_wconf 85' lang='lat' dir='ltr'><strong>per</strong></span> <span class='ocrx_word' id='word_1_438' title='bbox 942 2392 1175 2435; x_wconf 79' lang='lat' dir='ltr'><strong>sentOSas</strong></span> <span class='ocrx_word' id='word_1_439' title='bbox 1201 2391 1252 2435; x_wconf 88' lang='lat' dir='ltr'><strong>et</strong></span> <span class='ocrx_word' id='word_1_440' title='bbox 1278 2378 1514 2433; x_wconf 77' lang='lat' dir='ltr'><strong>difﬁciles</strong></span> <span class='ocrx_word' id='word_1_441' title='bbox 1539 2382 1647 2431; x_wconf 85' lang='lat' dir='ltr'><strong>vias</strong></span> <span class='ocrx_word' id='word_1_442' title='bbox 1673 2398 1682 2430; x_wconf 89' lang='lat'><strong>:</strong></span> <span class='ocrx_word' id='word_1_443' title='bbox 1720 2378 1785 2449; x_wconf 85' lang='lat' dir='ltr'><strong>ita</strong></span> <span class='ocrx_word' id='word_1_444' title='bbox 1815 2393 1910 2449; x_wconf 79' lang='lat' dir='ltr'><strong>ego</strong></span> <span class='ocrx_word' id='word_1_445' title='bbox 1937 2381 2112 2433; x_wconf 84' lang='lat' dir='ltr'><strong>omnia</strong></span> 
     </span>
    </p>
   </div>
   <div class='ocr_carea' id='block_1_51' title="bbox 590 2448 2107 2517">
    <p class='ocr_par' dir='ltr' id='par_1_51' title="bbox 590 2448 2107 2517">
     <span class='ocr_line' id='line_1_51' title="bbox 590 2448 2107 2517; baseline -0.002 -14"><span class='ocrx_word' id='word_1_446' title='bbox 590 2448 740 2515; x_wconf 83' lang='lat' dir='ltr'><strong>dura,</strong></span> <span class='ocrx_word' id='word_1_447' title='bbox 768 2448 938 2505; x_wconf 87' lang='lat' dir='ltr'><strong>omnia</strong></span> <span class='ocrx_word' id='word_1_448' title='bbox 967 2466 1145 2517; x_wconf 69' lang='lat' dir='ltr'><strong>aspera</strong></span> <span class='ocrx_word' id='word_1_449' title='bbox 1170 2465 1352 2515; x_wconf 85' lang='lat' dir='ltr'><strong>passus</strong></span> <span class='ocrx_word' id='word_1_450' title='bbox 1377 2465 1511 2500; x_wconf 83' lang='lat' dir='ltr'><strong>sum.</strong></span> <span class='ocrx_word' id='word_1_451' title='bbox 1544 2450 1693 2501; x_wconf 75' lang='lat' dir='ltr'><strong>Juxta</strong></span> <span class='ocrx_word' id='word_1_452' title='bbox 1720 2448 1842 2517; x_wconf 85' lang='lat' dir='ltr'><strong>illud</strong></span> <span class='ocrx_word' id='word_1_453' title='bbox 1870 2448 2107 2517; x_wconf 81' lang='lat' dir='ltr'><strong>Catonis:</strong></span> 
     </span>
    </p>
   </div>
   <div class='ocr_carea' id='block_1_52' title="bbox 594 2515 2112 2584">
    <p class='ocr_par' dir='ltr' id='par_1_52' title="bbox 594 2515 2112 2584">
     <span class='ocr_line' id='line_1_52' title="bbox 594 2515 2112 2584; baseline -0.002 -13"><span class='ocrx_word' id='word_1_454' title='bbox 594 2522 691 2584; x_wconf 84' lang='lat' dir='ltr'><strong>Qui</strong></span> <span class='ocrx_word' id='word_1_455' title='bbox 715 2538 800 2573; x_wconf 87' lang='lat' dir='ltr'><strong>nec</strong></span> <span class='ocrx_word' id='word_1_456' title='bbox 824 2522 963 2582; x_wconf 83' lang='lat' dir='ltr'><strong>milii,</strong></span> <span class='ocrx_word' id='word_1_457' title='bbox 992 2515 1078 2572; x_wconf 83' lang='lat' dir='ltr'><strong>nec</strong></span> <span class='ocrx_word' id='word_1_458' title='bbox 1101 2523 1263 2571; x_wconf 85' lang='lat' dir='ltr'><strong>animo</strong></span> <span class='ocrx_word' id='word_1_459' title='bbox 1292 2535 1397 2570; x_wconf 86' lang='lat' dir='ltr'><strong>meo</strong></span> <span class='ocrx_word' id='word_1_460' title='bbox 1422 2533 1635 2579; x_wconf 85' lang='lat' dir='ltr'><strong>unquam</strong></span> <span class='ocrx_word' id='word_1_461' title='bbox 1661 2518 1710 2568; x_wconf 88' lang='lat' dir='ltr'><strong>in</strong></span> <span class='ocrx_word' id='word_1_462' title='bbox 1736 2515 1904 2580; x_wconf 87' lang='lat' dir='ltr'><strong>aliqua</strong></span> <span class='ocrx_word' id='word_1_463' title='bbox 1932 2515 2112 2569; x_wconf 84' lang='lat' dir='ltr'><strong>delicta</strong></span> 
     </span>
    </p>
   </div>
   <div class='ocr_carea' id='block_1_53' title="bbox 592 2585 2105 2657">
    <p class='ocr_par' dir='ltr' id='par_1_53' title="bbox 592 2585 2105 2657">
     <span class='ocr_line' id='line_1_53' title="bbox 592 2585 2105 2657; baseline -0.001 -18"><span class='ocrx_word' id='word_1_464' title='bbox 592 2591 803 2657; x_wconf 72' lang='lat' dir='ltr'><strong>peperci.</strong></span> <span class='ocrx_word' id='word_1_465' title='bbox 835 2589 922 2641; x_wconf 74' lang='lat' dir='ltr'><strong>Vel</strong></span> <span class='ocrx_word' id='word_1_466' title='bbox 952 2589 1097 2641; x_wconf 87' lang='lat' dir='ltr'><strong>aliter</strong></span> <span class='ocrx_word' id='word_1_467' title='bbox 1123 2606 1134 2639; x_wconf 90' lang='lat'><strong>:</strong></span> <span class='ocrx_word' id='word_1_468' title='bbox 1177 2587 1430 2641; x_wconf 77' lang='lat' dir='ltr'><strong>Custodivi</strong></span> <span class='ocrx_word' id='word_1_469' title='bbox 1459 2587 1561 2638; x_wconf 80' lang='lat' dir='ltr'><strong>vias</strong></span> <span class='ocrx_word' id='word_1_470' title='bbox 1592 2586 1805 2638; x_wconf 84' lang='lat' dir='ltr'><strong>latrOnis</strong></span> <span class='ocrx_word' id='word_1_471' title='bbox 1832 2626 1845 2643; x_wconf 84' lang='lat'><strong>.</strong></span> <span class='ocrx_word' id='word_1_472' title='bbox 1868 2585 1945 2657; x_wconf 89' lang='lat' dir='ltr'><strong>_id</strong></span> <span class='ocrx_word' id='word_1_473' title='bbox 1988 2598 2064 2639; x_wconf 88' lang='lat' dir='ltr'><strong>est</strong></span> <span class='ocrx_word' id='word_1_474' title='bbox 2092 2627 2105 2649; x_wconf 92' lang='lat'><strong>,</strong></span> 
     </span>
    </p>
   </div>
   <div class='ocr_carea' id='block_1_54' title="bbox 592 2655 2109 2723">
    <p class='ocr_par' dir='ltr' id='par_1_54' title="bbox 592 2655 2109 2723">
     <span class='ocr_line' id='line_1_54' title="bbox 592 2655 2109 2723; baseline 0.001 -15"><span class='ocrx_word' id='word_1_475' title='bbox 592 2655 700 2709; x_wconf 85' lang='lat' dir='ltr'><strong>cavi</strong></span> <span class='ocrx_word' id='word_1_476' title='bbox 743 2671 897 2721; x_wconf 75' lang='lat' dir='ltr'><strong>opera</strong></span> <span class='ocrx_word' id='word_1_477' title='bbox 946 2658 1197 2709; x_wconf 79' lang='lat' dir='ltr'><strong>malorum</strong></span> <span class='ocrx_word' id='word_1_478' title='bbox 1224 2701 1236 2723; x_wconf 90' lang='lat'><strong>,</strong></span> <span class='ocrx_word' id='word_1_479' title='bbox 1270 2672 1334 2709; x_wconf 91' lang='lat' dir='ltr'><strong>ne</strong></span> <span class='ocrx_word' id='word_1_480' title='bbox 1365 2658 1677 2708; x_wconf 76' lang='lat' dir='ltr'><strong>incurrerent</strong></span> <span class='ocrx_word' id='word_1_481' title='bbox 1726 2668 1805 2706; x_wconf 90' lang='lat' dir='ltr'><strong>ea.</strong></span> <span class='ocrx_word' id='word_1_482' title='bbox 1854 2655 1979 2718; x_wconf 63' lang='lat' dir='ltr'><strong>Quae</strong></span> <span class='ocrx_word' id='word_1_483' title='bbox 2012 2659 2109 2709; x_wconf 65' lang='lat' dir='ltr'><strong>viae</strong></span> 
     </span>
    </p>
   </div>
   <div class='ocr_carea' id='block_1_55' title="bbox 593 2724 2107 2789">
    <p class='ocr_par' dir='ltr' id='par_1_55' title="bbox 593 2724 2107 2789">
     <span class='ocr_line' id='line_1_55' title="bbox 593 2724 2107 2789; baseline 0 -12"><span class='ocrx_word' id='word_1_484' title='bbox 593 2727 689 2778; x_wconf 85' lang='lat' dir='ltr'><strong>etsi</strong></span> <span class='ocrx_word' id='word_1_485' title='bbox 718 2726 917 2780; x_wconf 70' lang='lat' dir='ltr'><strong>blanda!</strong></span> <span class='ocrx_word' id='word_1_486' title='bbox 940 2726 1228 2785; x_wconf 85' lang='lat' dir='ltr'><strong>videantur,</strong></span> <span class='ocrx_word' id='word_1_487' title='bbox 1258 2736 1423 2777; x_wconf 90' lang='lat' dir='ltr'><strong>tamen</strong></span> <span class='ocrx_word' id='word_1_488' title='bbox 1448 2738 1507 2775; x_wconf 79' lang='lat' dir='ltr'><strong>ex</strong></span> <span class='ocrx_word' id='word_1_489' title='bbox 1530 2724 1769 2789; x_wconf 85' lang='lat' dir='ltr'><strong>opposito</strong></span> <span class='ocrx_word' id='word_1_490' title='bbox 1791 2735 1907 2773; x_wconf 90' lang='lat' dir='ltr'><strong>sunt</strong></span> <span class='ocrx_word' id='word_1_491' title='bbox 1933 2724 2107 2777; x_wconf 73' lang='lat' dir='ltr'><strong>dune:</strong></span> 
     </span>
    </p>
   </div>
   <div class='ocr_carea' id='block_1_56' title="bbox 593 2792 2109 2860">
    <p class='ocr_par' dir='ltr' id='par_1_56' title="bbox 593 2792 2109 2860">
     <span class='ocr_line' id='line_1_56' title="bbox 593 2792 2109 2860; baseline 0 -15"><span class='ocrx_word' id='word_1_492' title='bbox 593 2798 711 2857; x_wconf 88' lang='lat' dir='ltr'><strong>quia</strong></span> <span class='ocrx_word' id='word_1_493' title='bbox 742 2798 791 2847; x_wconf 92' lang='lat' dir='ltr'><strong>in</strong></span> <span class='ocrx_word' id='word_1_494' title='bbox 820 2798 918 2848; x_wconf 90' lang='lat' dir='ltr'><strong>line</strong></span> <span class='ocrx_word' id='word_1_495' title='bbox 945 2806 1062 2847; x_wconf 91' lang='lat' dir='ltr'><strong>sunt</strong></span> <span class='ocrx_word' id='word_1_496' title='bbox 1092 2797 1284 2847; x_wconf 75' lang='lat' dir='ltr'><strong>strictre</strong></span> <span class='ocrx_word' id='word_1_497' title='bbox 1310 2802 1362 2845; x_wconf 90' lang='lat' dir='ltr'><strong>et</strong></span> <span class='ocrx_word' id='word_1_498' title='bbox 1388 2806 1612 2859; x_wconf 62' lang='lat' dir='ltr'><strong>aspera,</strong></span> <span class='ocrx_word' id='word_1_499' title='bbox 1654 2801 1705 2844; x_wconf 90' lang='lat' dir='ltr'><strong>et</strong></span> <span class='ocrx_word' id='word_1_500' title='bbox 1734 2792 1829 2843; x_wconf 88' lang='lat' dir='ltr'><strong>hoc</strong></span> <span class='ocrx_word' id='word_1_501' title='bbox 1860 2792 1955 2843; x_wconf 79' lang='lat' dir='ltr'><strong>ieci</strong></span> <span class='ocrx_word' id='word_1_502' title='bbox 1992 2809 2109 2860; x_wconf 70' lang='lat' dir='ltr'><strong>pro-</strong></span> 
     </span>
    </p>
   </div>
   <div class='ocr_carea' id='block_1_57' title="bbox 596 2863 2106 2927">
    <p class='ocr_par' dir='ltr' id='par_1_57' title="bbox 596 2863 2106 2927">
     <span class='ocr_line' id='line_1_57' title="bbox 596 2863 2106 2927; baseline 0.001 -13"><span class='ocrx_word' id='word_1_503' title='bbox 596 2874 707 2926; x_wconf 88' lang='lat' dir='ltr'><strong>pter</strong></span> <span class='ocrx_word' id='word_1_504' title='bbox 736 2865 887 2915; x_wconf 87' lang='lat' dir='ltr'><strong>verba</strong></span> <span class='ocrx_word' id='word_1_505' title='bbox 932 2864 1202 2923; x_wconf 86' lang='lat' dir='ltr'><strong>labiormn,</strong></span> <span class='ocrx_word' id='word_1_506' title='bbox 1236 2863 1283 2913; x_wconf 90' lang='lat' dir='ltr'><strong>id</strong></span> <span class='ocrx_word' id='word_1_507' title='bbox 1323 2871 1402 2914; x_wconf 86' lang='lat' dir='ltr'><strong>est</strong></span> <span class='ocrx_word' id='word_1_508' title='bbox 1429 2902 1441 2921; x_wconf 86' lang='lat'><strong>,</strong></span> <span class='ocrx_word' id='word_1_509' title='bbox 1482 2872 1688 2926; x_wconf 91' lang='lat' dir='ltr'><strong>propter</strong></span> <span class='ocrx_word' id='word_1_510' title='bbox 1719 2863 2106 2927; x_wconf 73' lang='lat' dir='ltr'><strong>permissionem</strong></span> 
     </span>
    </p>
   </div>
   <div class='ocr_carea' id='block_1_58' title="bbox 592 2931 2105 2996">
    <p class='ocr_par' dir='ltr' id='par_1_58' title="bbox 592 2931 2105 2996">
     <span class='ocr_line' id='line_1_58' title="bbox 592 2931 2105 2996; baseline 0 -13"><span class='ocrx_word' id='word_1_511' title='bbox 592 2932 730 2993; x_wconf 73' lang='lat' dir='ltr'><strong>pacis</strong></span> <span class='ocrx_word' id='word_1_512' title='bbox 757 2940 809 2985; x_wconf 88' lang='lat' dir='ltr'><strong>et</strong></span> <span class='ocrx_word' id='word_1_513' title='bbox 837 2931 1267 2984; x_wconf 74' lang='lat' dir='ltr'><strong>recrueiliationis</strong></span> <span class='ocrx_word' id='word_1_514' title='bbox 1296 2938 1611 2981; x_wconf 83' lang='lat' dir='ltr'><strong>summoruin</strong></span> <span class='ocrx_word' id='word_1_515' title='bbox 1643 2939 1693 2981; x_wconf 92' lang='lat' dir='ltr'><strong>et</strong></span> <span class='ocrx_word' id='word_1_516' title='bbox 1721 2934 1957 2987; x_wconf 90' lang='lat' dir='ltr'><strong>imorum.</strong></span> <span class='ocrx_word' id='word_1_517' title='bbox 1982 2948 2007 2981; x_wconf 90' lang='lat' dir='ltr'><strong>a</strong></span> <span class='ocrx_word' id='word_1_518' title='bbox 2035 2942 2105 2996; x_wconf 87' lang='lat' dir='ltr'><strong>te,</strong></span> 
     </span>
    </p>
   </div>
   <div class='ocr_carea' id='block_1_59' title="bbox 594 2999 2107 3063">
    <p class='ocr_par' dir='ltr' id='par_1_59' title="bbox 594 2999 2107 3063">
     <span class='ocr_line' id='line_1_59' title="bbox 594 2999 2107 3063; baseline 0 -12"><span class='ocrx_word' id='word_1_519' title='bbox 594 3002 759 3063; x_wconf 84' lang='lat' dir='ltr'><strong>Pater,</strong></span> <span class='ocrx_word' id='word_1_520' title='bbox 791 3013 907 3053; x_wconf 77' lang='lat' dir='ltr'><strong>ante</strong></span> <span class='ocrx_word' id='word_1_521' title='bbox 937 3002 1121 3054; x_wconf 83' lang='lat' dir='ltr'><strong>s:ecula</strong></span> <span class='ocrx_word' id='word_1_522' title='bbox 1152 2999 1415 3062; x_wconf 77' lang='lat' dir='ltr'><strong>disposita:</strong></span> <span class='ocrx_word' id='word_1_523' title='bbox 1436 3040 1449 3062; x_wconf 92' lang='lat'><strong>,</strong></span> <span class='ocrx_word' id='word_1_524' title='bbox 1499 3013 1589 3063; x_wconf 89' lang='lat' dir='ltr'><strong>per</strong></span> <span class='ocrx_word' id='word_1_525' title='bbox 1631 3014 1712 3051; x_wconf 86' lang='lat' dir='ltr'><strong>tne</strong></span> <span class='ocrx_word' id='word_1_526' title='bbox 1737 3010 1905 3051; x_wconf 87' lang='lat' dir='ltr'><strong>autem</strong></span> <span class='ocrx_word' id='word_1_527' title='bbox 1943 3001 2107 3052; x_wconf 84' lang='lat' dir='ltr'><strong>adim-</strong></span> 
     </span>
    </p>
   </div>
   <div class='ocr_carea' id='block_1_60' title="bbox 590 3066 2100 3133">
    <p class='ocr_par' dir='ltr' id='par_1_60' title="bbox 590 3066 2100 3133">
     <span class='ocr_line' id='line_1_60' title="bbox 590 3066 2100 3133; baseline 0.001 -14"><span class='ocrx_word' id='word_1_528' title='bbox 590 3071 756 3128; x_wconf 76' lang='lat' dir='ltr'><strong>plette.</strong></span> <span class='ocrx_word' id='word_1_529' title='bbox 793 3070 878 3121; x_wconf 85' lang='lat' dir='ltr'><strong>Vel</strong></span> <span class='ocrx_word' id='word_1_530' title='bbox 910 3072 1094 3121; x_wconf 89' lang='lat' dir='ltr'><strong>aliter:</strong></span> <span class='ocrx_word' id='word_1_531' title='bbox 1127 3068 1225 3120; x_wconf 88' lang='lat' dir='ltr'><strong>hoc</strong></span> <span class='ocrx_word' id='word_1_532' title='bbox 1254 3066 1345 3118; x_wconf 79' lang='lat' dir='ltr'><strong>feci</strong></span> <span class='ocrx_word' id='word_1_533' title='bbox 1374 3078 1581 3133; x_wconf 88' lang='lat' dir='ltr'><strong>propter</strong></span> <span class='ocrx_word' id='word_1_534' title='bbox 1600 3067 1742 3119; x_wconf 82' lang='lat' dir='ltr'><strong>verba</strong></span> <span class='ocrx_word' id='word_1_535' title='bbox 1770 3069 2027 3128; x_wconf 82' lang='lat' dir='ltr'><strong>labiorum.</strong></span> <span class='ocrx_word' id='word_1_536' title='bbox 2053 3070 2100 3121; x_wconf 86' lang='lat' dir='ltr'><strong>id</strong></span> 
     </span>
    </p>
   </div>
   <div class='ocr_carea' id='block_1_61' title="bbox 588 3150 705 3201">
    <p class='ocr_par' dir='ltr' id='par_1_61' title="bbox 588 3150 705 3201">
     <span class='ocr_line' id='line_1_61' title="bbox 588 3150 705 3201; baseline 0.017 -14"><span class='ocrx_word' id='word_1_537' title='bbox 588 3150 667 3189; x_wconf 71' lang='lat' dir='ltr'><strong>est</strong></span> <span class='ocrx_word' id='word_1_538' title='bbox 692 3180 705 3201; x_wconf 88' lang='lat'><strong>,</strong></span> 
     </span>
    </p>
   </div>
   <div class='ocr_carea' id='block_1_62' title="bbox 590 3203 2100 3273">
    <p class='ocr_par' dir='ltr' id='par_1_62' title="bbox 590 3203 2100 3273">
     <span class='ocr_line' id='line_1_62' title="bbox 590 3203 2100 3273; baseline 0.002 -16"><span class='ocrx_word' id='word_1_539' title='bbox 590 3203 865 3271; x_wconf 69' lang='lat' dir='ltr'><strong>prmconia,</strong></span> <span class='ocrx_word' id='word_1_540' title='bbox 890 3224 1004 3273; x_wconf 71' lang='lat' dir='ltr'><strong>qua:</strong></span> <span class='ocrx_word' id='word_1_541' title='bbox 1026 3209 1089 3259; x_wconf 89' lang='lat' dir='ltr'><strong>de</strong></span> <span class='ocrx_word' id='word_1_542' title='bbox 1113 3222 1194 3258; x_wconf 89' lang='lat' dir='ltr'><strong>me</strong></span> <span class='ocrx_word' id='word_1_543' title='bbox 1216 3216 1363 3258; x_wconf 89' lang='lat' dir='ltr'><strong>erant</strong></span> <span class='ocrx_word' id='word_1_544' title='bbox 1390 3207 1740 3271; x_wconf 86' lang='lat' dir='ltr'><strong>iniplerentur.</strong></span> <span class='ocrx_word' id='word_1_545' title='bbox 1770 3203 1945 3259; x_wconf 80' lang='lat' dir='ltr'><strong>Potest</strong></span> <span class='ocrx_word' id='word_1_546' title='bbox 1967 3210 2100 3272; x_wconf 89' lang='lat' dir='ltr'><strong>quod</strong></span> 
     </span>
    </p>
   </div>
   <div class='ocr_carea' id='block_1_63' title="bbox 588 3274 2099 3342">
    <p class='ocr_par' dir='ltr' id='par_1_63' title="bbox 588 3274 2099 3342">
     <span class='ocr_line' id='line_1_63' title="bbox 588 3274 2099 3342; baseline 0.002 -17"><span class='ocrx_word' id='word_1_547' title='bbox 588 3277 822 3335; x_wconf 67' lang='lat' dir='ltr'><strong>superius</strong></span> <span class='ocrx_word' id='word_1_548' title='bbox 853 3292 952 3328; x_wconf 91' lang='lat' dir='ltr'><strong>uno</strong></span> <span class='ocrx_word' id='word_1_549' title='bbox 984 3276 1133 3328; x_wconf 83' lang='lat' dir='ltr'><strong>modo</strong></span> <span class='ocrx_word' id='word_1_550' title='bbox 1166 3276 1349 3327; x_wconf 86' lang='lat' dir='ltr'><strong>lectum</strong></span> <span class='ocrx_word' id='word_1_551' title='bbox 1382 3284 1478 3335; x_wconf 84' lang='lat' dir='ltr'><strong>est,</strong></span> <span class='ocrx_word' id='word_1_552' title='bbox 1508 3275 1619 3325; x_wconf 79' lang='lat' dir='ltr'><strong>Non</strong></span> <span class='ocrx_word' id='word_1_553' title='bbox 1643 3276 1691 3325; x_wconf 87' lang='lat' dir='ltr'><strong>in</strong></span> <span class='ocrx_word' id='word_1_554' title='bbox 1722 3274 1862 3327; x_wconf 85' lang='lat' dir='ltr'><strong>labiis</strong></span> <span class='ocrx_word' id='word_1_555' title='bbox 1892 3276 2099 3342; x_wconf 76' lang='lat' dir='ltr'><strong>dolmis,</strong></span> 
     </span>
    </p>
   </div>
   <div class='ocr_carea' id='block_1_64' title="bbox 590 3344 2103 3412">
    <p class='ocr_par' dir='ltr' id='par_1_64' title="bbox 590 3344 2103 3412">
     <span class='ocr_line' id='line_1_64' title="bbox 590 3344 2103 3412; baseline 0.001 -16"><span class='ocrx_word' id='word_1_556' title='bbox 590 3347 762 3397; x_wconf 73' lang='lat' dir='ltr'><strong>taliter</strong></span> <span class='ocrx_word' id='word_1_557' title='bbox 790 3347 939 3397; x_wconf 89' lang='lat' dir='ltr'><strong>etiam</strong></span> <span class='ocrx_word' id='word_1_558' title='bbox 970 3347 1087 3412; x_wconf 88' lang='lat' dir='ltr'><strong>legi,</strong></span> <span class='ocrx_word' id='word_1_559' title='bbox 1118 3356 1165 3396; x_wconf 90' lang='lat' dir='ltr'><strong>et</strong></span> <span class='ocrx_word' id='word_1_560' title='bbox 1196 3346 1529 3409; x_wconf 66' lang='lat' dir='ltr'><strong>consequenti</strong></span> <span class='ocrx_word' id='word_1_561' title='bbox 1560 3344 1732 3394; x_wconf 79' lang='lat' dir='ltr'><strong>versui</strong></span> <span class='ocrx_word' id='word_1_562' title='bbox 1765 3345 2025 3409; x_wconf 73' lang='lat' dir='ltr'><strong>conjungi,</strong></span> <span class='ocrx_word' id='word_1_563' title='bbox 2051 3356 2103 3399; x_wconf 91' lang='lat' dir='ltr'><strong>ut</strong></span> 
     </span>
    </p>
   </div>
   <div class='ocr_carea' id='block_1_65' title="bbox 590 3412 2103 3476">
    <p class='ocr_par' dir='ltr' id='par_1_65' title="bbox 590 3412 2103 3476">
     <span class='ocr_line' id='line_1_65' title="bbox 590 3412 2103 3476; baseline 0.001 -11"><span class='ocrx_word' id='word_1_564' title='bbox 590 3416 664 3465; x_wconf 87' lang='lat' dir='ltr'><strong>sic</strong></span> <span class='ocrx_word' id='word_1_565' title='bbox 690 3415 886 3466; x_wconf 85' lang='lat' dir='ltr'><strong>dicatur</strong></span> <span class='ocrx_word' id='word_1_566' title='bbox 913 3433 923 3464; x_wconf 93' lang='lat'><strong>:</strong></span> <span class='ocrx_word' id='word_1_567' title='bbox 953 3415 1055 3465; x_wconf 88' lang='lat' dir='ltr'><strong>Hac</strong></span> <span class='ocrx_word' id='word_1_568' title='bbox 1082 3414 1313 3465; x_wconf 90' lang='lat' dir='ltr'><strong>oratione</strong></span> <span class='ocrx_word' id='word_1_569' title='bbox 1335 3424 1450 3476; x_wconf 75' lang='lat' dir='ltr'><strong>peto</strong></span> <span class='ocrx_word' id='word_1_570' title='bbox 1480 3422 1548 3474; x_wconf 87' lang='lat' dir='ltr'><strong>te,</strong></span> <span class='ocrx_word' id='word_1_571' title='bbox 1573 3412 1787 3463; x_wconf 75' lang='lat' dir='ltr'><strong>Domino</strong></span> <span class='ocrx_word' id='word_1_572' title='bbox 1815 3412 1983 3471; x_wconf 79' lang='lat' dir='ltr'><strong>Pater.</strong></span> <span class='ocrx_word' id='word_1_573' title='bbox 2012 3429 2103 3466; x_wconf 64' lang='lat' dir='ltr'><strong>es-</strong></span> 
     </span>
    </p>
   </div>
   <div class='ocr_carea' id='block_1_66' title="bbox 588 3481 2103 3549">
    <p class='ocr_par' dir='ltr' id='par_1_66' title="bbox 588 3481 2103 3549">
     <span class='ocr_line' id='line_1_66' title="bbox 588 3481 2103 3549; baseline 0.003 -18"><span class='ocrx_word' id='word_1_574' title='bbox 588 3485 768 3535; x_wconf 83' lang='lat' dir='ltr'><strong>attdire</strong></span> <span class='ocrx_word' id='word_1_575' title='bbox 796 3493 843 3534; x_wconf 90' lang='lat' dir='ltr'><strong>et</strong></span> <span class='ocrx_word' id='word_1_576' title='bbox 867 3487 1149 3549; x_wconf 85' lang='lat' dir='ltr'><strong>percipere.</strong></span> <span class='ocrx_word' id='word_1_577' title='bbox 1184 3491 1233 3533; x_wconf 88' lang='lat' dir='ltr'><strong>ut</strong></span> <span class='ocrx_word' id='word_1_578' title='bbox 1252 3481 1500 3548; x_wconf 84' lang='lat' dir='ltr'><strong>judicium</strong></span> <span class='ocrx_word' id='word_1_579' title='bbox 1526 3496 1702 3540; x_wconf 83' lang='lat' dir='ltr'><strong>meum,</strong></span> <span class='ocrx_word' id='word_1_580' title='bbox 1738 3481 1783 3530; x_wconf 88' lang='lat' dir='ltr'><strong>id</strong></span> <span class='ocrx_word' id='word_1_581' title='bbox 1807 3491 1903 3541; x_wconf 91' lang='lat' dir='ltr'><strong>est,</strong></span> <span class='ocrx_word' id='word_1_582' title='bbox 1935 3484 2103 3536; x_wconf 89' lang='lat' dir='ltr'><strong>onmis</strong></span> 
     </span>
    </p>
   </div>
   <div class='ocr_carea' id='block_1_67' title="bbox 590 3549 2099 3616">
    <p class='ocr_par' dir='ltr' id='par_1_67' title="bbox 590 3549 2099 3616">
     <span class='ocr_line' id='line_1_67' title="bbox 590 3549 2099 3616; baseline 0 -16"><span class='ocrx_word' id='word_1_583' title='bbox 590 3552 841 3603; x_wconf 78' lang='lat' dir='ltr'><strong>sententia</strong></span> <span class='ocrx_word' id='word_1_584' title='bbox 874 3566 898 3599; x_wconf 88' lang='lat' dir='ltr'><strong>a</strong></span> <span class='ocrx_word' id='word_1_585' title='bbox 932 3566 1012 3603; x_wconf 91' lang='lat' dir='ltr'><strong>me</strong></span> <span class='ocrx_word' id='word_1_586' title='bbox 1040 3560 1089 3603; x_wconf 92' lang='lat' dir='ltr'><strong>et</strong></span> <span class='ocrx_word' id='word_1_587' title='bbox 1117 3563 1143 3599; x_wconf 87' lang='lat' dir='ltr'><strong>a</strong></span> <span class='ocrx_word' id='word_1_588' title='bbox 1173 3550 1299 3601; x_wconf 85' lang='lat' dir='ltr'><strong>meis</strong></span> <span class='ocrx_word' id='word_1_589' title='bbox 1330 3550 1443 3599; x_wconf 89' lang='lat' dir='ltr'><strong>data</strong></span> <span class='ocrx_word' id='word_1_590' title='bbox 1474 3549 1534 3599; x_wconf 84' lang='lat' dir='ltr'><strong>de</strong></span> <span class='ocrx_word' id='word_1_591' title='bbox 1559 3564 1863 3615; x_wconf 83' lang='lat' dir='ltr'><strong>quacunque</strong></span> <span class='ocrx_word' id='word_1_592' title='bbox 1893 3566 1949 3602; x_wconf 91' lang='lat' dir='ltr'><strong>re</strong></span> <span class='ocrx_word' id='word_1_593' title='bbox 1979 3567 2099 3616; x_wconf 76' lang='lat' dir='ltr'><strong>pro-</strong></span> 
     </span>
    </p>
   </div>
   <div class='ocr_carea' id='block_1_68' title="bbox 588 3618 2102 3686">
    <p class='ocr_par' dir='ltr' id='par_1_68' title="bbox 588 3618 2102 3686">
     <span class='ocr_line' id='line_1_68' title="bbox 588 3618 2102 3686; baseline 0.003 -19"><span class='ocrx_word' id='word_1_594' title='bbox 588 3619 705 3670; x_wconf 81' lang='lat' dir='ltr'><strong>deat</strong></span> <span class='ocrx_word' id='word_1_595' title='bbox 733 3621 791 3671; x_wconf 84' lang='lat' dir='ltr'><strong>de</strong></span> <span class='ocrx_word' id='word_1_596' title='bbox 810 3620 941 3671; x_wconf 81' lang='lat' dir='ltr'><strong>vultu</strong></span> <span class='ocrx_word' id='word_1_597' title='bbox 974 3631 1075 3681; x_wconf 88' lang='lat' dir='ltr'><strong>tuo,</strong></span> <span class='ocrx_word' id='word_1_598' title='bbox 1108 3620 1155 3671; x_wconf 89' lang='lat' dir='ltr'><strong>id</strong></span> <span class='ocrx_word' id='word_1_599' title='bbox 1180 3629 1279 3686; x_wconf 58' lang='lat' dir='ltr'><strong>est,</strong></span> <span class='ocrx_word' id='word_1_600' title='bbox 1310 3618 1556 3684; x_wconf 83' lang='lat' dir='ltr'><strong>procedat</strong></span> <span class='ocrx_word' id='word_1_601' title='bbox 1583 3619 1648 3670; x_wconf 90' lang='lat' dir='ltr'><strong>de</strong></span> <span class='ocrx_word' id='word_1_602' title='bbox 1672 3619 1873 3669; x_wconf 64' lang='lat' dir='ltr'><strong>sinrera</strong></span> <span class='ocrx_word' id='word_1_603' title='bbox 1904 3622 2102 3673; x_wconf 87' lang='lat' dir='ltr'><strong>ratione</strong></span> 
     </span>
    </p>
   </div>
   <div class='ocr_carea' id='block_1_69' title="bbox 588 3687 2099 3758">
    <p class='ocr_par' dir='ltr' id='par_1_69' title="bbox 588 3687 2099 3758">
     <span class='ocr_line' id='line_1_69' title="bbox 588 3687 2099 3758; baseline 0.006 -19"><span class='ocrx_word' id='word_1_604' title='bbox 588 3700 638 3739; x_wconf 91' lang='lat' dir='ltr'><strong>et</strong></span> <span class='ocrx_word' id='word_1_605' title='bbox 664 3705 782 3741; x_wconf 83' lang='lat' dir='ltr'><strong>vero</strong></span> <span class='ocrx_word' id='word_1_606' title='bbox 814 3691 1073 3743; x_wconf 62' lang='lat' dir='ltr'><strong>intellectu</strong></span> <span class='ocrx_word' id='word_1_607' title='bbox 1104 3710 1129 3741; x_wconf 90' lang='lat' dir='ltr'><strong>a</strong></span> <span class='ocrx_word' id='word_1_608' title='bbox 1162 3702 1209 3741; x_wconf 80' lang='lat' dir='ltr'><strong>te.</strong></span> <span class='ocrx_word' id='word_1_609' title='bbox 1232 3730 1246 3751; x_wconf 86' lang='lat'><strong>.</strong></span> <span class='ocrx_word' id='word_1_610' title='bbox 1278 3699 1329 3741; x_wconf 89' lang='lat' dir='ltr'><strong>et</strong></span> <span class='ocrx_word' id='word_1_611' title='bbox 1357 3706 1454 3741; x_wconf 84' lang='lat' dir='ltr'><strong>non</strong></span> <span class='ocrx_word' id='word_1_612' title='bbox 1484 3688 1542 3740; x_wconf 85' lang='lat' dir='ltr'><strong>sit</strong></span> <span class='ocrx_word' id='word_1_613' title='bbox 1563 3688 1613 3738; x_wconf 87' lang='lat' dir='ltr'><strong>in</strong></span> <span class='ocrx_word' id='word_1_614' title='bbox 1642 3687 1784 3738; x_wconf 79' lang='lat' dir='ltr'><strong>labiis</strong></span> <span class='ocrx_word' id='word_1_615' title='bbox 1812 3690 2017 3758; x_wconf 71' lang='lat' dir='ltr'><strong>deiczis,</strong></span> <span class='ocrx_word' id='word_1_616' title='bbox 2050 3690 2099 3747; x_wconf 82' lang='lat' dir='ltr'><strong>id</strong></span> 
     </span>
    </p>
   </div>
   <div class='ocr_carea' id='block_1_70' title="bbox 588 3759 2100 3827">
    <p class='ocr_par' dir='ltr' id='par_1_70' title="bbox 588 3759 2100 3827">
     <span class='ocr_line' id='line_1_70' title="bbox 588 3759 2100 3827; baseline 0.005 -20"><span class='ocrx_word' id='word_1_617' title='bbox 588 3768 687 3817; x_wconf 70' lang='lat' dir='ltr'><strong>est,</strong></span> <span class='ocrx_word' id='word_1_618' title='bbox 715 3775 813 3809; x_wconf 81' lang='lat' dir='ltr'><strong>non</strong></span> <span class='ocrx_word' id='word_1_619' title='bbox 836 3775 895 3811; x_wconf 83' lang='lat' dir='ltr'><strong>ex</strong></span> <span class='ocrx_word' id='word_1_620' title='bbox 922 3762 1038 3811; x_wconf 79' lang='lat' dir='ltr'><strong>dolo</strong></span> <span class='ocrx_word' id='word_1_621' title='bbox 1066 3762 1139 3811; x_wconf 77' lang='lat' dir='ltr'><strong>vel</strong></span> <span class='ocrx_word' id='word_1_622' title='bbox 1167 3760 1408 3826; x_wconf 83' lang='lat' dir='ltr'><strong>ligmento</strong></span> <span class='ocrx_word' id='word_1_623' title='bbox 1433 3759 1605 3826; x_wconf 87' lang='lat' dir='ltr'><strong>aliquo</strong></span> <span class='ocrx_word' id='word_1_624' title='bbox 1629 3763 1868 3827; x_wconf 88' lang='lat' dir='ltr'><strong>prodeat:</strong></span> <span class='ocrx_word' id='word_1_625' title='bbox 1896 3772 1947 3815; x_wconf 90' lang='lat' dir='ltr'><strong>et</strong></span> <span class='ocrx_word' id='word_1_626' title='bbox 1968 3766 2100 3815; x_wconf 83' lang='lat' dir='ltr'><strong>oeuli</strong></span> 
     </span>
    </p>
   </div>
   <div class='ocr_carea' id='block_1_71' title="bbox 590 3827 2103 3897">
    <p class='ocr_par' dir='ltr' id='par_1_71' title="bbox 590 3827 2103 3897">
     <span class='ocr_line' id='line_1_71' title="bbox 590 3827 2103 3897; baseline 0.005 -20"><span class='ocrx_word' id='word_1_627' title='bbox 590 3839 688 3878; x_wconf 72' lang='lat' dir='ltr'><strong>nun</strong></span> <span class='ocrx_word' id='word_1_628' title='bbox 716 3831 997 3881; x_wconf 71' lang='lat' dir='ltr'><strong>exteriores</strong></span> <span class='ocrx_word' id='word_1_629' title='bbox 1017 3870 1031 3891; x_wconf 90' lang='lat'><strong>,</strong></span> <span class='ocrx_word' id='word_1_630' title='bbox 1062 3830 1151 3881; x_wconf 89' lang='lat' dir='ltr'><strong>sed</strong></span> <span class='ocrx_word' id='word_1_631' title='bbox 1190 3828 1288 3882; x_wconf 84' lang='lat' dir='ltr'><strong>mei</strong></span> <span class='ocrx_word' id='word_1_632' title='bbox 1316 3869 1328 3890; x_wconf 95' lang='lat'><strong>,</strong></span> <span class='ocrx_word' id='word_1_633' title='bbox 1360 3827 1408 3880; x_wconf 85' lang='lat' dir='ltr'><strong>id</strong></span> <span class='ocrx_word' id='word_1_634' title='bbox 1437 3840 1513 3879; x_wconf 87' lang='lat' dir='ltr'><strong>est</strong></span> <span class='ocrx_word' id='word_1_635' title='bbox 1541 3869 1553 3886; x_wconf 89' lang='lat'><strong>.</strong></span> <span class='ocrx_word' id='word_1_636' title='bbox 1597 3830 1887 3891; x_wconf 69' lang='lat' dir='ltr'><strong>interiores,</strong></span> <span class='ocrx_word' id='word_1_637' title='bbox 1917 3833 2103 3897; x_wconf 88' lang='lat' dir='ltr'><strong>quibus</strong></span> 
     </span>
    </p>
   </div>
   <div class='ocr_carea' id='block_1_72' title="bbox 589 3897 2099 3965">
    <p class='ocr_par' dir='ltr' id='par_1_72' title="bbox 589 3897 2099 3965">
     <span class='ocr_line' id='line_1_72' title="bbox 589 3897 2099 3965; baseline 0.004 -20"><span class='ocrx_word' id='word_1_638' title='bbox 589 3898 657 3947; x_wconf 90' lang='lat' dir='ltr'><strong>uti</strong></span> <span class='ocrx_word' id='word_1_639' title='bbox 690 3898 911 3949; x_wconf 80' lang='lat' dir='ltr'><strong>maxime</strong></span> <span class='ocrx_word' id='word_1_640' title='bbox 936 3899 1117 3959; x_wconf 80' lang='lat' dir='ltr'><strong>debeo,</strong></span> <span class='ocrx_word' id='word_1_641' title='bbox 1142 3897 1347 3949; x_wconf 84' lang='lat' dir='ltr'><strong>videant</strong></span> <span class='ocrx_word' id='word_1_642' title='bbox 1377 3906 1427 3949; x_wconf 91' lang='lat' dir='ltr'><strong>et</strong></span> <span class='ocrx_word' id='word_1_643' title='bbox 1454 3899 1503 3949; x_wconf 90' lang='lat' dir='ltr'><strong>in</strong></span> <span class='ocrx_word' id='word_1_644' title='bbox 1528 3912 1606 3950; x_wconf 88' lang='lat' dir='ltr'><strong>me</strong></span> <span class='ocrx_word' id='word_1_645' title='bbox 1628 3907 1681 3949; x_wconf 91' lang='lat' dir='ltr'><strong>et</strong></span> <span class='ocrx_word' id='word_1_646' title='bbox 1709 3900 1755 3949; x_wconf 92' lang='lat' dir='ltr'><strong>in</strong></span> <span class='ocrx_word' id='word_1_647' title='bbox 1783 3902 1910 3951; x_wconf 68' lang='lat' dir='ltr'><strong>meis</strong></span> <span class='ocrx_word' id='word_1_648' title='bbox 1937 3903 2099 3965; x_wconf 45' lang='lat' dir='ltr'><strong>atqui-</strong></span> 
     </span>
    </p>
   </div>
   <div class='ocr_carea' id='block_1_73' title="bbox 590 3966 2101 4028">
    <p class='ocr_par' dir='ltr' id='par_1_73' title="bbox 590 3966 2101 4028">
     <span class='ocr_line' id='line_1_73' title="bbox 590 3966 2101 4028; baseline 0.004 -15"><span class='ocrx_word' id='word_1_649' title='bbox 590 3974 744 4018; x_wconf 89' lang='lat' dir='ltr'><strong>tatem</strong></span> <span class='ocrx_word' id='word_1_650' title='bbox 773 4006 784 4025; x_wconf 86' lang='lat'><strong>,</strong></span> <span class='ocrx_word' id='word_1_651' title='bbox 819 3967 1012 4020; x_wconf 78' lang='lat' dir='ltr'><strong>srilicet</strong></span> <span class='ocrx_word' id='word_1_652' title='bbox 1044 3968 1091 4019; x_wconf 91' lang='lat' dir='ltr'><strong>in</strong></span> <span class='ocrx_word' id='word_1_653' title='bbox 1125 3967 1590 4020; x_wconf 85' lang='lat' dir='ltr'><strong>remunerationem</strong></span> <span class='ocrx_word' id='word_1_654' title='bbox 1632 3966 1881 4019; x_wconf 90' lang='lat' dir='ltr'><strong>bonorum</strong></span> <span class='ocrx_word' id='word_1_655' title='bbox 1906 4007 1921 4028; x_wconf 89' lang='lat'><strong>,</strong></span> <span class='ocrx_word' id='word_1_656' title='bbox 1962 3978 2014 4019; x_wconf 90' lang='lat' dir='ltr'><strong>et</strong></span> <span class='ocrx_word' id='word_1_657' title='bbox 2054 3971 2101 4021; x_wconf 90' lang='lat' dir='ltr'><strong>in</strong></span> 
     </span>
    </p>
   </div>
   <div class='ocr_carea' id='block_1_74' title="bbox 586 4034 2101 4105">
    <p class='ocr_par' dir='ltr' id='par_1_74' title="bbox 586 4034 2101 4105">
     <span class='ocr_line' id='line_1_74' title="bbox 586 4034 2101 4105; baseline 0.005 -22"><span class='ocrx_word' id='word_1_658' title='bbox 586 4034 965 4105; x_wconf 79' lang='lat' dir='ltr'><strong>damnationem</strong></span> <span class='ocrx_word' id='word_1_659' title='bbox 998 4038 1285 4089; x_wconf 90' lang='lat' dir='ltr'><strong>malorum:</strong></span> <span class='ocrx_word' id='word_1_660' title='bbox 1320 4045 1370 4087; x_wconf 90' lang='lat' dir='ltr'><strong>et</strong></span> <span class='ocrx_word' id='word_1_661' title='bbox 1400 4036 1448 4087; x_wconf 92' lang='lat' dir='ltr'><strong>in</strong></span> <span class='ocrx_word' id='word_1_662' title='bbox 1495 4036 1775 4105; x_wconf 89' lang='lat' dir='ltr'><strong>probandis</strong></span> <span class='ocrx_word' id='word_1_663' title='bbox 1818 4052 1933 4101; x_wconf 74' lang='lat' dir='ltr'><strong>qua:</strong></span> <span class='ocrx_word' id='word_1_664' title='bbox 1980 4054 2101 4105; x_wconf 93' lang='lat' dir='ltr'><strong>pro-</strong></span> 
     </span>
    </p>
   </div>
   <div class='ocr_carea' id='block_1_75' title="bbox 589 4103 2099 4171">
    <p class='ocr_par' dir='ltr' id='par_1_75' title="bbox 589 4103 2099 4171">
     <span class='ocr_line' id='line_1_75' title="bbox 589 4103 2099 4171; baseline 0.008 -20"><span class='ocrx_word' id='word_1_665' title='bbox 589 4103 751 4151; x_wconf 83' lang='lat' dir='ltr'><strong>banda</strong></span> <span class='ocrx_word' id='word_1_666' title='bbox 778 4114 894 4155; x_wconf 89' lang='lat' dir='ltr'><strong>sunt</strong></span> <span class='ocrx_word' id='word_1_667' title='bbox 917 4145 931 4164; x_wconf 82' lang='lat'><strong>,</strong></span> <span class='ocrx_word' id='word_1_668' title='bbox 962 4116 1012 4155; x_wconf 90' lang='lat' dir='ltr'><strong>et</strong></span> <span class='ocrx_word' id='word_1_669' title='bbox 1040 4106 1386 4171; x_wconf 73' lang='lat' dir='ltr'><strong>improbandis</strong></span> <span class='ocrx_word' id='word_1_670' title='bbox 1423 4121 1539 4171; x_wconf 72' lang='lat' dir='ltr'><strong>qua:</strong></span> <span class='ocrx_word' id='word_1_671' title='bbox 1567 4104 1903 4169; x_wconf 82' lang='lat' dir='ltr'><strong>improbanda</strong></span> <span class='ocrx_word' id='word_1_672' title='bbox 1944 4103 2099 4163; x_wconf 84' lang='lat' dir='ltr'><strong>sunt:</strong></span> 
     </span>
    </p>
   </div>
   <div class='ocr_carea' id='block_1_76' title="bbox 586 4172 2103 4239">
    <p class='ocr_par' dir='ltr' id='par_1_76' title="bbox 586 4172 2103 4239">
     <span class='ocr_line' id='line_1_76' title="bbox 586 4172 2103 4239; baseline 0.007 -19"><span class='ocrx_word' id='word_1_673' title='bbox 586 4174 738 4222; x_wconf 83' lang='lat' dir='ltr'><strong>bal-et</strong></span> <span class='ocrx_word' id='word_1_674' title='bbox 762 4172 897 4230; x_wconf 81' lang='lat' dir='ltr'><strong>enim</strong></span> <span class='ocrx_word' id='word_1_675' title='bbox 928 4174 1162 4238; x_wconf 74' lang='lat' dir='ltr'><strong>qnzedant</strong></span> <span class='ocrx_word' id='word_1_676' title='bbox 1188 4174 1455 4225; x_wconf 74' lang='lat' dir='ltr'><strong>translatio</strong></span> <span class='ocrx_word' id='word_1_677' title='bbox 1480 4175 1610 4226; x_wconf 80' lang='lat' dir='ltr'><strong>bane</strong></span> <span class='ocrx_word' id='word_1_678' title='bbox 1638 4175 1879 4239; x_wconf 81' lang='lat' dir='ltr'><strong>litteram,</strong></span> <span class='ocrx_word' id='word_1_679' title='bbox 1904 4180 2103 4232; x_wconf 79' lang='lat' dir='ltr'><strong>scilicet</strong></span> 
     </span>
    </p>
   </div>
   <div class='ocr_carea' id='block_1_77' title="bbox 585 4240 2099 4307">
    <p class='ocr_par' dir='ltr' id='par_1_77' title="bbox 585 4240 2099 4307">
     <span class='ocr_line' id='line_1_77' title="bbox 585 4240 2099 4307; baseline 0.007 -19"><span class='ocrx_word' id='word_1_680' title='bbox 585 4240 717 4291; x_wconf 81' lang='lat' dir='ltr'><strong>oeuli</strong></span> <span class='ocrx_word' id='word_1_681' title='bbox 768 4241 866 4291; x_wconf 86' lang='lat' dir='ltr'><strong>un-i</strong></span> <span class='ocrx_word' id='word_1_682' title='bbox 909 4252 958 4292; x_wconf 89' lang='lat' dir='ltr'><strong>et</strong></span> <span class='ocrx_word' id='word_1_683' title='bbox 999 4242 1311 4306; x_wconf 68' lang='lat' dir='ltr'><strong>mquitatem.</strong></span> <span class='ocrx_word' id='word_1_684' title='bbox 1354 4242 1631 4307; x_wconf 72' lang='lat' dir='ltr'><strong>Sequentia</strong></span> <span class='ocrx_word' id='word_1_685' title='bbox 1672 4260 1772 4295; x_wconf 91' lang='lat' dir='ltr'><strong>non</strong></span> <span class='ocrx_word' id='word_1_686' title='bbox 1801 4256 2099 4307; x_wconf 84' lang='lat' dir='ltr'><strong>mutantur,</strong></span> 
     </span>
    </p>
   </div>
   <div class='ocr_carea' id='block_1_78' title="bbox 587 4309 2102 4377">
    <p class='ocr_par' dir='ltr' id='par_1_78' title="bbox 587 4309 2102 4377">
     <span class='ocr_line' id='line_1_78' title="bbox 587 4309 2102 4377; baseline 0.005 -18"><span class='ocrx_word' id='word_1_687' title='bbox 587 4311 683 4359; x_wconf 79' lang='lat' dir='ltr'><strong>nisi</strong></span> <span class='ocrx_word' id='word_1_688' title='bbox 716 4309 849 4373; x_wconf 90' lang='lat' dir='ltr'><strong>quod</strong></span> <span class='ocrx_word' id='word_1_689' title='bbox 898 4325 985 4374; x_wconf 85' lang='lat' dir='ltr'><strong>per</strong></span> <span class='ocrx_word' id='word_1_690' title='bbox 1022 4318 1223 4366; x_wconf 74' lang='lat' dir='ltr'><strong>noctem</strong></span> <span class='ocrx_word' id='word_1_691' title='bbox 1275 4314 1324 4365; x_wconf 93' lang='lat' dir='ltr'><strong>in</strong></span> <span class='ocrx_word' id='word_1_692' title='bbox 1370 4314 1604 4373; x_wconf 83' lang='lat' dir='ltr'><strong>sequenti</strong></span> <span class='ocrx_word' id='word_1_693' title='bbox 1644 4327 1792 4363; x_wconf 88' lang='lat' dir='ltr'><strong>versu</strong></span> <span class='ocrx_word' id='word_1_694' title='bbox 1826 4327 2102 4377; x_wconf 85' lang='lat' dir='ltr'><strong>possumus</strong></span> 
     </span>
    </p>
   </div>
   <div class='ocr_carea' id='block_1_79' title="bbox 585 4378 2100 4447">
    <p class='ocr_par' dir='ltr' id='par_1_79' title="bbox 585 4378 2100 4447">
     <span class='ocr_line' id='line_1_79' title="bbox 585 4378 2100 4447; baseline 0.005 -20"><span class='ocrx_word' id='word_1_695' title='bbox 585 4378 817 4447; x_wconf 61' lang='lat' dir='ltr'><strong>ilCt‘lpt&#39;rf‘.</strong></span> <span class='ocrx_word' id='word_1_696' title='bbox 849 4378 1140 4437; x_wconf 74' lang='lat' dir='ltr'><strong>interiorem</strong></span> <span class='ocrx_word' id='word_1_697' title='bbox 1169 4386 1577 4446; x_wconf 68' lang='lat' dir='ltr'><strong>persecutionum</strong></span> <span class='ocrx_word' id='word_1_698' title='bbox 1615 4391 1663 4431; x_wconf 87' lang='lat' dir='ltr'><strong>et</strong></span> <span class='ocrx_word' id='word_1_699' title='bbox 1694 4382 1967 4447; x_wconf 75' lang='lat' dir='ltr'><strong>occultam,</strong></span> <span class='ocrx_word' id='word_1_700' title='bbox 2000 4386 2100 4441; x_wconf 60' lang='lat' dir='ltr'><strong>sci,-</strong></span> 
     </span>
    </p>
   </div>
   <div class='ocr_carea' id='block_1_80' title="bbox 586 4446 2097 4513">
    <p class='ocr_par' dir='ltr' id='par_1_80' title="bbox 586 4446 2097 4513">
     <span class='ocr_line' id='line_1_80' title="bbox 586 4446 2097 4513; baseline 0.005 -16"><span class='ocrx_word' id='word_1_701' title='bbox 586 4446 701 4499; x_wconf 79' lang='lat' dir='ltr'><strong>licet</strong></span> <span class='ocrx_word' id='word_1_702' title='bbox 723 4446 1021 4502; x_wconf 79' lang='lat' dir='ltr'><strong>diaboliratu</strong></span> <span class='ocrx_word' id='word_1_703' title='bbox 1050 4453 1402 4511; x_wconf 87' lang='lat' dir='ltr'><strong>tentationem,</strong></span> <span class='ocrx_word' id='word_1_704' title='bbox 1424 4466 1535 4513; x_wconf 70' lang='lat' dir='ltr'><strong>qua!</strong></span> <span class='ocrx_word' id='word_1_705' title='bbox 1557 4459 1607 4501; x_wconf 90' lang='lat' dir='ltr'><strong>et</strong></span> <span class='ocrx_word' id='word_1_706' title='bbox 1623 4450 1826 4501; x_wconf 77' lang='lat' dir='ltr'><strong>Christo</strong></span> <span class='ocrx_word' id='word_1_707' title='bbox 1848 4451 1895 4501; x_wconf 93' lang='lat' dir='ltr'><strong>in</strong></span> <span class='ocrx_word' id='word_1_708' title='bbox 1922 4446 2097 4505; x_wconf 87' lang='lat' dir='ltr'><strong>monte</strong></span> 
     </span>
    </p>
   </div>
   <div class='ocr_carea' id='block_1_81' title="bbox 587 4492 2173 4582">
    <p class='ocr_par' dir='ltr' id='par_1_81' title="bbox 587 4492 2173 4582">
     <span class='ocr_line' id='line_1_81' title="bbox 587 4492 2173 4582; baseline 0.004 -15"><span class='ocrx_word' id='word_1_709' title='bbox 587 4534 613 4567; x_wconf 72' lang='grc' dir='ltr'><strong>ιι</strong></span> <span class='ocrx_word' id='word_1_710' title='bbox 640 4517 844 4569; x_wconf 83' lang='lat' dir='ltr'><strong>diabolo</strong></span> <span class='ocrx_word' id='word_1_711' title='bbox 874 4522 1089 4579; x_wconf 79' lang='lat' dir='ltr'><strong>occulte.</strong></span> <span class='ocrx_word' id='word_1_712' title='bbox 1133 4520 1180 4571; x_wconf 87' lang='lat' dir='ltr'><strong>id</strong></span> <span class='ocrx_word' id='word_1_713' title='bbox 1214 4528 1311 4582; x_wconf 86' lang='lat' dir='ltr'><strong>est,</strong></span> <span class='ocrx_word' id='word_1_714' title='bbox 1345 4492 1454 4570; x_wconf 65' lang='grc' dir='ltr'><strong>διίιά</strong></span> <span class='ocrx_word' id='word_1_715' title='bbox 1484 4534 1598 4569; x_wconf 73' lang='lat' dir='ltr'><strong>eum</strong></span> <span class='ocrx_word' id='word_1_716' title='bbox 1630 4522 1736 4569; x_wconf 73' lang='lat' dir='ltr'><strong>solo</strong></span> <span class='ocrx_word' id='word_1_717' title='bbox 1767 4520 1897 4571; x_wconf 82' lang='lat' dir='ltr'><strong>facta</strong></span> <span class='ocrx_word' id='word_1_718' title='bbox 1919 4516 2015 4580; x_wconf 74' lang='lat' dir='ltr'><strong>eat,</strong></span> <span class='ocrx_word' id='word_1_719' title='bbox 2044 4533 2096 4572; x_wconf 91' lang='lat' dir='ltr'><strong>et</strong></span> <span class='ocrx_word' id='word_1_720' title='bbox 2126 4492 2173 4550; x_wconf 71' lang='grc' dir='ltr'><strong>υ</strong></span> 
     </span>
    </p>
   </div>
   <div class='ocr_carea' id='block_1_82' title="bbox 587 4588 2094 4652">
    <p class='ocr_par' dir='ltr' id='par_1_82' title="bbox 587 4588 2094 4652">
     <span class='ocr_line' id='line_1_82' title="bbox 587 4588 2094 4652; baseline 0.004 -18"><span class='ocrx_word' id='word_1_721' title='bbox 587 4588 813 4649; x_wconf 86' lang='lat' dir='ltr'><strong>quotidie</strong></span> <span class='ocrx_word' id='word_1_722' title='bbox 844 4588 894 4638; x_wconf 85' lang='lat' dir='ltr'><strong>lit</strong></span> <span class='ocrx_word' id='word_1_723' title='bbox 928 4588 1163 4652; x_wconf 74' lang='lat' dir='ltr'><strong>perfectis</strong></span> <span class='ocrx_word' id='word_1_724' title='bbox 1190 4606 1200 4637; x_wconf 90' lang='lat'><strong>:</strong></span> <span class='ocrx_word' id='word_1_725' title='bbox 1234 4596 1291 4639; x_wconf 80' lang='lat' dir='ltr'><strong>et</strong></span> <span class='ocrx_word' id='word_1_726' title='bbox 1314 4588 1501 4637; x_wconf 87' lang='lat' dir='ltr'><strong>dicitur</strong></span> <span class='ocrx_word' id='word_1_727' title='bbox 1532 4604 1625 4637; x_wconf 78' lang='lat' dir='ltr'><strong>uox</strong></span> <span class='ocrx_word' id='word_1_728' title='bbox 1652 4588 1768 4651; x_wconf 88' lang='lat' dir='ltr'><strong>quia</strong></span> <span class='ocrx_word' id='word_1_729' title='bbox 1800 4589 2094 4651; x_wconf 85' lang='lat' dir='ltr'><strong>perturbat:</strong></span> 
     </span>
    </p>
   </div>
   <div class='ocr_carea' id='block_1_83' title="bbox 585 4655 2097 4720">
    <p class='ocr_par' dir='ltr' id='par_1_83' title="bbox 585 4655 2097 4720">
     <span class='ocr_line' id='line_1_83' title="bbox 585 4655 2097 4720; baseline 0.003 -15"><span class='ocrx_word' id='word_1_730' title='bbox 585 4667 637 4705; x_wconf 87' lang='lat' dir='ltr'><strong>et</strong></span> <span class='ocrx_word' id='word_1_731' title='bbox 668 4666 835 4709; x_wconf 85' lang='lat' dir='ltr'><strong>tamen</strong></span> <span class='ocrx_word' id='word_1_732' title='bbox 866 4666 942 4708; x_wconf 83' lang='lat' dir='ltr'><strong>est</strong></span> <span class='ocrx_word' id='word_1_733' title='bbox 969 4657 1212 4716; x_wconf 82' lang='lat' dir='ltr'><strong>visitatio,</strong></span> <span class='ocrx_word' id='word_1_734' title='bbox 1241 4658 1357 4720; x_wconf 83' lang='lat' dir='ltr'><strong>quia</strong></span> <span class='ocrx_word' id='word_1_735' title='bbox 1391 4655 1616 4719; x_wconf 58' lang='lat' dir='ltr'><strong>prodest.</strong></span> <span class='ocrx_word' id='word_1_736' title='bbox 1651 4656 1747 4706; x_wconf 75' lang='lat' dir='ltr'><strong>l&#39;er</strong></span> <span class='ocrx_word' id='word_1_737' title='bbox 1778 4658 1943 4720; x_wconf 82' lang='lat' dir='ltr'><strong>ignem</strong></span> <span class='ocrx_word' id='word_1_738' title='bbox 1973 4672 2097 4709; x_wconf 89' lang='lat' dir='ltr'><strong>vero</strong></span> 
     </span>
    </p>
   </div>
   <div class='ocr_carea' id='block_1_84' title="bbox 588 4722 2097 4789">
    <p class='ocr_par' dir='ltr' id='par_1_84' title="bbox 588 4722 2097 4789">
     <span class='ocr_line' id='line_1_84' title="bbox 588 4722 2097 4789; baseline 0.004 -18"><span class='ocrx_word' id='word_1_739' title='bbox 588 4727 817 4789; x_wconf 79' lang='lat' dir='ltr'><strong>accipere</strong></span> <span class='ocrx_word' id='word_1_740' title='bbox 858 4738 1128 4789; x_wconf 83' lang='lat' dir='ltr'><strong>possumus</strong></span> <span class='ocrx_word' id='word_1_741' title='bbox 1170 4738 1371 4775; x_wconf 88' lang='lat' dir='ltr'><strong>omnem</strong></span> <span class='ocrx_word' id='word_1_742' title='bbox 1421 4722 1730 4773; x_wconf 34' lang='lat' dir='ltr'><strong>exteriori-nt</strong></span> <span class='ocrx_word' id='word_1_743' title='bbox 1781 4736 2097 4788; x_wconf 84' lang='lat' dir='ltr'><strong>persecutio-</strong></span> 
     </span>
    </p>
   </div>
   <div class='ocr_carea' id='block_1_85' title="bbox 588 4790 1656 4858">
    <p class='ocr_par' dir='ltr' id='par_1_85' title="bbox 588 4790 1656 4858">
     <span class='ocr_line' id='line_1_85' title="bbox 588 4790 1656 4858; baseline -0.001 -16"><span class='ocrx_word' id='word_1_744' title='bbox 588 4808 723 4850; x_wconf 76' lang='lat' dir='ltr'><strong>nem,</strong></span> <span class='ocrx_word' id='word_1_745' title='bbox 757 4795 863 4845; x_wconf 73' lang='lat' dir='ltr'><strong>sive</strong></span> <span class='ocrx_word' id='word_1_746' title='bbox 886 4793 935 4844; x_wconf 92' lang='lat' dir='ltr'><strong>in</strong></span> <span class='ocrx_word' id='word_1_747' title='bbox 960 4796 1145 4858; x_wconf 78' lang='lat' dir='ltr'><strong>Capite,</strong></span> <span class='ocrx_word' id='word_1_748' title='bbox 1173 4794 1279 4844; x_wconf 85' lang='lat' dir='ltr'><strong>sive</strong></span> <span class='ocrx_word' id='word_1_749' title='bbox 1310 4793 1358 4841; x_wconf 89' lang='lat' dir='ltr'><strong>in</strong></span> <span class='ocrx_word' id='word_1_750' title='bbox 1392 4790 1656 4841; x_wconf 89' lang='lat' dir='ltr'><strong>membris.</strong></span> 
     </span>
    </p>
   </div>
   <div class='ocr_carea' id='block_1_86' title="bbox 656 4858 2095 4927">
    <p class='ocr_par' dir='ltr' id='par_1_86' title="bbox 656 4858 2095 4927">
     <span class='ocr_line' id='line_1_86' title="bbox 656 4858 2095 4927; baseline 0.003 -19"><span class='ocrx_word' id='word_1_751' title='bbox 656 4858 845 4923; x_wconf 76' lang='lat' dir='ltr'><strong>Perﬁce</strong></span> <span class='ocrx_word' id='word_1_752' title='bbox 871 4877 1061 4927; x_wconf 78' lang='lat' dir='ltr'><strong>gressus</strong></span> <span class='ocrx_word' id='word_1_753' title='bbox 1089 4878 1240 4913; x_wconf 82' lang='lat' dir='ltr'><strong>meos.</strong></span> <span class='ocrx_word' id='word_1_754' title='bbox 1269 4860 1422 4924; x_wconf 86' lang='lat' dir='ltr'><strong>Quasi</strong></span> <span class='ocrx_word' id='word_1_755' title='bbox 1445 4860 1581 4910; x_wconf 68' lang='lat' dir='ltr'><strong>dicat</strong></span> <span class='ocrx_word' id='word_1_756' title='bbox 1604 4876 1613 4907; x_wconf 92' lang='lat'><strong>:</strong></span> <span class='ocrx_word' id='word_1_757' title='bbox 1656 4858 1796 4921; x_wconf 83' lang='lat' dir='ltr'><strong>Quod</strong></span> <span class='ocrx_word' id='word_1_758' title='bbox 1826 4874 1922 4926; x_wconf 88' lang='lat' dir='ltr'><strong>ego</strong></span> <span class='ocrx_word' id='word_1_759' title='bbox 1943 4860 2095 4914; x_wconf 85' lang='lat' dir='ltr'><strong>verba</strong></span> 
     </span>
    </p>
   </div>
   <div class='ocr_carea' id='block_1_87' title="bbox 588 4927 2097 4993">
    <p class='ocr_par' dir='ltr' id='par_1_87' title="bbox 588 4927 2097 4993">
     <span class='ocr_line' id='line_1_87' title="bbox 588 4927 2097 4993; baseline 0.005 -18"><span class='ocrx_word' id='word_1_760' title='bbox 588 4927 837 4978; x_wconf 85' lang='lat' dir='ltr'><strong>labiorum</strong></span> <span class='ocrx_word' id='word_1_761' title='bbox 863 4930 1074 4990; x_wconf 86' lang='lat' dir='ltr'><strong>implere</strong></span> <span class='ocrx_word' id='word_1_762' title='bbox 1103 4929 1299 4989; x_wconf 79' lang='lat' dir='ltr'><strong>curavi,</strong></span> <span class='ocrx_word' id='word_1_763' title='bbox 1322 4939 1373 4980; x_wconf 90' lang='lat' dir='ltr'><strong>et</strong></span> <span class='ocrx_word' id='word_1_764' title='bbox 1395 4928 1500 4979; x_wconf 85' lang='lat' dir='ltr'><strong>vias</strong></span> <span class='ocrx_word' id='word_1_765' title='bbox 1520 4929 1675 4981; x_wconf 85' lang='lat' dir='ltr'><strong>duras</strong></span> <span class='ocrx_word' id='word_1_766' title='bbox 1695 4931 1969 4993; x_wconf 68' lang='lat' dir='ltr'><strong>custodiri,</strong></span> <span class='ocrx_word' id='word_1_767' title='bbox 2003 4931 2097 4983; x_wconf 84' lang='lat' dir='ltr'><strong>hoc</strong></span> 
     </span>
    </p>
   </div>
   <div class='ocr_carea' id='block_1_88' title="bbox 588 4997 2097 5063">
    <p class='ocr_par' dir='ltr' id='par_1_88' title="bbox 588 4997 2097 5063">
     <span class='ocr_line' id='line_1_88' title="bbox 588 4997 2097 5063; baseline 0.006 -21"><span class='ocrx_word' id='word_1_768' title='bbox 588 4997 649 5044; x_wconf 83' lang='lat' dir='ltr'><strong>ad</strong></span> <span class='ocrx_word' id='word_1_769' title='bbox 678 4998 1011 5058; x_wconf 73' lang='lat' dir='ltr'><strong>perliciendos</strong></span> <span class='ocrx_word' id='word_1_770' title='bbox 1041 5014 1179 5049; x_wconf 87' lang='lat' dir='ltr'><strong>meos</strong></span> <span class='ocrx_word' id='word_1_771' title='bbox 1206 5012 1413 5063; x_wconf 87' lang='lat' dir='ltr'><strong>gressus</strong></span> <span class='ocrx_word' id='word_1_772' title='bbox 1442 4998 1558 5051; x_wconf 84' lang='lat' dir='ltr'><strong>l&#39;eci.</strong></span> <span class='ocrx_word' id='word_1_773' title='bbox 1589 4998 1646 5049; x_wconf 74' lang='lat' dir='ltr'><strong>Et</strong></span> <span class='ocrx_word' id='word_1_774' title='bbox 1670 4998 1805 5055; x_wconf 81' lang='lat' dir='ltr'><strong>ideo,</strong></span> <span class='ocrx_word' id='word_1_775' title='bbox 1827 5013 1857 5046; x_wconf 87' lang='grc' dir='ltr'><strong>ο</strong></span> <span class='ocrx_word' id='word_1_776' title='bbox 1884 4999 2097 5051; x_wconf 89' lang='lat' dir='ltr'><strong>Domine</strong></span> 
     </span>
    </p>
   </div>
   <div class='ocr_carea' id='block_1_89' title="bbox 592 5066 2093 5133">
    <p class='ocr_par' dir='ltr' id='par_1_89' title="bbox 592 5066 2093 5133">
     <span class='ocr_line' id='line_1_89' title="bbox 592 5066 2093 5133; baseline 0.006 -22"><span class='ocrx_word' id='word_1_777' title='bbox 592 5066 758 5133; x_wconf 78' lang='lat' dir='ltr'><strong>Pater,</strong></span> <span class='ocrx_word' id='word_1_778' title='bbox 783 5066 961 5130; x_wconf 81' lang='lat' dir='ltr'><strong>perﬁce</strong></span> <span class='ocrx_word' id='word_1_779' title='bbox 988 5067 1036 5114; x_wconf 88' lang='lat' dir='ltr'><strong>in</strong></span> <span class='ocrx_word' id='word_1_780' title='bbox 1068 5070 1247 5117; x_wconf 84' lang='lat' dir='ltr'><strong>semitis</strong></span> <span class='ocrx_word' id='word_1_781' title='bbox 1274 5069 1368 5116; x_wconf 85' lang='lat' dir='ltr'><strong>tuis</strong></span> <span class='ocrx_word' id='word_1_782' title='bbox 1392 5106 1408 5131; x_wconf 86' lang='lat'><strong>,</strong></span> <span class='ocrx_word' id='word_1_783' title='bbox 1436 5066 1484 5117; x_wconf 89' lang='lat' dir='ltr'><strong>id</strong></span> <span class='ocrx_word' id='word_1_784' title='bbox 1514 5076 1620 5127; x_wconf 83' lang='lat' dir='ltr'><strong>est,</strong></span> <span class='ocrx_word' id='word_1_785' title='bbox 1664 5069 1917 5133; x_wconf 77' lang='lat' dir='ltr'><strong>perfectos</strong></span> <span class='ocrx_word' id='word_1_786' title='bbox 1943 5067 2020 5120; x_wconf 80' lang='lat' dir='ltr'><strong>fac</strong></span> <span class='ocrx_word' id='word_1_787' title='bbox 2044 5068 2093 5133; x_wconf 78' lang='lat' dir='ltr'><strong>in</strong></span> 
     </span>
    </p>
   </div>
   <div class='ocr_carea' id='block_1_90' title="bbox 589 5132 2097 5203">
    <p class='ocr_par' dir='ltr' id='par_1_90' title="bbox 589 5132 2097 5203">
     <span class='ocr_line' id='line_1_90' title="bbox 589 5132 2097 5203; baseline 0.009 -28"><span class='ocrx_word' id='word_1_788' title='bbox 589 5132 889 5203; x_wconf 73' lang='lat' dir='ltr'><strong>aretioribus</strong></span> <span class='ocrx_word' id='word_1_789' title='bbox 921 5136 1185 5198; x_wconf 65' lang='lat' dir='ltr'><strong>prteceptis</strong></span> <span class='ocrx_word' id='word_1_790' title='bbox 1213 5138 1310 5186; x_wconf 87' lang='lat' dir='ltr'><strong>tuis</strong></span> <span class='ocrx_word' id='word_1_791' title='bbox 1337 5152 1528 5203; x_wconf 79' lang='lat' dir='ltr'><strong>gressus</strong></span> <span class='ocrx_word' id='word_1_792' title='bbox 1567 5132 1697 5187; x_wconf 81' lang='lat' dir='ltr'><strong>meos</strong></span> <span class='ocrx_word' id='word_1_793' title='bbox 1718 5176 1731 5197; x_wconf 87' lang='lat'><strong>,</strong></span> <span class='ocrx_word' id='word_1_794' title='bbox 1766 5136 1811 5186; x_wconf 85' lang='lat' dir='ltr'><strong>id</strong></span> <span class='ocrx_word' id='word_1_795' title='bbox 1843 5146 1938 5195; x_wconf 83' lang='lat' dir='ltr'><strong>est,</strong></span> <span class='ocrx_word' id='word_1_796' title='bbox 1972 5132 2097 5203; x_wconf 85' lang='lat' dir='ltr'><strong>apo-</strong></span> 
     </span>
    </p>
   </div>
   <div class='ocr_carea' id='block_1_91' title="bbox 586 5200 2095 5267">
    <p class='ocr_par' dir='ltr' id='par_1_91' title="bbox 586 5200 2095 5267">
     <span class='ocr_line' id='line_1_91' title="bbox 586 5200 2095 5267; baseline 0.005 -18"><span class='ocrx_word' id='word_1_797' title='bbox 586 5200 745 5251; x_wconf 68' lang='lat' dir='ltr'><strong>stolos</strong></span> <span class='ocrx_word' id='word_1_798' title='bbox 774 5212 824 5251; x_wconf 90' lang='lat' dir='ltr'><strong>et</strong></span> <span class='ocrx_word' id='word_1_799' title='bbox 852 5214 1085 5261; x_wconf 64' lang='lat' dir='ltr'><strong>Ctl’let‘Oa‘,</strong></span> <span class='ocrx_word' id='word_1_800' title='bbox 1111 5218 1199 5266; x_wconf 88' lang='lat' dir='ltr'><strong>per</strong></span> <span class='ocrx_word' id='word_1_801' title='bbox 1226 5200 1352 5267; x_wconf 63' lang='lat' dir='ltr'><strong>quos</strong></span> <span class='ocrx_word' id='word_1_802' title='bbox 1384 5206 1442 5255; x_wconf 90' lang='lat' dir='ltr'><strong>ad</strong></span> <span class='ocrx_word' id='word_1_803' title='bbox 1474 5209 1700 5255; x_wconf 83' lang='lat' dir='ltr'><strong>notitiam</strong></span> <span class='ocrx_word' id='word_1_804' title='bbox 1735 5206 1992 5255; x_wconf 83' lang='lat' dir='ltr'><strong>hominum</strong></span> <span class='ocrx_word' id='word_1_805' title='bbox 2007 5200 2095 5257; x_wconf 77' lang='lat' dir='ltr'><strong>iu-</strong></span> 
     </span>
    </p>
   </div>
   <div class='ocr_carea' id='block_1_92' title="bbox 585 5270 2092 5336">
    <p class='ocr_par' dir='ltr' id='par_1_92' title="bbox 585 5270 2092 5336">
     <span class='ocr_line' id='line_1_92' title="bbox 585 5270 2092 5336; baseline 0.005 -20"><span class='ocrx_word' id='word_1_806' title='bbox 585 5270 787 5336; x_wconf 73' lang='lat' dir='ltr'><strong>grediar</strong></span> <span class='ocrx_word' id='word_1_807' title='bbox 816 5284 961 5321; x_wconf 87' lang='lat' dir='ltr'><strong>meos</strong></span> <span class='ocrx_word' id='word_1_808' title='bbox 986 5310 1001 5333; x_wconf 86' lang='lat'><strong>,</strong></span> <span class='ocrx_word' id='word_1_809' title='bbox 1050 5272 1095 5321; x_wconf 90' lang='lat' dir='ltr'><strong>id</strong></span> <span class='ocrx_word' id='word_1_810' title='bbox 1136 5278 1212 5320; x_wconf 75' lang='lat' dir='ltr'><strong>est</strong></span> <span class='ocrx_word' id='word_1_811' title='bbox 1245 5285 1270 5320; x_wconf 90' lang='lat' dir='ltr'><strong>a</strong></span> <span class='ocrx_word' id='word_1_812' title='bbox 1306 5281 1353 5319; x_wconf 86' lang='lat' dir='ltr'><strong>te</strong></span> <span class='ocrx_word' id='word_1_813' title='bbox 1383 5273 1501 5321; x_wconf 88' lang='lat' dir='ltr'><strong>mini</strong></span> <span class='ocrx_word' id='word_1_814' title='bbox 1542 5275 1707 5324; x_wconf 86' lang='lat' dir='ltr'><strong>datos.</strong></span> <span class='ocrx_word' id='word_1_815' title='bbox 1738 5273 1887 5336; x_wconf 78' lang='lat' dir='ltr'><strong>Quasi</strong></span> <span class='ocrx_word' id='word_1_816' title='bbox 1918 5275 2053 5324; x_wconf 90' lang='lat' dir='ltr'><strong>dicat</strong></span> <span class='ocrx_word' id='word_1_817' title='bbox 2079 5291 2092 5325; x_wconf 92' lang='lat'><strong>:</strong></span> 
     </span>
    </p>
   </div>
   <div class='ocr_carea' id='block_1_93' title="bbox 588 5335 2090 5405">
    <p class='ocr_par' dir='ltr' id='par_1_93' title="bbox 588 5335 2090 5405">
     <span class='ocr_line' id='line_1_93' title="bbox 588 5335 2090 5405; baseline 0.001 -18"><span class='ocrx_word' id='word_1_818' title='bbox 588 5335 678 5387; x_wconf 80' lang='lat' dir='ltr'><strong>Tui</strong></span> <span class='ocrx_word' id='word_1_819' title='bbox 710 5348 872 5403; x_wconf 84' lang='lat' dir='ltr'><strong>erant,</strong></span> <span class='ocrx_word' id='word_1_820' title='bbox 901 5340 1066 5400; x_wconf 80' lang='lat' dir='ltr'><strong>Pater,</strong></span> <span class='ocrx_word' id='word_1_821' title='bbox 1093 5349 1145 5390; x_wconf 91' lang='lat' dir='ltr'><strong>et</strong></span> <span class='ocrx_word' id='word_1_822' title='bbox 1170 5351 1218 5388; x_wconf 88' lang='lat' dir='ltr'><strong>tu</strong></span> <span class='ocrx_word' id='word_1_823' title='bbox 1243 5339 1364 5387; x_wconf 87' lang='lat' dir='ltr'><strong>mihi</strong></span> <span class='ocrx_word' id='word_1_824' title='bbox 1388 5352 1479 5405; x_wconf 73' lang='lat' dir='ltr'><strong>eos</strong></span> <span class='ocrx_word' id='word_1_825' title='bbox 1500 5340 1705 5395; x_wconf 76' lang='lat' dir='ltr'><strong>dedisti.</strong></span> <span class='ocrx_word' id='word_1_826' title='bbox 1730 5335 1776 5390; x_wconf 76' lang='lat' dir='ltr'><strong>ri</strong></span> <span class='ocrx_word' id='word_1_827' title='bbox 1807 5342 1919 5391; x_wconf 75' lang='lat' dir='ltr'><strong>ideo</strong></span> <span class='ocrx_word' id='word_1_828' title='bbox 1941 5356 2090 5392; x_wconf 85' lang='lat' dir='ltr'><strong>serva</strong></span> 
     </span>
    </p>
   </div>
   <div class='ocr_carea' id='block_1_94' title="bbox 583 5407 2092 5472">
    <p class='ocr_par' dir='ltr' id='par_1_94' title="bbox 583 5407 2092 5472">
     <span class='ocr_line' id='line_1_94' title="bbox 583 5407 2092 5472; baseline 0.005 -19"><span class='ocrx_word' id='word_1_829' title='bbox 583 5419 671 5455; x_wconf 84' lang='lat' dir='ltr'><strong>eos</strong></span> <span class='ocrx_word' id='word_1_830' title='bbox 699 5424 707 5455; x_wconf 91' lang='lat'><strong>:</strong></span> <span class='ocrx_word' id='word_1_831' title='bbox 743 5412 929 5472; x_wconf 85' lang='lat' dir='ltr'><strong>pertice</strong></span> <span class='ocrx_word' id='word_1_832' title='bbox 950 5410 1085 5471; x_wconf 84' lang='lat' dir='ltr'><strong>dico,</strong></span> <span class='ocrx_word' id='word_1_833' title='bbox 1114 5417 1165 5456; x_wconf 85' lang='lat' dir='ltr'><strong>ut</strong></span> <span class='ocrx_word' id='word_1_834' title='bbox 1191 5407 1383 5471; x_wconf 75' lang='lat' dir='ltr'><strong>vestigia</strong></span> <span class='ocrx_word' id='word_1_835' title='bbox 1413 5421 1518 5455; x_wconf 87' lang='lat' dir='ltr'><strong>mea</strong></span> <span class='ocrx_word' id='word_1_836' title='bbox 1543 5444 1557 5464; x_wconf 88' lang='lat'><strong>,</strong></span> <span class='ocrx_word' id='word_1_837' title='bbox 1600 5408 1645 5455; x_wconf 89' lang='lat' dir='ltr'><strong>id</strong></span> <span class='ocrx_word' id='word_1_838' title='bbox 1691 5419 1765 5456; x_wconf 89' lang='lat' dir='ltr'><strong>est</strong></span> <span class='ocrx_word' id='word_1_839' title='bbox 1794 5410 1932 5467; x_wconf 62' lang='lat' dir='ltr'><strong>signa</strong></span> <span class='ocrx_word' id='word_1_840' title='bbox 1977 5412 2092 5461; x_wconf 67' lang='lat' dir='ltr'><strong>vita:</strong></span> 
     </span>
    </p>
   </div>
   <div class='ocr_carea' id='block_1_95' title="bbox 584 5477 1909 5539">
    <p class='ocr_par' dir='ltr' id='par_1_95' title="bbox 584 5477 1909 5539">
     <span class='ocr_line' id='line_1_95' title="bbox 584 5477 1909 5539; baseline 0.004 -18"><span class='ocrx_word' id='word_1_841' title='bbox 584 5487 732 5535; x_wconf 57' lang='lat' dir='ltr'><strong>unum,</strong></span> <span class='ocrx_word' id='word_1_842' title='bbox 764 5477 809 5526; x_wconf 86' lang='lat' dir='ltr'><strong>id</strong></span> <span class='ocrx_word' id='word_1_843' title='bbox 842 5487 918 5528; x_wconf 65' lang='lat' dir='ltr'><strong>est</strong></span> <span class='ocrx_word' id='word_1_844' title='bbox 946 5480 1076 5527; x_wconf 87' lang='lat' dir='ltr'><strong>bona</strong></span> <span class='ocrx_word' id='word_1_845' title='bbox 1109 5490 1260 5539; x_wconf 78' lang='lat' dir='ltr'><strong>opera</strong></span> <span class='ocrx_word' id='word_1_846' title='bbox 1292 5491 1385 5525; x_wconf 85' lang='lat' dir='ltr'><strong>non</strong></span> <span class='ocrx_word' id='word_1_847' title='bbox 1416 5483 1699 5523; x_wconf 80' lang='lat' dir='ltr'><strong>moveantur</strong></span> <span class='ocrx_word' id='word_1_848' title='bbox 1725 5478 1787 5523; x_wconf 81' lang='lat' dir='ltr'><strong>ab</strong></span> <span class='ocrx_word' id='word_1_849' title='bbox 1812 5477 1909 5525; x_wconf 82' lang='lat' dir='ltr'><strong>eis.</strong></span> 
     </span>
    </p>
   </div>
   <div class='ocr_carea' id='block_1_96' title="bbox 655 5541 2090 5609">
    <p class='ocr_par' dir='ltr' id='par_1_96' title="bbox 655 5541 2090 5609">
     <span class='ocr_line' id='line_1_96' title="bbox 655 5541 2090 5609; baseline 0.006 -21"><span class='ocrx_word' id='word_1_850' title='bbox 655 5541 759 5609; x_wconf 54' lang='lat' dir='ltr'><strong>ligo</strong></span> <span class='ocrx_word' id='word_1_851' title='bbox 795 5546 1020 5595; x_wconf 78' lang='lat' dir='ltr'><strong>clamavi.</strong></span> <span class='ocrx_word' id='word_1_852' title='bbox 1077 5545 1202 5594; x_wconf 70' lang='lat' dir='ltr'><strong>Vere</strong></span> <span class='ocrx_word' id='word_1_853' title='bbox 1251 5544 1477 5605; x_wconf 73' lang='lat' dir='ltr'><strong>pellicies</strong></span> <span class='ocrx_word' id='word_1_854' title='bbox 1506 5558 1631 5595; x_wconf 76' lang='lat' dir='ltr'><strong>eos.</strong></span> <span class='ocrx_word' id='word_1_855' title='bbox 1682 5542 1797 5605; x_wconf 83' lang='lat' dir='ltr'><strong>quia</strong></span> <span class='ocrx_word' id='word_1_856' title='bbox 1835 5558 1920 5609; x_wconf 83' lang='lat' dir='ltr'><strong>ego</strong></span> <span class='ocrx_word' id='word_1_857' title='bbox 1952 5548 2090 5596; x_wconf 86' lang='lat' dir='ltr'><strong>solus</strong></span> 
     </span>
    </p>
   </div>
   <div class='ocr_carea' id='block_1_97' title="bbox 584 5606 2087 5675">
    <p class='ocr_par' dir='ltr' id='par_1_97' title="bbox 584 5606 2087 5675">
     <span class='ocr_line' id='line_1_97' title="bbox 584 5606 2087 5675; baseline 0.007 -22"><span class='ocrx_word' id='word_1_858' title='bbox 584 5606 796 5660; x_wconf 79' lang='lat' dir='ltr'><strong>idoneus</strong></span> <span class='ocrx_word' id='word_1_859' title='bbox 828 5627 914 5675; x_wconf 89' lang='lat' dir='ltr'><strong>per</strong></span> <span class='ocrx_word' id='word_1_860' title='bbox 948 5616 1139 5675; x_wconf 70' lang='lat' dir='ltr'><strong>peccati</strong></span> <span class='ocrx_word' id='word_1_861' title='bbox 1177 5614 1544 5661; x_wconf 81' lang='lat' dir='ltr'><strong>innmtuitatem</strong></span> <span class='ocrx_word' id='word_1_862' title='bbox 1574 5610 1634 5659; x_wconf 85' lang='lat' dir='ltr'><strong>ad</strong></span> <span class='ocrx_word' id='word_1_863' title='bbox 1669 5611 1765 5661; x_wconf 81' lang='lat' dir='ltr'><strong>hoc</strong></span> <span class='ocrx_word' id='word_1_864' title='bbox 1796 5606 1996 5663; x_wconf 50' lang='lat' dir='ltr'><strong>cla&#39;niuri</strong></span> <span class='ocrx_word' id='word_1_865' title='bbox 2027 5616 2087 5663; x_wconf 86' lang='lat' dir='ltr'><strong>ad</strong></span> 
     </span>
    </p>
   </div>
   <div class='ocr_carea' id='block_1_98' title="bbox 580 5680 2087 5737">
    <p class='ocr_par' dir='ltr' id='par_1_98' title="bbox 580 5680 2087 5737">
     <span class='ocr_line' id='line_1_98' title="bbox 580 5680 2087 5737; baseline 0.005 -15"><span class='ocrx_word' id='word_1_866' title='bbox 580 5684 650 5731; x_wconf 85' lang='lat' dir='ltr'><strong>te.</strong></span> <span class='ocrx_word' id='word_1_867' title='bbox 680 5680 725 5727; x_wconf 84' lang='lat' dir='ltr'><strong>id</strong></span> <span class='ocrx_word' id='word_1_868' title='bbox 753 5688 848 5733; x_wconf 84' lang='lat' dir='ltr'><strong>est.</strong></span> <span class='ocrx_word' id='word_1_869' title='bbox 877 5680 1085 5730; x_wconf 83' lang='lat' dir='ltr'><strong>liberam</strong></span> <span class='ocrx_word' id='word_1_870' title='bbox 1117 5688 1164 5728; x_wconf 78' lang='lat' dir='ltr'><strong>et</strong></span> <span class='ocrx_word' id='word_1_871' title='bbox 1199 5681 1412 5729; x_wconf 71' lang='lat' dir='ltr'><strong>\‘alidztttt</strong></span> <span class='ocrx_word' id='word_1_872' title='bbox 1446 5681 1781 5730; x_wconf 81' lang='lat' dir='ltr'><strong>intentionem</strong></span> <span class='ocrx_word' id='word_1_873' title='bbox 1823 5682 1987 5737; x_wconf 71' lang='lat' dir='ltr'><strong>proris</strong></span> <span class='ocrx_word' id='word_1_874' title='bbox 2027 5686 2087 5731; x_wconf 82' lang='lat' dir='ltr'><strong>ad</strong></span> 
     </span>
    </p>
   </div>
   <div class='ocr_carea' id='block_1_99' title="bbox 578 5744 2089 5813">
    <p class='ocr_par' dir='ltr' id='par_1_99' title="bbox 578 5744 2089 5813">
     <span class='ocr_line' id='line_1_99' title="bbox 578 5744 2089 5813; baseline 0.005 -20"><span class='ocrx_word' id='word_1_875' title='bbox 578 5752 627 5795; x_wconf 74' lang='lat' dir='ltr'><strong>te</strong></span> <span class='ocrx_word' id='word_1_876' title='bbox 658 5744 837 5796; x_wconf 82' lang='lat' dir='ltr'><strong>direxi.</strong></span> <span class='ocrx_word' id='word_1_877' title='bbox 871 5746 925 5795; x_wconf 67' lang='lat' dir='ltr'><strong>ill</strong></span> <span class='ocrx_word' id='word_1_878' title='bbox 954 5761 1073 5799; x_wconf 83' lang='lat' dir='ltr'><strong>vere</strong></span> <span class='ocrx_word' id='word_1_879' title='bbox 1102 5749 1305 5801; x_wconf 70' lang='lat' dir='ltr'><strong>clamavi</strong></span> <span class='ocrx_word' id='word_1_880' title='bbox 1330 5786 1341 5807; x_wconf 80' lang='grc'><em>,</em></span> <span class='ocrx_word' id='word_1_881' title='bbox 1372 5752 1598 5813; x_wconf 75' lang='lat' dir='ltr'><strong>quoniam</strong></span> <span class='ocrx_word' id='word_1_882' title='bbox 1633 5761 1681 5798; x_wconf 90' lang='lat' dir='ltr'><strong>tu</strong></span> <span class='ocrx_word' id='word_1_883' title='bbox 1712 5764 1793 5811; x_wconf 85' lang='lat' dir='ltr'><strong>qui</strong></span> <span class='ocrx_word' id='word_1_884' title='bbox 1828 5752 1956 5801; x_wconf 76' lang='lat' dir='ltr'><strong>Deus</strong></span> <span class='ocrx_word' id='word_1_885' title='bbox 1996 5767 2049 5803; x_wconf 84' lang='lat' dir='ltr'><strong>es</strong></span> <span class='ocrx_word' id='word_1_886' title='bbox 2078 5793 2089 5811; x_wconf 86' lang='lat'><strong>,</strong></span> 
     </span>
    </p>
   </div>
   <div class='ocr_carea' id='block_1_100' title="bbox 755 3136 2174 3216">
    <p class='ocr_par' dir='ltr' id='par_1_100' title="bbox 755 3136 2174 3216">
     <span class='ocr_line' id='line_1_100' title="bbox 755 3136 2174 3216; baseline -0.001 -25"><span class='ocrx_word' id='word_1_887' title='bbox 755 3150 963 3216; x_wconf 82' lang='lat' dir='ltr'><strong>prapter</strong></span> <span class='ocrx_word' id='word_1_888' title='bbox 993 3138 1126 3216; x_wconf 70' lang='lat' dir='ltr'><strong>dicta</strong></span> <span class='ocrx_word' id='word_1_889' title='bbox 1172 3136 1533 3216; x_wconf 80' lang='lat' dir='ltr'><strong>prOphetarurn</strong></span> <span class='ocrx_word' id='word_1_890' title='bbox 1565 3175 1578 3196; x_wconf 87' lang='lat'><strong>,</strong></span> <span class='ocrx_word' id='word_1_891' title='bbox 1626 3144 1675 3216; x_wconf 87' lang='lat' dir='ltr'><strong>ut</strong></span> <span class='ocrx_word' id='word_1_892' title='bbox 1724 3136 2100 3216; x_wconf 63' lang='lat' dir='ltr'><strong>scripturarum</strong></span> <span class='ocrx_word' id='word_1_893' title='bbox 2130 3156 2174 3216; x_wconf 71' lang='grc' dir='ltr'><strong>ε</strong></span> 
     </span>
    </p>
   </div>
   <div class='ocr_carea' id='block_1_101' title="bbox 2216 1895 3745 1965">
    <p class='ocr_par' dir='ltr' id='par_1_101' title="bbox 2216 1895 3745 1965">
     <span class='ocr_line' id='line_1_101' title="bbox 2216 1895 3745 1965; baseline 0.003 -20"><span class='ocrx_word' id='word_1_894' title='bbox 2216 1895 2391 1965; x_wconf 78' lang='lat' dir='ltr'><strong>pillam</strong></span> <span class='ocrx_word' id='word_1_895' title='bbox 2416 1895 2567 1955; x_wconf 84' lang='lat' dir='ltr'><strong>oculi,</strong></span> <span class='ocrx_word' id='word_1_896' title='bbox 2596 1897 2643 1949; x_wconf 91' lang='lat' dir='ltr'><strong>id</strong></span> <span class='ocrx_word' id='word_1_897' title='bbox 2678 1908 2774 1954; x_wconf 90' lang='lat' dir='ltr'><strong>est.</strong></span> <span class='ocrx_word' id='word_1_898' title='bbox 2806 1900 2937 1951; x_wconf 62' lang='lat' dir='ltr'><strong>sicut</strong></span> <span class='ocrx_word' id='word_1_899' title='bbox 2964 1899 3232 1952; x_wconf 88' lang='lat' dir='ltr'><strong>custodisti</strong></span> <span class='ocrx_word' id='word_1_900' title='bbox 3266 1895 3486 1965; x_wconf 42' lang='grc' dir='ltr'>ωε(ρυὶ</span> <span class='ocrx_word' id='word_1_901' title='bbox 3516 1915 3634 1950; x_wconf 87' lang='lat' dir='ltr'><strong>smn</strong></span> <span class='ocrx_word' id='word_1_902' title='bbox 3663 1915 3745 1964; x_wconf 83' lang='lat' dir='ltr'><strong>pu-</strong></span> 
     </span>
    </p>
   </div>
   <div class='ocr_carea' id='block_1_102' title="bbox 2218 1964 3744 2034">
    <p class='ocr_par' dir='ltr' id='par_1_102' title="bbox 2218 1964 3744 2034">
     <span class='ocr_line' id='line_1_102' title="bbox 2218 1964 3744 2034; baseline 0.002 -20"><span class='ocrx_word' id='word_1_903' title='bbox 2218 1964 2338 2031; x_wconf 88' lang='lat' dir='ltr'><strong>pilla</strong></span> <span class='ocrx_word' id='word_1_904' title='bbox 2367 1966 2502 2018; x_wconf 87' lang='lat' dir='ltr'><strong>oculi</strong></span> <span class='ocrx_word' id='word_1_905' title='bbox 2527 1968 2619 2021; x_wconf 89' lang='lat' dir='ltr'><strong>tui.</strong></span> <span class='ocrx_word' id='word_1_906' title='bbox 2655 1967 2854 2034; x_wconf 64' lang='lat' dir='ltr'><strong>Pupilla</strong></span> <span class='ocrx_word' id='word_1_907' title='bbox 2881 1969 3090 2021; x_wconf 89' lang='lat' dir='ltr'><strong>minima</strong></span> <span class='ocrx_word' id='word_1_908' title='bbox 3116 1970 3368 2030; x_wconf 80' lang='lat' dir='ltr'><strong>particula</strong></span> <span class='ocrx_word' id='word_1_909' title='bbox 3395 1964 3473 2021; x_wconf 85' lang='lat' dir='ltr'><strong>est</strong></span> <span class='ocrx_word' id='word_1_910' title='bbox 3498 1970 3553 2020; x_wconf 90' lang='lat' dir='ltr'><strong>in</strong></span> <span class='ocrx_word' id='word_1_911' title='bbox 3586 1970 3744 2027; x_wconf 79' lang='lat' dir='ltr'><strong>oculo,</strong></span> 
     </span>
    </p>
   </div>
   <div class='ocr_carea' id='block_1_103' title="bbox 2215 2037 3744 2105">
    <p class='ocr_par' dir='ltr' id='par_1_103' title="bbox 2215 2037 3744 2105">
     <span class='ocr_line' id='line_1_103' title="bbox 2215 2037 3744 2105; baseline 0.006 -25"><span class='ocrx_word' id='word_1_912' title='bbox 2215 2048 2310 2105; x_wconf 83' lang='lat' dir='ltr'><strong>qua</strong></span> <span class='ocrx_word' id='word_1_913' title='bbox 2341 2043 2511 2105; x_wconf 86' lang='lat' dir='ltr'><strong>tamen</strong></span> <span class='ocrx_word' id='word_1_914' title='bbox 2532 2043 2723 2105; x_wconf 65' lang='lat' dir='ltr'><strong>totum</strong></span> <span class='ocrx_word' id='word_1_915' title='bbox 2754 2052 2941 2101; x_wconf 87' lang='lat' dir='ltr'><strong>corpus</strong></span> <span class='ocrx_word' id='word_1_916' title='bbox 2981 2039 3239 2105; x_wconf 71' lang='lat' dir='ltr'><strong>dirigitur.</strong></span> <span class='ocrx_word' id='word_1_917' title='bbox 3290 2039 3377 2090; x_wconf 81' lang='lat' dir='ltr'><strong>Sic</strong></span> <span class='ocrx_word' id='word_1_918' title='bbox 3406 2037 3652 2090; x_wconf 82' lang='lat' dir='ltr'><strong>Cbrisms</strong></span> <span class='ocrx_word' id='word_1_919' title='bbox 3679 2038 3744 2089; x_wconf 85' lang='lat' dir='ltr'><strong>di-</strong></span> 
     </span>
    </p>
   </div>
   <div class='ocr_carea' id='block_1_104' title="bbox 2215 2102 3737 2169">
    <p class='ocr_par' dir='ltr' id='par_1_104' title="bbox 2215 2102 3737 2169">
     <span class='ocr_line' id='line_1_104' title="bbox 2215 2102 3737 2169; baseline 0.003 -16"><span class='ocrx_word' id='word_1_920' title='bbox 2215 2102 2351 2153; x_wconf 91' lang='lat' dir='ltr'><strong>citur</strong></span> <span class='ocrx_word' id='word_1_921' title='bbox 2381 2102 2575 2169; x_wconf 77' lang='lat' dir='ltr'><strong>pupilla</strong></span> <span class='ocrx_word' id='word_1_922' title='bbox 2600 2105 2754 2165; x_wconf 85' lang='lat' dir='ltr'><strong>oculi,</strong></span> <span class='ocrx_word' id='word_1_923' title='bbox 2782 2105 2828 2155; x_wconf 91' lang='lat' dir='ltr'><strong>id</strong></span> <span class='ocrx_word' id='word_1_924' title='bbox 2854 2117 2931 2155; x_wconf 77' lang='grc' dir='ltr'><strong>εει</strong></span> <span class='ocrx_word' id='word_1_925' title='bbox 2958 2102 3227 2168; x_wconf 67' lang='grc' dir='ltr'><strong>Εοειέὲεέ,</strong></span> <span class='ocrx_word' id='word_1_926' title='bbox 3256 2120 3373 2169; x_wconf 72' lang='lat' dir='ltr'><strong>quzc</strong></span> <span class='ocrx_word' id='word_1_927' title='bbox 3394 2118 3473 2157; x_wconf 84' lang='lat' dir='ltr'><strong>est</strong></span> <span class='ocrx_word' id='word_1_928' title='bbox 3499 2106 3589 2159; x_wconf 72' lang='lat' dir='ltr'><strong>lux</strong></span> <span class='ocrx_word' id='word_1_929' title='bbox 3614 2122 3737 2167; x_wconf 62' lang='lat' dir='ltr'><strong>vera,</strong></span> 
     </span>
    </p>
   </div>
   <div class='ocr_carea' id='block_1_105' title="bbox 2164 2172 3741 2231">
    <p class='ocr_par' dir='ltr' id='par_1_105' title="bbox 2164 2172 3741 2231">
     <span class='ocr_line' id='line_1_105' title="bbox 2164 2172 3741 2231; baseline 0.004 -13"><span class='ocrx_word' id='word_1_930' title='bbox 2164 2210 2167 2213; x_wconf 82' lang='lat'><strong>.</strong></span> <span class='ocrx_word' id='word_1_931' title='bbox 2214 2186 2325 2231; x_wconf 75' lang='lat' dir='ltr'><strong>qua:</strong></span> <span class='ocrx_word' id='word_1_932' title='bbox 2370 2172 2620 2223; x_wconf 81' lang='lat' dir='ltr'><strong>illuminat</strong></span> <span class='ocrx_word' id='word_1_933' title='bbox 2666 2190 2858 2225; x_wconf 79' lang='lat' dir='ltr'><strong>omnem</strong></span> <span class='ocrx_word' id='word_1_934' title='bbox 2903 2174 3150 2227; x_wconf 77' lang='lat' dir='ltr'><strong>hominem</strong></span> <span class='ocrx_word' id='word_1_935' title='bbox 3197 2174 3478 2227; x_wconf 72' lang='lat' dir='ltr'><strong>venientem</strong></span> <span class='ocrx_word' id='word_1_936' title='bbox 3524 2177 3579 2226; x_wconf 84' lang='lat' dir='ltr'><strong>in</strong></span> <span class='ocrx_word' id='word_1_937' title='bbox 3630 2178 3741 2225; x_wconf 63' lang='lat' dir='ltr'><strong>bant</strong></span> 
     </span>
    </p>
   </div>
   <div class='ocr_carea' id='block_1_106' title="bbox 2215 2241 3740 2302">
    <p class='ocr_par' dir='ltr' id='par_1_106' title="bbox 2215 2241 3740 2302">
     <span class='ocr_line' id='line_1_106' title="bbox 2215 2241 3740 2302; baseline 0.002 -14"><span class='ocrx_word' id='word_1_938' title='bbox 2215 2241 2475 2290; x_wconf 84' lang='lat' dir='ltr'><strong>mundum.</strong></span> <span class='ocrx_word' id='word_1_939' title='bbox 2514 2241 2601 2292; x_wconf 73' lang='lat' dir='ltr'><strong>Vel</strong></span> <span class='ocrx_word' id='word_1_940' title='bbox 2633 2242 2820 2295; x_wconf 77' lang='lat' dir='ltr'><strong>aliter:</strong></span> <span class='ocrx_word' id='word_1_941' title='bbox 2852 2243 3057 2295; x_wconf 79' lang='lat' dir='ltr'><strong>Custodi</strong></span> <span class='ocrx_word' id='word_1_942' title='bbox 3088 2259 3232 2296; x_wconf 87' lang='lat' dir='ltr'><strong>meos</strong></span> <span class='ocrx_word' id='word_1_943' title='bbox 3273 2248 3340 2293; x_wconf 83' lang='lat' dir='ltr'><strong>ita</strong></span> <span class='ocrx_word' id='word_1_944' title='bbox 3371 2284 3384 2302; x_wconf 82' lang='lat'><strong>,</strong></span> <span class='ocrx_word' id='word_1_945' title='bbox 3435 2254 3491 2294; x_wconf 90' lang='lat' dir='ltr'><strong>ut</strong></span> <span class='ocrx_word' id='word_1_946' title='bbox 3530 2257 3646 2295; x_wconf 82' lang='lat' dir='ltr'><strong>Sunt</strong></span> <span class='ocrx_word' id='word_1_947' title='bbox 3680 2246 3740 2295; x_wconf 80' lang='lat' dir='ltr'><strong>illi</strong></span> 
     </span>
    </p>
   </div>
   <div class='ocr_carea' id='block_1_107' title="bbox 2216 2309 3737 2379">
    <p class='ocr_par' dir='ltr' id='par_1_107' title="bbox 2216 2309 3737 2379">
     <span class='ocr_line' id='line_1_107' title="bbox 2216 2309 3737 2379; baseline 0.004 -22"><span class='ocrx_word' id='word_1_948' title='bbox 2216 2309 2562 2379; x_wconf 71' lang='lat' dir='ltr'><strong>custodiendi.</strong></span> <span class='ocrx_word' id='word_1_949' title='bbox 2590 2311 2676 2374; x_wconf 89' lang='lat' dir='ltr'><strong>qui</strong></span> <span class='ocrx_word' id='word_1_950' title='bbox 2706 2321 2827 2362; x_wconf 90' lang='lat' dir='ltr'><strong>sunt</strong></span> <span class='ocrx_word' id='word_1_951' title='bbox 2862 2312 3051 2377; x_wconf 81' lang='lat' dir='ltr'><strong>pupilla</strong></span> <span class='ocrx_word' id='word_1_952' title='bbox 3078 2315 3213 2365; x_wconf 90' lang='lat' dir='ltr'><strong>oculi</strong></span> <span class='ocrx_word' id='word_1_953' title='bbox 3242 2312 3338 2373; x_wconf 78' lang='lat' dir='ltr'><strong>:jd</strong></span> <span class='ocrx_word' id='word_1_954' title='bbox 3361 2322 3467 2371; x_wconf 87' lang='lat' dir='ltr'><strong>est,</strong></span> <span class='ocrx_word' id='word_1_955' title='bbox 3491 2329 3577 2374; x_wconf 85' lang='lat' dir='ltr'><strong>per</strong></span> <span class='ocrx_word' id='word_1_956' title='bbox 3603 2330 3737 2379; x_wconf 65' lang='lat' dir='ltr'><strong>quos,</strong></span> 
     </span>
    </p>
   </div>
   <div class='ocr_carea' id='block_1_108' title="bbox 2215 2374 3738 2447">
    <p class='ocr_par' dir='ltr' id='par_1_108' title="bbox 2215 2374 3738 2447">
     <span class='ocr_line' id='line_1_108' title="bbox 2215 2374 3738 2447; baseline 0.005 -21"><span class='ocrx_word' id='word_1_957' title='bbox 2215 2374 2331 2429; x_wconf 91' lang='lat' dir='ltr'><strong>licet</strong></span> <span class='ocrx_word' id='word_1_958' title='bbox 2364 2377 2466 2428; x_wconf 91' lang='lat' dir='ltr'><strong>sint</strong></span> <span class='ocrx_word' id='word_1_959' title='bbox 2500 2381 2666 2443; x_wconf 88' lang='lat' dir='ltr'><strong>pauci,</strong></span> <span class='ocrx_word' id='word_1_960' title='bbox 2701 2374 3078 2433; x_wconf 77' lang='lat' dir='ltr'><strong>transfunditur</strong></span> <span class='ocrx_word' id='word_1_961' title='bbox 3106 2382 3188 2434; x_wconf 81' lang='lat' dir='ltr'><strong>lux</strong></span> <span class='ocrx_word' id='word_1_962' title='bbox 3220 2382 3483 2447; x_wconf 85' lang='lat' dir='ltr'><strong>veritatis,</strong></span> <span class='ocrx_word' id='word_1_963' title='bbox 3508 2384 3558 2434; x_wconf 86' lang='lat' dir='ltr'><strong>iu</strong></span> <span class='ocrx_word' id='word_1_964' title='bbox 3592 2374 3738 2435; x_wconf 78' lang='lat' dir='ltr'><strong>totum</strong></span> 
     </span>
    </p>
   </div>
   <div class='ocr_carea' id='block_1_109' title="bbox 2212 2446 2696 2505">
    <p class='ocr_par' dir='ltr' id='par_1_109' title="bbox 2212 2446 2696 2505">
     <span class='ocr_line' id='line_1_109' title="bbox 2212 2446 2696 2505; baseline 0.006 -11"><span class='ocrx_word' id='word_1_965' title='bbox 2212 2456 2401 2505; x_wconf 76' lang='lat' dir='ltr'><strong>cat-pus</strong></span> <span class='ocrx_word' id='word_1_966' title='bbox 2434 2446 2696 2499; x_wconf 65' lang='lat' dir='ltr'><strong>I&#39;Icclesias.</strong></span> 
     </span>
    </p>
   </div>
   <div class='ocr_carea' id='block_1_110' title="bbox 2284 2512 3740 2582">
    <p class='ocr_par' dir='ltr' id='par_1_110' title="bbox 2284 2512 3740 2582">
     <span class='ocr_line' id='line_1_110' title="bbox 2284 2512 3740 2582; baseline 0.003 -18"><span class='ocrx_word' id='word_1_967' title='bbox 2284 2512 2351 2564; x_wconf 82' lang='lat' dir='ltr'><strong>Et</strong></span> <span class='ocrx_word' id='word_1_968' title='bbox 2379 2522 2577 2581; x_wconf 81' lang='lat' dir='ltr'><strong>protege</strong></span> <span class='ocrx_word' id='word_1_969' title='bbox 2604 2532 2699 2568; x_wconf 86' lang='lat' dir='ltr'><strong>me.</strong></span> <span class='ocrx_word' id='word_1_970' title='bbox 2728 2517 2779 2569; x_wconf 88' lang='lat' dir='ltr'><strong>Id</strong></span> <span class='ocrx_word' id='word_1_971' title='bbox 2810 2527 2907 2579; x_wconf 76' lang='grc' dir='ltr'>εει,</span> <span class='ocrx_word' id='word_1_972' title='bbox 2934 2533 3098 2581; x_wconf 89' lang='lat' dir='ltr'><strong>meos,</strong></span> <span class='ocrx_word' id='word_1_973' title='bbox 3122 2518 3210 2569; x_wconf 85' lang='lat' dir='ltr'><strong>sub</strong></span> <span class='ocrx_word' id='word_1_974' title='bbox 3234 2520 3432 2582; x_wconf 81' lang='lat' dir='ltr'><strong>umbra,</strong></span> <span class='ocrx_word' id='word_1_975' title='bbox 3459 2518 3509 2569; x_wconf 90' lang='lat' dir='ltr'><strong>id</strong></span> <span class='ocrx_word' id='word_1_976' title='bbox 3537 2530 3634 2579; x_wconf 82' lang='lat' dir='ltr'><strong>est,</strong></span> <span class='ocrx_word' id='word_1_977' title='bbox 3656 2523 3740 2571; x_wconf 76' lang='lat' dir='ltr'><strong>sub</strong></span> 
     </span>
    </p>
   </div>
   <div class='ocr_carea' id='block_1_111' title="bbox 2214 2584 3735 2651">
    <p class='ocr_par' dir='ltr' id='par_1_111' title="bbox 2214 2584 3735 2651">
     <span class='ocr_line' id='line_1_111' title="bbox 2214 2584 3735 2651; baseline 0.005 -21"><span class='ocrx_word' id='word_1_978' title='bbox 2214 2584 2535 2645; x_wconf 83' lang='lat' dir='ltr'><strong>protectione</strong></span> <span class='ocrx_word' id='word_1_979' title='bbox 2563 2587 2759 2637; x_wconf 87' lang='lat' dir='ltr'><strong>alarum</strong></span> <span class='ocrx_word' id='word_1_980' title='bbox 2789 2598 2986 2638; x_wconf 87' lang='lat' dir='ltr'><strong>tuarum</strong></span> <span class='ocrx_word' id='word_1_981' title='bbox 3010 2628 3024 2651; x_wconf 87' lang='lat'><strong>,</strong></span> <span class='ocrx_word' id='word_1_982' title='bbox 3072 2589 3117 2639; x_wconf 90' lang='lat' dir='ltr'><strong>id</strong></span> <span class='ocrx_word' id='word_1_983' title='bbox 3150 2598 3225 2638; x_wconf 90' lang='lat' dir='ltr'><strong>est</strong></span> <span class='ocrx_word' id='word_1_984' title='bbox 3253 2586 3382 2639; x_wconf 88' lang='lat' dir='ltr'><strong>char</strong></span> <span class='ocrx_word' id='word_1_985' title='bbox 3406 2590 3529 2638; x_wconf 84' lang='lat' dir='ltr'><strong>tatis</strong></span> <span class='ocrx_word' id='word_1_986' title='bbox 3566 2600 3617 2639; x_wconf 89' lang='lat' dir='ltr'><strong>et</strong></span> <span class='ocrx_word' id='word_1_987' title='bbox 3657 2593 3735 2639; x_wconf 82' lang='lat' dir='ltr'><strong>nn-</strong></span> 
     </span>
    </p>
   </div>
   <div class='ocr_carea' id='block_1_112' title="bbox 2211 2651 3736 2723">
    <p class='ocr_par' dir='ltr' id='par_1_112' title="bbox 2211 2651 3736 2723">
     <span class='ocr_line' id='line_1_112' title="bbox 2211 2651 3736 2723; baseline 0.005 -23"><span class='ocrx_word' id='word_1_988' title='bbox 2211 2651 2549 2723; x_wconf 62' lang='lat' dir='ltr'><strong>sericordiae,</strong></span> <span class='ocrx_word' id='word_1_989' title='bbox 2593 2656 2779 2723; x_wconf 85' lang='lat' dir='ltr'><strong>quibus</strong></span> <span class='ocrx_word' id='word_1_990' title='bbox 2811 2672 2903 2708; x_wconf 90' lang='lat' dir='ltr'><strong>nos</strong></span> <span class='ocrx_word' id='word_1_991' title='bbox 2936 2670 3175 2723; x_wconf 87' lang='lat' dir='ltr'><strong>tanquam</strong></span> <span class='ocrx_word' id='word_1_992' title='bbox 3206 2656 3302 2707; x_wconf 87' lang='lat' dir='ltr'><strong>alis</strong></span> <span class='ocrx_word' id='word_1_993' title='bbox 3346 2657 3665 2708; x_wconf 84' lang='lat' dir='ltr'><strong>obumbras:</strong></span> <span class='ocrx_word' id='word_1_994' title='bbox 3694 2671 3736 2707; x_wconf 78' lang='lat' dir='ltr'><strong>et</strong></span> 
     </span>
    </p>
   </div>
   <div class='ocr_carea' id='block_1_113' title="bbox 2210 2720 3735 2790">
    <p class='ocr_par' dir='ltr' id='par_1_113' title="bbox 2210 2720 3735 2790">
     <span class='ocr_line' id='line_1_113' title="bbox 2210 2720 3735 2790; baseline 0.004 -20"><span class='ocrx_word' id='word_1_995' title='bbox 2210 2720 2462 2783; x_wconf 86' lang='lat' dir='ltr'><strong>accipitur</strong></span> <span class='ocrx_word' id='word_1_996' title='bbox 2487 2720 2569 2772; x_wconf 85' lang='lat' dir='ltr'><strong>liic</strong></span> <span class='ocrx_word' id='word_1_997' title='bbox 2592 2722 2819 2775; x_wconf 88' lang='lat' dir='ltr'><strong>cbaritas</strong></span> <span class='ocrx_word' id='word_1_998' title='bbox 2844 2740 2941 2789; x_wconf 90' lang='lat' dir='ltr'><strong>qua</strong></span> <span class='ocrx_word' id='word_1_999' title='bbox 2968 2720 3077 2790; x_wconf 58' lang='lat' dir='ltr'><strong>ipse</strong></span> <span class='ocrx_word' id='word_1_1000' title='bbox 3102 2726 3257 2789; x_wconf 82' lang='lat' dir='ltr'><strong>prior,</strong></span> <span class='ocrx_word' id='word_1_1001' title='bbox 3278 2726 3325 2777; x_wconf 86' lang='lat' dir='ltr'><strong>id</strong></span> <span class='ocrx_word' id='word_1_1002' title='bbox 3351 2735 3428 2777; x_wconf 85' lang='lat' dir='ltr'><strong>est</strong></span> <span class='ocrx_word' id='word_1_1003' title='bbox 3453 2735 3575 2777; x_wconf 87' lang='lat' dir='ltr'><strong>ante</strong></span> <span class='ocrx_word' id='word_1_1004' title='bbox 3594 2728 3735 2777; x_wconf 80' lang='lat' dir='ltr'><strong>etiam</strong></span> 
     </span>
    </p>
   </div>
   <div class='ocr_carea' id='block_1_114' title="bbox 2210 2790 3728 2853">
    <p class='ocr_par' dir='ltr' id='par_1_114' title="bbox 2210 2790 3728 2853">
     <span class='ocr_line' id='line_1_114' title="bbox 2210 2790 3728 2853; baseline 0.007 -17"><span class='ocrx_word' id='word_1_1005' title='bbox 2210 2803 2361 2851; x_wconf 88' lang='lat' dir='ltr'><strong>quam</strong></span> <span class='ocrx_word' id='word_1_1006' title='bbox 2387 2801 2640 2853; x_wconf 87' lang='lat' dir='ltr'><strong>essemus,</strong></span> <span class='ocrx_word' id='word_1_1007' title='bbox 2664 2790 2844 2845; x_wconf 81' lang='lat' dir='ltr'><strong>dilexit</strong></span> <span class='ocrx_word' id='word_1_1008' title='bbox 2864 2809 2976 2846; x_wconf 73' lang='lat' dir='ltr'><strong>nos.</strong></span> <span class='ocrx_word' id='word_1_1009' title='bbox 2996 2794 3343 2846; x_wconf 56' lang='lat' dir='ltr'><strong>Misericordia</strong></span> <span class='ocrx_word' id='word_1_1010' title='bbox 3371 2807 3545 2845; x_wconf 88' lang='lat' dir='ltr'><strong>autem</strong></span> <span class='ocrx_word' id='word_1_1011' title='bbox 3570 2810 3728 2846; x_wconf 78' lang='lat' dir='ltr'><strong>susce-</strong></span> 
     </span>
    </p>
   </div>
   <div class='ocr_carea' id='block_1_115' title="bbox 2212 2854 3734 2929">
    <p class='ocr_par' dir='ltr' id='par_1_115' title="bbox 2212 2854 3734 2929">
     <span class='ocr_line' id='line_1_115' title="bbox 2212 2854 3734 2929; baseline 0.005 -25"><span class='ocrx_word' id='word_1_1012' title='bbox 2212 2866 2310 2929; x_wconf 79' lang='lat' dir='ltr'><strong>ptze</strong></span> <span class='ocrx_word' id='word_1_1013' title='bbox 2337 2854 2673 2912; x_wconf 84' lang='lat' dir='ltr'><strong>humanitatis</strong></span> <span class='ocrx_word' id='word_1_1014' title='bbox 2696 2876 2786 2923; x_wconf 88' lang='lat' dir='ltr'><strong>per</strong></span> <span class='ocrx_word' id='word_1_1015' title='bbox 2808 2861 3031 2914; x_wconf 73' lang='lat' dir='ltr'><strong>Verbum</strong></span> <span class='ocrx_word' id='word_1_1016' title='bbox 3058 2862 3262 2916; x_wconf 65' lang='lat' dir='ltr'><strong>affectio</strong></span> <span class='ocrx_word' id='word_1_1017' title='bbox 3282 2866 3513 2929; x_wconf 82' lang='lat' dir='ltr'><strong>propria.</strong></span> <span class='ocrx_word' id='word_1_1018' title='bbox 3550 2864 3633 2915; x_wconf 73' lang='grc' dir='ltr'>νει</span> <span class='ocrx_word' id='word_1_1019' title='bbox 3658 2880 3734 2927; x_wconf 83' lang='lat' dir='ltr'><strong>per</strong></span> 
     </span>
    </p>
   </div>
   <div class='ocr_carea' id='block_1_116' title="bbox 2208 2924 3729 2996">
    <p class='ocr_par' dir='ltr' id='par_1_116' title="bbox 2208 2924 3729 2996">
     <span class='ocr_line' id='line_1_116' title="bbox 2208 2924 3729 2996; baseline 0.003 -20"><span class='ocrx_word' id='word_1_1020' title='bbox 2208 2924 2617 2996; x_wconf 17' lang='lat' dir='ltr'><strong>alas‘possumus</strong></span> <span class='ocrx_word' id='word_1_1021' title='bbox 2645 2933 2881 2996; x_wconf 86' lang='lat' dir='ltr'><strong>accipere</strong></span> <span class='ocrx_word' id='word_1_1022' title='bbox 2908 2931 3239 2985; x_wconf 89' lang='lat' dir='ltr'><strong>dilectionem</strong></span> <span class='ocrx_word' id='word_1_1023' title='bbox 3276 2924 3462 2983; x_wconf 53' lang='lat' dir='ltr'><strong>Dei&#39;et</strong></span> <span class='ocrx_word' id='word_1_1024' title='bbox 3503 2924 3729 2996; x_wconf 77' lang='lat' dir='ltr'><strong>proximi.</strong></span> 
     </span>
    </p>
   </div>
   <div class='ocr_carea' id='block_1_117' title="bbox 2209 2994 3730 3070">
    <p class='ocr_par' dir='ltr' id='par_1_117' title="bbox 2209 2994 3730 3070">
     <span class='ocr_line' id='line_1_117' title="bbox 2209 2994 3730 3070; baseline 0.004 -25"><span class='ocrx_word' id='word_1_1025' title='bbox 2209 2994 2336 3070; x_wconf 65' lang='lat' dir='ltr'><strong>Quae</strong></span> <span class='ocrx_word' id='word_1_1026' title='bbox 2368 2994 2483 3070; x_wconf 84' lang='lat' dir='ltr'><strong>ideo</strong></span> <span class='ocrx_word' id='word_1_1027' title='bbox 2510 2994 2891 3070; x_wconf 21' lang='lat' dir='ltr'><strong>dicuntur‘alaz,</strong></span> <span class='ocrx_word' id='word_1_1028' title='bbox 2921 3002 3161 3070; x_wconf 84' lang='lat' dir='ltr'><strong>quoniam</strong></span> <span class='ocrx_word' id='word_1_1029' title='bbox 3209 3007 3346 3070; x_wconf 9' lang='lat' dir='ltr'><strong>tester</strong></span> <span class='ocrx_word' id='word_1_1030' title='bbox 3384 2994 3540 3051; x_wconf 72' lang='lat' dir='ltr'><strong>beato</strong></span> <span class='ocrx_word' id='word_1_1031' title='bbox 3569 3006 3730 3065; x_wconf 78' lang='lat' dir='ltr'><strong>Augu-</strong></span> 
     </span>
    </p>
   </div>
   <div class='ocr_carea' id='block_1_118' title="bbox 2210 3064 3734 3122">
    <p class='ocr_par' dir='ltr' id='par_1_118' title="bbox 2210 3064 3734 3122">
     <span class='ocr_line' id='line_1_118' title="bbox 2210 3064 3734 3122; baseline 0.005 -10"><span class='ocrx_word' id='word_1_1032' title='bbox 2210 3064 2345 3114; x_wconf 74' lang='lat' dir='ltr'><strong>stino</strong></span> <span class='ocrx_word' id='word_1_1033' title='bbox 2373 3064 2486 3116; x_wconf 85' lang='lat' dir='ltr'><strong>sine</strong></span> <span class='ocrx_word' id='word_1_1034' title='bbox 2510 3065 2589 3117; x_wconf 89' lang='lat' dir='ltr'><strong>bis</strong></span> <span class='ocrx_word' id='word_1_1035' title='bbox 2614 3066 2812 3119; x_wconf 89' lang='lat' dir='ltr'><strong>duabus</strong></span> <span class='ocrx_word' id='word_1_1036' title='bbox 2845 3068 3117 3119; x_wconf 89' lang='lat' dir='ltr'><strong>virtutibus</strong></span> <span class='ocrx_word' id='word_1_1037' title='bbox 3143 3081 3242 3119; x_wconf 88' lang='lat' dir='ltr'><strong>non</strong></span> <span class='ocrx_word' id='word_1_1038' title='bbox 3269 3068 3476 3119; x_wconf 88' lang='lat' dir='ltr'><strong>volatur</strong></span> <span class='ocrx_word' id='word_1_1039' title='bbox 3504 3073 3567 3120; x_wconf 87' lang='lat' dir='ltr'><strong>ad</strong></span> <span class='ocrx_word' id='word_1_1040' title='bbox 3591 3064 3734 3122; x_wconf 67' lang='lat' dir='ltr'><strong>coite-</strong></span> 
     </span>
    </p>
   </div>
   <div class='ocr_carea' id='block_1_119' title="bbox 2209 3134 3732 3203">
    <p class='ocr_par' dir='ltr' id='par_1_119' title="bbox 2209 3134 3732 3203">
     <span class='ocr_line' id='line_1_119' title="bbox 2209 3134 3732 3203; baseline 0.003 -20"><span class='ocrx_word' id='word_1_1041' title='bbox 2209 3140 2342 3184; x_wconf 88' lang='lat' dir='ltr'><strong>stem</strong></span> <span class='ocrx_word' id='word_1_1042' title='bbox 2373 3134 2609 3198; x_wconf 91' lang='lat' dir='ltr'><strong>gloriam.</strong></span> <span class='ocrx_word' id='word_1_1043' title='bbox 2644 3136 2848 3203; x_wconf 81' lang='lat' dir='ltr'><strong>Protege</strong></span> <span class='ocrx_word' id='word_1_1044' title='bbox 2875 3151 3009 3188; x_wconf 81' lang='lat' dir='ltr'><strong>meos</strong></span> <span class='ocrx_word' id='word_1_1045' title='bbox 3033 3176 3047 3197; x_wconf 92' lang='lat'><strong>,</strong></span> <span class='ocrx_word' id='word_1_1046' title='bbox 3078 3138 3319 3200; x_wconf 88' lang='lat' dir='ltr'><strong>inquam,</strong></span> <span class='ocrx_word' id='word_1_1047' title='bbox 3350 3153 3381 3186; x_wconf 89' lang='lat' dir='ltr'><strong>a</strong></span> <span class='ocrx_word' id='word_1_1048' title='bbox 3410 3138 3542 3201; x_wconf 81' lang='lat' dir='ltr'><strong>faeie</strong></span> <span class='ocrx_word' id='word_1_1049' title='bbox 3569 3141 3732 3203; x_wconf 50' lang='lat' dir='ltr'><strong>impio.</strong></span> 
     </span>
    </p>
   </div>
   <div class='ocr_carea' id='block_1_120' title="bbox 2207 3204 3725 3275">
    <p class='ocr_par' dir='ltr' id='par_1_120' title="bbox 2207 3204 3725 3275">
     <span class='ocr_line' id='line_1_120' title="bbox 2207 3204 3725 3275; baseline 0.004 -26"><span class='ocrx_word' id='word_1_1050' title='bbox 2207 3216 2340 3275; x_wconf 63' lang='lat' dir='ltr'><strong>rum,</strong></span> <span class='ocrx_word' id='word_1_1051' title='bbox 2374 3204 2423 3275; x_wconf 76' lang='lat' dir='ltr'><strong>id</strong></span> <span class='ocrx_word' id='word_1_1052' title='bbox 2449 3214 2529 3253; x_wconf 88' lang='lat' dir='ltr'><strong>est</strong></span> <span class='ocrx_word' id='word_1_1053' title='bbox 2555 3218 2619 3256; x_wconf 89' lang='lat' dir='ltr'><strong>ne</strong></span> <span class='ocrx_word' id='word_1_1054' title='bbox 2642 3204 2781 3271; x_wconf 86' lang='lat' dir='ltr'><strong>impii</strong></span> <span class='ocrx_word' id='word_1_1055' title='bbox 2805 3205 3303 3275; x_wconf 76' lang='lat' dir='ltr'><strong>contormandoeos</strong></span> <span class='ocrx_word' id='word_1_1056' title='bbox 3330 3206 3432 3258; x_wconf 86' lang='lat' dir='ltr'><strong>sibi</strong></span> <span class='ocrx_word' id='word_1_1057' title='bbox 3465 3210 3655 3275; x_wconf 72' lang='lat' dir='ltr'><strong>pOllaiti</strong></span> <span class='ocrx_word' id='word_1_1058' title='bbox 3681 3210 3725 3258; x_wconf 92' lang='lat' dir='ltr'><strong>in</strong></span> 
     </span>
    </p>
   </div>
   <div class='ocr_carea' id='block_1_121' title="bbox 2201 3269 3727 3342">
    <p class='ocr_par' dir='ltr' id='par_1_121' title="bbox 2201 3269 3727 3342">
     <span class='ocr_line' id='line_1_121' title="bbox 2201 3269 3727 3342; baseline 0.003 -22"><span class='ocrx_word' id='word_1_1059' title='bbox 2201 3269 2278 3342; x_wconf 71' lang='lat' dir='ltr'><strong>eis</strong></span> <span class='ocrx_word' id='word_1_1060' title='bbox 2308 3270 2491 3323; x_wconf 77' lang='lat' dir='ltr'><strong>faciem</strong></span> <span class='ocrx_word' id='word_1_1061' title='bbox 2525 3286 2672 3342; x_wconf 77' lang='lat' dir='ltr'><strong>suam</strong></span> <span class='ocrx_word' id='word_1_1062' title='bbox 2702 3269 2726 3335; x_wconf 62' lang='grc'>,⁷</span> <span class='ocrx_word' id='word_1_1063' title='bbox 2766 3277 2847 3339; x_wconf 85' lang='lat' dir='ltr'><strong>qui</strong></span> <span class='ocrx_word' id='word_1_1064' title='bbox 2893 3288 3014 3326; x_wconf 78' lang='lat' dir='ltr'><strong>vere</strong></span> <span class='ocrx_word' id='word_1_1065' title='bbox 3044 3289 3131 3324; x_wconf 81' lang='lat' dir='ltr'><strong>eos</strong></span> <span class='ocrx_word' id='word_1_1066' title='bbox 3159 3272 3398 3340; x_wconf 67' lang='lat' dir='ltr'><strong>afﬂigunt</strong></span> <span class='ocrx_word' id='word_1_1067' title='bbox 3426 3293 3438 3328; x_wconf 92' lang='lat'><strong>:</strong></span> <span class='ocrx_word' id='word_1_1068' title='bbox 3466 3269 3611 3339; x_wconf 51' lang='lat' dir='ltr'><strong>&#39;quia</strong></span> <span class='ocrx_word' id='word_1_1069' title='bbox 3633 3277 3727 3342; x_wconf 82' lang='lat' dir='ltr'><strong>jam</strong></span> 
     </span>
    </p>
   </div>
   <div class='ocr_carea' id='block_1_122' title="bbox 2204 3338 3728 3405">
    <p class='ocr_par' dir='ltr' id='par_1_122' title="bbox 2204 3338 3728 3405">
     <span class='ocr_line' id='line_1_122' title="bbox 2204 3338 3728 3405; baseline 0.002 -17"><span class='ocrx_word' id='word_1_1070' title='bbox 2204 3338 2343 3403; x_wconf 89' lang='lat' dir='ltr'><strong>prius</strong></span> <span class='ocrx_word' id='word_1_1071' title='bbox 2376 3354 2457 3391; x_wconf 87' lang='lat' dir='ltr'><strong>me</strong></span> <span class='ocrx_word' id='word_1_1072' title='bbox 2484 3338 2804 3391; x_wconf 78' lang='lat' dir='ltr'><strong>afﬂixerunt.</strong></span> <span class='ocrx_word' id='word_1_1073' title='bbox 2839 3343 2997 3405; x_wconf 80' lang='lat' dir='ltr'><strong>Quasi</strong></span> <span class='ocrx_word' id='word_1_1074' title='bbox 3030 3342 3204 3394; x_wconf 87' lang='lat' dir='ltr'><strong>dicat:</strong></span> <span class='ocrx_word' id='word_1_1075' title='bbox 3257 3338 3309 3395; x_wconf 77' lang='lat' dir='ltr'><strong>Si</strong></span> <span class='ocrx_word' id='word_1_1076' title='bbox 3345 3344 3469 3394; x_wconf 87' lang='lat' dir='ltr'><strong>mihi</strong></span> <span class='ocrx_word' id='word_1_1077' title='bbox 3504 3338 3648 3396; x_wconf 75' lang='lat' dir='ltr'><strong>viridi</strong></span> <span class='ocrx_word' id='word_1_1078' title='bbox 3676 3348 3728 3395; x_wconf 80' lang='grc' dir='ltr'><strong>Ιι-</strong></span> 
     </span>
    </p>
   </div>
   <div class='ocr_carea' id='block_1_123' title="bbox 2203 3411 3724 3475">
    <p class='ocr_par' dir='ltr' id='par_1_123' title="bbox 2203 3411 3724 3475">
     <span class='ocr_line' id='line_1_123' title="bbox 2203 3411 3724 3475; baseline 0.005 -20"><span class='ocrx_word' id='word_1_1079' title='bbox 2203 3420 2303 3472; x_wconf 85' lang='lat' dir='ltr'><strong>gno</strong></span> <span class='ocrx_word' id='word_1_1080' title='bbox 2353 3423 2453 3459; x_wconf 90' lang='lat' dir='ltr'><strong>non</strong></span> <span class='ocrx_word' id='word_1_1081' title='bbox 2502 3420 2885 3473; x_wconf 85' lang='lat' dir='ltr'><strong>pepercerunt,</strong></span> <span class='ocrx_word' id='word_1_1082' title='bbox 2934 3424 3029 3463; x_wconf 88' lang='lat' dir='ltr'><strong>nec</strong></span> <span class='ocrx_word' id='word_1_1083' title='bbox 3078 3411 3154 3462; x_wconf 76' lang='lat' dir='ltr'><strong>eis</strong></span> <span class='ocrx_word' id='word_1_1084' title='bbox 3190 3411 3281 3475; x_wconf 76' lang='lat' dir='ltr'><strong>qui</strong></span> <span class='ocrx_word' id='word_1_1085' title='bbox 3313 3413 3516 3463; x_wconf 87' lang='lat' dir='ltr'><strong>aridum</strong></span> <span class='ocrx_word' id='word_1_1086' title='bbox 3548 3413 3724 3475; x_wconf 83' lang='lat' dir='ltr'><strong>lignum</strong></span> 
     </span>
    </p>
   </div>
   <div class='ocr_carea' id='block_1_124' title="bbox 2202 3478 3724 3544">
    <p class='ocr_par' dir='ltr' id='par_1_124' title="bbox 2202 3478 3724 3544">
     <span class='ocr_line' id='line_1_124' title="bbox 2202 3478 3724 3544; baseline 0.001 -17"><span class='ocrx_word' id='word_1_1087' title='bbox 2202 3488 2341 3544; x_wconf 86' lang='lat' dir='ltr'><strong>sunt,</strong></span> <span class='ocrx_word' id='word_1_1088' title='bbox 2373 3490 2601 3539; x_wconf 76' lang='lat' dir='ltr'><strong>parcent.</strong></span> <span class='ocrx_word' id='word_1_1089' title='bbox 2638 3478 2701 3529; x_wconf 85' lang='lat' dir='ltr'><strong>Et</strong></span> <span class='ocrx_word' id='word_1_1090' title='bbox 2731 3478 2827 3531; x_wconf 88' lang='lat' dir='ltr'><strong>hoc</strong></span> <span class='ocrx_word' id='word_1_1091' title='bbox 2855 3482 3012 3532; x_wconf 91' lang='lat' dir='ltr'><strong>modo</strong></span> <span class='ocrx_word' id='word_1_1092' title='bbox 3040 3478 3359 3541; x_wconf 79' lang='lat' dir='ltr'><strong>afﬂixerunt,</strong></span> <span class='ocrx_word' id='word_1_1093' title='bbox 3392 3483 3511 3544; x_wconf 76' lang='lat' dir='ltr'><strong>quia</strong></span> <span class='ocrx_word' id='word_1_1094' title='bbox 3553 3482 3724 3531; x_wconf 66' lang='lat' dir='ltr'><strong>inimici</strong></span> 
     </span>
    </p>
   </div>
   <div class='ocr_carea' id='block_1_125' title="bbox 2201 3546 3721 3613">
    <p class='ocr_par' dir='ltr' id='par_1_125' title="bbox 2201 3546 3721 3613">
     <span class='ocr_line' id='line_1_125' title="bbox 2201 3546 3721 3613; baseline 0.003 -19"><span class='ocrx_word' id='word_1_1095' title='bbox 2201 3546 2315 3608; x_wconf 84' lang='lat' dir='ltr'><strong>mei,</strong></span> <span class='ocrx_word' id='word_1_1096' title='bbox 2351 3546 2399 3597; x_wconf 90' lang='lat' dir='ltr'><strong>id</strong></span> <span class='ocrx_word' id='word_1_1097' title='bbox 2431 3558 2508 3599; x_wconf 64' lang='lat' dir='ltr'><strong>est</strong></span> <span class='ocrx_word' id='word_1_1098' title='bbox 2560 3557 2920 3613; x_wconf 87' lang='lat' dir='ltr'><strong>persecutores</strong></span> <span class='ocrx_word' id='word_1_1099' title='bbox 2967 3551 3067 3601; x_wconf 91' lang='lat' dir='ltr'><strong>mei</strong></span> <span class='ocrx_word' id='word_1_1100' title='bbox 3113 3549 3273 3601; x_wconf 67' lang='lat' dir='ltr'><strong>Judaei</strong></span> <span class='ocrx_word' id='word_1_1101' title='bbox 3306 3550 3721 3601; x_wconf 63' lang='lat' dir='ltr'><strong>circumdederunt</strong></span> 
     </span>
    </p>
   </div>
   <div class='ocr_carea' id='block_1_126' title="bbox 2201 3616 3721 3679">
    <p class='ocr_par' dir='ltr' id='par_1_126' title="bbox 2201 3616 3721 3679">
     <span class='ocr_line' id='line_1_126' title="bbox 2201 3616 3721 3679; baseline 0.003 -15"><span class='ocrx_word' id='word_1_1102' title='bbox 2201 3616 2415 3665; x_wconf 84' lang='lat' dir='ltr'><strong>animum</strong></span> <span class='ocrx_word' id='word_1_1103' title='bbox 2444 3630 2640 3678; x_wconf 88' lang='lat' dir='ltr'><strong>meam,</strong></span> <span class='ocrx_word' id='word_1_1104' title='bbox 2673 3633 2773 3668; x_wconf 91' lang='lat' dir='ltr'><strong>non</strong></span> <span class='ocrx_word' id='word_1_1105' title='bbox 2804 3618 2865 3669; x_wconf 84' lang='lat' dir='ltr'><strong>ad</strong></span> <span class='ocrx_word' id='word_1_1106' title='bbox 2900 3618 3279 3679; x_wconf 83' lang='lat' dir='ltr'><strong>imitationem,</strong></span> <span class='ocrx_word' id='word_1_1107' title='bbox 3312 3620 3403 3670; x_wconf 92' lang='lat' dir='ltr'><strong>sed</strong></span> <span class='ocrx_word' id='word_1_1108' title='bbox 3436 3618 3497 3670; x_wconf 90' lang='lat' dir='ltr'><strong>ad</strong></span> <span class='ocrx_word' id='word_1_1109' title='bbox 3527 3619 3721 3669; x_wconf 85' lang='lat' dir='ltr'><strong>damus-</strong></span> 
     </span>
    </p>
   </div>
   <div class='ocr_carea' id='block_1_127' title="bbox 2200 3683 3718 3751">
    <p class='ocr_par' dir='ltr' id='par_1_127' title="bbox 2200 3683 3718 3751">
     <span class='ocr_line' id='line_1_127' title="bbox 2200 3683 3718 3751; baseline 0.001 -15"><span class='ocrx_word' id='word_1_1110' title='bbox 2200 3683 2415 3739; x_wconf 82' lang='lat' dir='ltr'><strong>tionem.</strong></span> <span class='ocrx_word' id='word_1_1111' title='bbox 2449 3686 2510 3736; x_wconf 82' lang='lat' dir='ltr'><strong>Et</strong></span> <span class='ocrx_word' id='word_1_1112' title='bbox 2538 3687 2882 3739; x_wconf 77' lang='lat' dir='ltr'><strong>concluserunt</strong></span> <span class='ocrx_word' id='word_1_1113' title='bbox 2908 3701 2965 3739; x_wconf 89' lang='lat' dir='ltr'><strong>se</strong></span> <span class='ocrx_word' id='word_1_1114' title='bbox 2999 3702 3086 3749; x_wconf 86' lang='lat' dir='ltr'><strong>per</strong></span> <span class='ocrx_word' id='word_1_1115' title='bbox 3116 3688 3312 3751; x_wconf 79' lang='lat' dir='ltr'><strong>adipem</strong></span> <span class='ocrx_word' id='word_1_1116' title='bbox 3349 3702 3520 3745; x_wconf 73' lang='lat' dir='ltr'><strong>suam,</strong></span> <span class='ocrx_word' id='word_1_1117' title='bbox 3551 3688 3596 3737; x_wconf 88' lang='lat' dir='ltr'><strong>id</strong></span> <span class='ocrx_word' id='word_1_1118' title='bbox 3626 3700 3718 3747; x_wconf 66' lang='lat' dir='ltr'><strong>est,</strong></span> 
     </span>
    </p>
   </div>
   <div class='ocr_carea' id='block_1_128' title="bbox 2201 3753 3719 3825">
    <p class='ocr_par' dir='ltr' id='par_1_128' title="bbox 2201 3753 3719 3825">
     <span class='ocr_line' id='line_1_128' title="bbox 2201 3753 3719 3825; baseline -0.001 -18"><span class='ocrx_word' id='word_1_1119' title='bbox 2201 3755 2251 3807; x_wconf 87' lang='lat' dir='ltr'><strong>in</strong></span> <span class='ocrx_word' id='word_1_1120' title='bbox 2286 3755 2457 3825; x_wconf 80' lang='lat' dir='ltr'><strong>pingui</strong></span> <span class='ocrx_word' id='word_1_1121' title='bbox 2488 3753 2661 3822; x_wconf 82' lang='lat' dir='ltr'><strong>lingua</strong></span> <span class='ocrx_word' id='word_1_1122' title='bbox 2692 3773 2781 3809; x_wconf 85' lang='lat' dir='ltr'><strong>sua</strong></span> <span class='ocrx_word' id='word_1_1123' title='bbox 2809 3757 3223 3809; x_wconf 84' lang='lat' dir='ltr'><strong>oblirmavernut</strong></span> <span class='ocrx_word' id='word_1_1124' title='bbox 3244 3756 3541 3825; x_wconf 74' lang='lat' dir='ltr'><strong>superbiam</strong></span> <span class='ocrx_word' id='word_1_1125' title='bbox 3565 3772 3719 3808; x_wconf 87' lang='lat' dir='ltr'><strong>suam.</strong></span> 
     </span>
    </p>
   </div>
   <div class='ocr_carea' id='block_1_129' title="bbox 2203 3824 3718 3889">
    <p class='ocr_par' dir='ltr' id='par_1_129' title="bbox 2203 3824 3718 3889">
     <span class='ocr_line' id='line_1_129' title="bbox 2203 3824 3718 3889; baseline 0 -12"><span class='ocrx_word' id='word_1_1126' title='bbox 2203 3824 2537 3878; x_wconf 85' lang='lat' dir='ltr'><strong>Suleutenim</strong></span> <span class='ocrx_word' id='word_1_1127' title='bbox 2560 3826 2763 3889; x_wconf 89' lang='lat' dir='ltr'><strong>adipata</strong></span> <span class='ocrx_word' id='word_1_1128' title='bbox 2787 3824 3049 3885; x_wconf 85' lang='lat' dir='ltr'><strong>animalia,</strong></span> <span class='ocrx_word' id='word_1_1129' title='bbox 3069 3834 3125 3876; x_wconf 88' lang='lat' dir='ltr'><strong>ut</strong></span> <span class='ocrx_word' id='word_1_1130' title='bbox 3146 3824 3295 3889; x_wconf 86' lang='lat' dir='ltr'><strong>tauri,</strong></span> <span class='ocrx_word' id='word_1_1131' title='bbox 3316 3828 3577 3877; x_wconf 70' lang='lat' dir='ltr'><strong>cervicos:</strong></span> <span class='ocrx_word' id='word_1_1132' title='bbox 3595 3841 3718 3877; x_wconf 70' lang='lat' dir='ltr'><strong>esse.</strong></span> 
     </span>
    </p>
   </div>
   <div class='ocr_carea' id='block_1_130' title="bbox 2202 3893 3717 3962">
    <p class='ocr_par' dir='ltr' id='par_1_130' title="bbox 2202 3893 3717 3962">
     <span class='ocr_line' id='line_1_130' title="bbox 2202 3893 3717 3962; baseline -0.004 -16"><span class='ocrx_word' id='word_1_1133' title='bbox 2202 3902 2254 3946; x_wconf 89' lang='lat' dir='ltr'><strong>et</strong></span> <span class='ocrx_word' id='word_1_1134' title='bbox 2279 3896 2577 3962; x_wconf 88' lang='lat' dir='ltr'><strong>superbire:</strong></span> <span class='ocrx_word' id='word_1_1135' title='bbox 2611 3896 2677 3946; x_wconf 87' lang='lat' dir='ltr'><strong>ita</strong></span> <span class='ocrx_word' id='word_1_1136' title='bbox 2704 3893 2867 3946; x_wconf 72' lang='lat' dir='ltr'><strong>Judaei</strong></span> <span class='ocrx_word' id='word_1_1137' title='bbox 2912 3903 3124 3961; x_wconf 90' lang='lat' dir='ltr'><strong>pr0pter</strong></span> <span class='ocrx_word' id='word_1_1138' title='bbox 3164 3894 3529 3959; x_wconf 83' lang='lat' dir='ltr'><strong>temporalium</strong></span> <span class='ocrx_word' id='word_1_1139' title='bbox 3561 3909 3717 3945; x_wconf 85' lang='lat' dir='ltr'><strong>rerum</strong></span> 
     </span>
    </p>
   </div>
   <div class='ocr_carea' id='block_1_131' title="bbox 2203 3963 3719 4031">
    <p class='ocr_par' dir='ltr' id='par_1_131' title="bbox 2203 3963 3719 4031">
     <span class='ocr_line' id='line_1_131' title="bbox 2203 3963 3719 4031; baseline -0.001 -18"><span class='ocrx_word' id='word_1_1140' title='bbox 2203 3966 2594 4031; x_wconf 88' lang='lat' dir='ltr'><strong>prosperitatem</strong></span> <span class='ocrx_word' id='word_1_1141' title='bbox 2619 3963 2980 4030; x_wconf 87' lang='lat' dir='ltr'><strong>superbiernnt</strong></span> <span class='ocrx_word' id='word_1_1142' title='bbox 3006 3975 3182 4016; x_wconf 86' lang='lat' dir='ltr'><strong>contra</strong></span> <span class='ocrx_word' id='word_1_1143' title='bbox 3206 3966 3500 4016; x_wconf 82' lang='lat' dir='ltr'><strong>hominum.</strong></span> <span class='ocrx_word' id='word_1_1144' title='bbox 3528 3964 3644 4014; x_wconf 72' lang='lat' dir='ltr'><strong>Nam</strong></span> <span class='ocrx_word' id='word_1_1145' title='bbox 3666 3977 3719 4013; x_wconf 78' lang='lat' dir='ltr'><strong>os</strong></span> 
     </span>
    </p>
   </div>
   <div class='ocr_carea' id='block_1_132' title="bbox 2201 4033 3717 4097">
    <p class='ocr_par' dir='ltr' id='par_1_132' title="bbox 2201 4033 3717 4097">
     <span class='ocr_line' id='line_1_132' title="bbox 2201 4033 3717 4097; baseline -0.001 -14"><span class='ocrx_word' id='word_1_1146' title='bbox 2201 4048 2371 4085; x_wconf 88' lang='lat' dir='ltr'><strong>eorum</strong></span> <span class='ocrx_word' id='word_1_1147' title='bbox 2399 4036 2615 4085; x_wconf 83' lang='lat' dir='ltr'><strong>locutum</strong></span> <span class='ocrx_word' id='word_1_1148' title='bbox 2642 4044 2711 4085; x_wconf 85' lang='lat' dir='ltr'><strong>est</strong></span> <span class='ocrx_word' id='word_1_1149' title='bbox 2731 4044 2909 4086; x_wconf 83' lang='lat' dir='ltr'><strong>contra</strong></span> <span class='ocrx_word' id='word_1_1150' title='bbox 2938 4049 3056 4086; x_wconf 89' lang='lat' dir='ltr'><strong>eum</strong></span> <span class='ocrx_word' id='word_1_1151' title='bbox 3079 4037 3379 4097; x_wconf 69' lang='lat' dir='ltr'><strong>superbiant,</strong></span> <span class='ocrx_word' id='word_1_1152' title='bbox 3413 4033 3461 4083; x_wconf 86' lang='lat' dir='ltr'><strong>id</strong></span> <span class='ocrx_word' id='word_1_1153' title='bbox 3488 4043 3565 4085; x_wconf 73' lang='lat' dir='ltr'><strong>est</strong></span> <span class='ocrx_word' id='word_1_1154' title='bbox 3590 4040 3717 4095; x_wconf 75' lang='lat' dir='ltr'><strong>plura</strong></span> 
     </span>
    </p>
   </div>
   <div class='ocr_carea' id='block_1_133' title="bbox 2201 4100 3715 4168">
    <p class='ocr_par' dir='ltr' id='par_1_133' title="bbox 2201 4100 3715 4168">
     <span class='ocr_line' id='line_1_133' title="bbox 2201 4100 3715 4168; baseline -0.005 -13"><span class='ocrx_word' id='word_1_1155' title='bbox 2201 4107 2424 4167; x_wconf 83' lang='lat' dir='ltr'><strong>superba</strong></span> <span class='ocrx_word' id='word_1_1156' title='bbox 2452 4105 2584 4155; x_wconf 86' lang='lat' dir='ltr'><strong>dicta</strong></span> <span class='ocrx_word' id='word_1_1157' title='bbox 2616 4113 2670 4153; x_wconf 90' lang='lat' dir='ltr'><strong>ut</strong></span> <span class='ocrx_word' id='word_1_1158' title='bbox 2699 4102 2845 4166; x_wconf 88' lang='lat' dir='ltr'><strong>illud,</strong></span> <span class='ocrx_word' id='word_1_1159' title='bbox 2876 4100 2987 4154; x_wconf 83' lang='lat' dir='ltr'><strong>Nos</strong></span> <span class='ocrx_word' id='word_1_1160' title='bbox 3031 4118 3127 4155; x_wconf 84' lang='lat' dir='ltr'><strong>non</strong></span> <span class='ocrx_word' id='word_1_1161' title='bbox 3158 4101 3393 4153; x_wconf 79' lang='lat' dir='ltr'><strong>habemus</strong></span> <span class='ocrx_word' id='word_1_1162' title='bbox 3422 4117 3601 4168; x_wconf 71' lang='lat' dir='ltr'><strong>regem,</strong></span> <span class='ocrx_word' id='word_1_1163' title='bbox 3631 4104 3715 4151; x_wconf 70' lang='lat' dir='ltr'><strong>nisi</strong></span> 
     </span>
    </p>
   </div>
   <div class='ocr_carea' id='block_1_134' title="bbox 2202 4171 2775 4231">
    <p class='ocr_par' dir='ltr' id='par_1_134' title="bbox 2202 4171 2775 4231">
     <span class='ocr_line' id='line_1_134' title="bbox 2202 4171 2775 4231; baseline 0.002 -9"><span class='ocrx_word' id='word_1_1164' title='bbox 2202 4171 2465 4231; x_wconf 64' lang='lat' dir='ltr'><strong>Ca’sarem,</strong></span> <span class='ocrx_word' id='word_1_1165' title='bbox 2495 4182 2548 4223; x_wconf 88' lang='lat' dir='ltr'><strong>et</strong></span> <span class='ocrx_word' id='word_1_1166' title='bbox 2570 4172 2775 4223; x_wconf 88' lang='lat' dir='ltr'><strong>similia.</strong></span> 
     </span>
    </p>
   </div>
   <div class='ocr_carea' id='block_1_135' title="bbox 2271 4238 3713 4307">
    <p class='ocr_par' dir='ltr' id='par_1_135' title="bbox 2271 4238 3713 4307">
     <span class='ocr_line' id='line_1_135' title="bbox 2271 4238 3713 4307; baseline 0.001 -17"><span class='ocrx_word' id='word_1_1167' title='bbox 2271 4239 2592 4305; x_wconf 79' lang='lat' dir='ltr'><strong>Projicientes</strong></span> <span class='ocrx_word' id='word_1_1168' title='bbox 2615 4255 2689 4291; x_wconf 85' lang='lat' dir='ltr'><strong>me</strong></span> <span class='ocrx_word' id='word_1_1169' title='bbox 2712 4256 2858 4291; x_wconf 84' lang='lat' dir='ltr'><strong>nunc.</strong></span> <span class='ocrx_word' id='word_1_1170' title='bbox 2882 4239 3012 4293; x_wconf 86' lang='lat' dir='ltr'><strong>Vere</strong></span> <span class='ocrx_word' id='word_1_1171' title='bbox 3034 4238 3400 4307; x_wconf 86' lang='lat' dir='ltr'><strong>superbierunt</strong></span> <span class='ocrx_word' id='word_1_1172' title='bbox 3422 4252 3595 4290; x_wconf 80' lang='lat' dir='ltr'><strong>contra</strong></span> <span class='ocrx_word' id='word_1_1173' title='bbox 3621 4254 3713 4295; x_wconf 87' lang='lat' dir='ltr'><strong>me.</strong></span> 
     </span>
    </p>
   </div>
   <div class='ocr_carea' id='block_1_136' title="bbox 2202 4308 3711 4377">
    <p class='ocr_par' dir='ltr' id='par_1_136' title="bbox 2202 4308 3711 4377">
     <span class='ocr_line' id='line_1_136' title="bbox 2202 4308 3711 4377; baseline 0.003 -19"><span class='ocrx_word' id='word_1_1174' title='bbox 2202 4308 2319 4373; x_wconf 87' lang='lat' dir='ltr'><strong>quia</strong></span> <span class='ocrx_word' id='word_1_1175' title='bbox 2350 4310 2599 4377; x_wconf 82' lang='lat' dir='ltr'><strong>meprius</strong></span> <span class='ocrx_word' id='word_1_1176' title='bbox 2632 4308 2853 4373; x_wconf 80' lang='lat' dir='ltr'><strong>ejectum</strong></span> <span class='ocrx_word' id='word_1_1177' title='bbox 2884 4310 2949 4361; x_wconf 82' lang='lat' dir='ltr'><strong>de</strong></span> <span class='ocrx_word' id='word_1_1178' title='bbox 2978 4323 3236 4377; x_wconf 82' lang='lat' dir='ltr'><strong>synagoga</strong></span> <span class='ocrx_word' id='word_1_1179' title='bbox 3263 4309 3596 4373; x_wconf 81' lang='lat' dir='ltr'><strong>projicientes</strong></span> <span class='ocrx_word' id='word_1_1180' title='bbox 3619 4324 3711 4363; x_wconf 86' lang='lat' dir='ltr'><strong>me.</strong></span> 
     </span>
    </p>
   </div>
   <div class='ocr_carea' id='block_1_137' title="bbox 2200 4375 3716 4445">
    <p class='ocr_par' dir='ltr' id='par_1_137' title="bbox 2200 4375 3716 4445">
     <span class='ocr_line' id='line_1_137' title="bbox 2200 4375 3716 4445; baseline -0.003 -16"><span class='ocrx_word' id='word_1_1181' title='bbox 2200 4379 2356 4429; x_wconf 83' lang='lat' dir='ltr'><strong>etiam</strong></span> <span class='ocrx_word' id='word_1_1182' title='bbox 2389 4375 2450 4427; x_wconf 88' lang='lat' dir='ltr'><strong>ad</strong></span> <span class='ocrx_word' id='word_1_1183' title='bbox 2482 4377 2908 4441; x_wconf 66' lang='lat' dir='ltr'><strong>cruciligendmn,</strong></span> <span class='ocrx_word' id='word_1_1184' title='bbox 2936 4375 3079 4429; x_wconf 87' lang='lat' dir='ltr'><strong>exira</strong></span> <span class='ocrx_word' id='word_1_1185' title='bbox 3111 4384 3290 4445; x_wconf 86' lang='lat' dir='ltr'><strong>urbem</strong></span> <span class='ocrx_word' id='word_1_1186' title='bbox 3322 4392 3387 4429; x_wconf 85' lang='lat' dir='ltr'><strong>ne</strong></span> <span class='ocrx_word' id='word_1_1187' title='bbox 3416 4378 3716 4442; x_wconf 65' lang='lat' dir='ltr'><strong>muneretur</strong></span> 
     </span>
    </p>
   </div>
   <div class='ocr_carea' id='block_1_138' title="bbox 2207 4445 3716 4511">
    <p class='ocr_par' dir='ltr' id='par_1_138' title="bbox 2207 4445 3716 4511">
     <span class='ocr_line' id='line_1_138' title="bbox 2207 4445 3716 4511; baseline 0.001 -14"><span class='ocrx_word' id='word_1_1188' title='bbox 2207 4460 2340 4498; x_wconf 91' lang='lat' dir='ltr'><strong>nunc</strong></span> <span class='ocrx_word' id='word_1_1189' title='bbox 2360 4484 2375 4509; x_wconf 87' lang='lat'><strong>,</strong></span> <span class='ocrx_word' id='word_1_1190' title='bbox 2403 4445 2609 4511; x_wconf 89' lang='lat' dir='ltr'><strong>quando</strong></span> <span class='ocrx_word' id='word_1_1191' title='bbox 2650 4447 2790 4500; x_wconf 88' lang='lat' dir='ltr'><strong>locus</strong></span> <span class='ocrx_word' id='word_1_1192' title='bbox 2814 4446 2962 4497; x_wconf 77' lang='lat' dir='ltr'><strong>datus</strong></span> <span class='ocrx_word' id='word_1_1193' title='bbox 2991 4454 3069 4497; x_wconf 84' lang='lat' dir='ltr'><strong>est</strong></span> <span class='ocrx_word' id='word_1_1194' title='bbox 3094 4448 3170 4498; x_wconf 82' lang='lat' dir='ltr'><strong>eis</strong></span> <span class='ocrx_word' id='word_1_1195' title='bbox 3196 4464 3211 4498; x_wconf 92' lang='lat'><strong>:</strong></span> <span class='ocrx_word' id='word_1_1196' title='bbox 3245 4447 3386 4510; x_wconf 82' lang='lat' dir='ltr'><strong>prius</strong></span> <span class='ocrx_word' id='word_1_1197' title='bbox 3413 4447 3550 4499; x_wconf 86' lang='lat' dir='ltr'><strong>enim</strong></span> <span class='ocrx_word' id='word_1_1198' title='bbox 3581 4460 3716 4499; x_wconf 68' lang='lat' dir='ltr'><strong>neno</strong></span> 
     </span>
    </p>
   </div>
   <div class='ocr_carea' id='block_1_139' title="bbox 2202 4513 3711 4583">
    <p class='ocr_par' dir='ltr' id='par_1_139' title="bbox 2202 4513 3711 4583">
     <span class='ocr_line' id='line_1_139' title="bbox 2202 4513 3711 4583; baseline -0.003 -18"><span class='ocrx_word' id='word_1_1199' title='bbox 2202 4516 2340 4567; x_wconf 89' lang='lat' dir='ltr'><strong>misit</strong></span> <span class='ocrx_word' id='word_1_1200' title='bbox 2362 4513 2409 4564; x_wconf 91' lang='lat' dir='ltr'><strong>in</strong></span> <span class='ocrx_word' id='word_1_1201' title='bbox 2437 4528 2552 4566; x_wconf 86' lang='lat' dir='ltr'><strong>eum</strong></span> <span class='ocrx_word' id='word_1_1202' title='bbox 2586 4530 2787 4579; x_wconf 81' lang='lat' dir='ltr'><strong>manus,</strong></span> <span class='ocrx_word' id='word_1_1203' title='bbox 2811 4518 2927 4582; x_wconf 81' lang='lat' dir='ltr'><strong>quia</strong></span> <span class='ocrx_word' id='word_1_1204' title='bbox 2951 4516 3175 4569; x_wconf 90' lang='lat' dir='ltr'><strong>nondum</strong></span> <span class='ocrx_word' id='word_1_1205' title='bbox 3201 4524 3419 4566; x_wconf 82' lang='lat' dir='ltr'><strong>venerat</strong></span> <span class='ocrx_word' id='word_1_1206' title='bbox 3448 4516 3568 4566; x_wconf 82' lang='lat' dir='ltr'><strong>hora</strong></span> <span class='ocrx_word' id='word_1_1207' title='bbox 3588 4516 3711 4583; x_wconf 83' lang='lat' dir='ltr'><strong>ejus;</strong></span> 
     </span>
    </p>
   </div>
   <div class='ocr_carea' id='block_1_140' title="bbox 2200 4583 3713 4650">
    <p class='ocr_par' dir='ltr' id='par_1_140' title="bbox 2200 4583 3713 4650">
     <span class='ocr_line' id='line_1_140' title="bbox 2200 4583 3713 4650; baseline -0.001 -15"><span class='ocrx_word' id='word_1_1208' title='bbox 2200 4585 2279 4635; x_wconf 74' lang='grc' dir='ltr'>νιιι</span> <span class='ocrx_word' id='word_1_1209' title='bbox 2310 4597 2460 4649; x_wconf 88' lang='lat' dir='ltr'><strong>quem</strong></span> <span class='ocrx_word' id='word_1_1210' title='bbox 2484 4583 2607 4634; x_wconf 88' lang='lat' dir='ltr'><strong>olim</strong></span> <span class='ocrx_word' id='word_1_1211' title='bbox 2640 4586 2687 4635; x_wconf 92' lang='lat' dir='ltr'><strong>in</strong></span> <span class='ocrx_word' id='word_1_1212' title='bbox 2715 4587 2879 4637; x_wconf 89' lang='lat' dir='ltr'><strong>servis</strong></span> <span class='ocrx_word' id='word_1_1213' title='bbox 2909 4586 3082 4637; x_wconf 87' lang='lat' dir='ltr'><strong>missis</strong></span> <span class='ocrx_word' id='word_1_1214' title='bbox 3114 4586 3443 4650; x_wconf 38' lang='lat' dir='ltr'><strong>pri‘jecerunt</strong></span> <span class='ocrx_word' id='word_1_1215' title='bbox 3468 4623 3483 4644; x_wconf 86' lang='lat'><strong>,</strong></span> <span class='ocrx_word' id='word_1_1216' title='bbox 3525 4599 3648 4636; x_wconf 82' lang='lat' dir='ltr'><strong>nunc</strong></span> <span class='ocrx_word' id='word_1_1217' title='bbox 3672 4586 3713 4634; x_wconf 80' lang='lat' dir='ltr'><strong>in</strong></span> 
     </span>
    </p>
   </div>
   <div class='ocr_carea' id='block_1_141' title="bbox 2200 4654 3693 4720">
    <p class='ocr_par' dir='ltr' id='par_1_141' title="bbox 2200 4654 3693 4720">
     <span class='ocr_line' id='line_1_141' title="bbox 2200 4654 3693 4720; baseline -0.001 -18"><span class='ocrx_word' id='word_1_1218' title='bbox 2200 4667 2282 4703; x_wconf 91' lang='lat' dir='ltr'><strong>me</strong></span> <span class='ocrx_word' id='word_1_1219' title='bbox 2313 4656 2423 4720; x_wconf 86' lang='lat' dir='ltr'><strong>ipso</strong></span> <span class='ocrx_word' id='word_1_1220' title='bbox 2454 4654 2777 4717; x_wconf 75' lang='lat' dir='ltr'><strong>projicientes</strong></span> <span class='ocrx_word' id='word_1_1221' title='bbox 2806 4655 3236 4706; x_wconf 81' lang='lat' dir='ltr'><strong>circumdederunt</strong></span> <span class='ocrx_word' id='word_1_1222' title='bbox 3280 4668 3358 4703; x_wconf 86' lang='lat' dir='ltr'><strong>me</strong></span> <span class='ocrx_word' id='word_1_1223' title='bbox 3382 4694 3396 4715; x_wconf 93' lang='lat'><strong>,</strong></span> <span class='ocrx_word' id='word_1_1224' title='bbox 3429 4655 3494 4704; x_wconf 87' lang='lat' dir='ltr'><strong>ad</strong></span> <span class='ocrx_word' id='word_1_1225' title='bbox 3526 4658 3693 4704; x_wconf 76' lang='lat' dir='ltr'><strong>iusqu</strong></span> 
     </span>
    </p>
   </div>
   <div class='ocr_carea' id='block_1_142' title="bbox 2200 4721 3717 4787">
    <p class='ocr_par' dir='ltr' id='par_1_142' title="bbox 2200 4721 3717 4787">
     <span class='ocr_line' id='line_1_142' title="bbox 2200 4721 3717 4787; baseline 0.001 -16"><span class='ocrx_word' id='word_1_1226' title='bbox 2200 4721 2389 4772; x_wconf 89' lang='lat' dir='ltr'><strong>tionem</strong></span> <span class='ocrx_word' id='word_1_1227' title='bbox 2434 4732 2483 4772; x_wconf 91' lang='lat' dir='ltr'><strong>et</strong></span> <span class='ocrx_word' id='word_1_1228' title='bbox 2510 4722 2819 4783; x_wconf 88' lang='lat' dir='ltr'><strong>derisionem</strong></span> <span class='ocrx_word' id='word_1_1229' title='bbox 2846 4741 2859 4776; x_wconf 87' lang='lat'><strong>:</strong></span> <span class='ocrx_word' id='word_1_1230' title='bbox 2900 4734 2951 4775; x_wconf 88' lang='lat' dir='ltr'><strong>et</strong></span> <span class='ocrx_word' id='word_1_1231' title='bbox 2994 4724 3090 4775; x_wconf 86' lang='lat' dir='ltr'><strong>hoc</strong></span> <span class='ocrx_word' id='word_1_1232' title='bbox 3119 4723 3201 4775; x_wconf 88' lang='lat' dir='ltr'><strong>ide</strong></span> <span class='ocrx_word' id='word_1_1233' title='bbox 3221 4738 3237 4770; x_wconf 81' lang='grc' dir='ltr'><strong>ι</strong></span> <span class='ocrx_word' id='word_1_1234' title='bbox 3261 4762 3274 4782; x_wconf 83' lang='grc'>,</span> <span class='ocrx_word' id='word_1_1235' title='bbox 3307 4723 3427 4787; x_wconf 83' lang='lat' dir='ltr'><strong>quia</strong></span> <span class='ocrx_word' id='word_1_1236' title='bbox 3459 4732 3717 4773; x_wconf 54' lang='lat' dir='ltr'><strong>staturi-it</strong></span> 
     </span>
    </p>
   </div>
   <div class='ocr_carea' id='block_1_143' title="bbox 2198 4790 3715 4855">
    <p class='ocr_par' dir='ltr' id='par_1_143' title="bbox 2198 4790 3715 4855">
     <span class='ocr_line' id='line_1_143' title="bbox 2198 4790 3715 4855; baseline -0.003 -15"><span class='ocrx_word' id='word_1_1237' title='bbox 2198 4791 2444 4843; x_wconf 77' lang='lat' dir='ltr'><strong>declinare</strong></span> <span class='ocrx_word' id='word_1_1238' title='bbox 2481 4790 2645 4842; x_wconf 85' lang='lat' dir='ltr'><strong>oculos</strong></span> <span class='ocrx_word' id='word_1_1239' title='bbox 2683 4808 2794 4843; x_wconf 80' lang='lat' dir='ltr'><strong>suos</strong></span> <span class='ocrx_word' id='word_1_1240' title='bbox 2834 4794 2883 4843; x_wconf 89' lang='lat' dir='ltr'><strong>in</strong></span> <span class='ocrx_word' id='word_1_1241' title='bbox 2915 4802 3092 4842; x_wconf 82' lang='lat' dir='ltr'><strong>(errant</strong></span> <span class='ocrx_word' id='word_1_1242' title='bbox 3117 4834 3131 4855; x_wconf 83' lang='lat'><strong>,</strong></span> <span class='ocrx_word' id='word_1_1243' title='bbox 3178 4792 3223 4839; x_wconf 90' lang='lat' dir='ltr'><strong>id</strong></span> <span class='ocrx_word' id='word_1_1244' title='bbox 3260 4800 3342 4842; x_wconf 78' lang='lat' dir='ltr'><strong>est</strong></span> <span class='ocrx_word' id='word_1_1245' title='bbox 3387 4805 3448 4841; x_wconf 76' lang='lat' dir='ltr'><strong>ex</strong></span> <span class='ocrx_word' id='word_1_1246' title='bbox 3496 4801 3598 4840; x_wconf 82' lang='lat' dir='ltr'><strong>tuto</strong></span> <span class='ocrx_word' id='word_1_1247' title='bbox 3625 4799 3715 4839; x_wconf 83' lang='lat' dir='ltr'><strong>ter-</strong></span> 
     </span>
    </p>
   </div>
   <div class='ocr_carea' id='block_1_144' title="bbox 2199 4859 3717 4922">
    <p class='ocr_par' dir='ltr' id='par_1_144' title="bbox 2199 4859 3717 4922">
     <span class='ocr_line' id='line_1_144' title="bbox 2199 4859 3717 4922; baseline -0.002 -12"><span class='ocrx_word' id='word_1_1248' title='bbox 2199 4860 2339 4911; x_wconf 84' lang='lat' dir='ltr'><strong>renis</strong></span> <span class='ocrx_word' id='word_1_1249' title='bbox 2367 4859 2697 4913; x_wconf 71' lang='lat' dir='ltr'><strong>adbmserunt</strong></span> <span class='ocrx_word' id='word_1_1250' title='bbox 2722 4898 2737 4919; x_wconf 88' lang='lat'><strong>.</strong></span> <span class='ocrx_word' id='word_1_1251' title='bbox 2783 4870 2835 4913; x_wconf 90' lang='lat' dir='ltr'><strong>et</strong></span> <span class='ocrx_word' id='word_1_1252' title='bbox 2862 4862 3095 4914; x_wconf 65' lang='lat' dir='ltr'><strong>coalestia</strong></span> <span class='ocrx_word' id='word_1_1253' title='bbox 3127 4860 3266 4909; x_wconf 89' lang='lat' dir='ltr'><strong>nullo</strong></span> <span class='ocrx_word' id='word_1_1254' title='bbox 3294 4859 3454 4910; x_wconf 89' lang='lat' dir='ltr'><strong>modo</strong></span> <span class='ocrx_word' id='word_1_1255' title='bbox 3496 4872 3717 4922; x_wconf 54' lang='lat' dir='ltr'><strong>respue.</strong></span> 
     </span>
    </p>
   </div>
   <div class='ocr_carea' id='block_1_145' title="bbox 2199 4926 3716 4981">
    <p class='ocr_par' dir='ltr' id='par_1_145' title="bbox 2199 4926 3716 4981">
     <span class='ocr_line' id='line_1_145' title="bbox 2199 4926 3716 4981; baseline -0.001 -3"><span class='ocrx_word' id='word_1_1256' title='bbox 2199 4937 2337 4978; x_wconf 90' lang='lat' dir='ltr'><strong>runt.</strong></span> <span class='ocrx_word' id='word_1_1257' title='bbox 2373 4926 2457 4977; x_wconf 78' lang='lat' dir='ltr'><strong>Vel</strong></span> <span class='ocrx_word' id='word_1_1258' title='bbox 2488 4928 2671 4981; x_wconf 86' lang='lat' dir='ltr'><strong>aliter:</strong></span> <span class='ocrx_word' id='word_1_1259' title='bbox 2706 4930 3001 4981; x_wconf 81' lang='lat' dir='ltr'><strong>Statuerunt</strong></span> <span class='ocrx_word' id='word_1_1260' title='bbox 3031 4926 3203 4978; x_wconf 80' lang='lat' dir='ltr'><strong>oculos</strong></span> <span class='ocrx_word' id='word_1_1261' title='bbox 3244 4942 3360 4977; x_wconf 83' lang='lat' dir='ltr'><strong>suos</strong></span> <span class='ocrx_word' id='word_1_1262' title='bbox 3404 4929 3645 4978; x_wconf 75' lang='lat' dir='ltr'><strong>declinare</strong></span> <span class='ocrx_word' id='word_1_1263' title='bbox 3675 4928 3716 4976; x_wconf 78' lang='lat' dir='ltr'><strong>is</strong></span> 
     </span>
    </p>
   </div>
   <div class='ocr_carea' id='block_1_146' title="bbox 2200 4996 3717 5059">
    <p class='ocr_par' dir='ltr' id='par_1_146' title="bbox 2200 4996 3717 5059">
     <span class='ocr_line' id='line_1_146' title="bbox 2200 4996 3717 5059; baseline -0.001 -13"><span class='ocrx_word' id='word_1_1264' title='bbox 2200 5005 2377 5046; x_wconf 85' lang='lat' dir='ltr'><strong>terram</strong></span> <span class='ocrx_word' id='word_1_1265' title='bbox 2403 5039 2416 5059; x_wconf 92' lang='lat'><strong>,</strong></span> <span class='ocrx_word' id='word_1_1266' title='bbox 2464 4996 2512 5046; x_wconf 87' lang='lat' dir='ltr'><strong>id</strong></span> <span class='ocrx_word' id='word_1_1267' title='bbox 2554 5007 2631 5049; x_wconf 88' lang='lat' dir='ltr'><strong>est</strong></span> <span class='ocrx_word' id='word_1_1268' title='bbox 2661 5000 2820 5052; x_wconf 86' lang='lat' dir='ltr'><strong>solam</strong></span> <span class='ocrx_word' id='word_1_1269' title='bbox 2858 4999 3029 5049; x_wconf 82' lang='lat' dir='ltr'><strong>carnis</strong></span> <span class='ocrx_word' id='word_1_1270' title='bbox 3055 4996 3387 5047; x_wconf 83' lang='lat' dir='ltr'><strong>alﬂictinnem</strong></span> <span class='ocrx_word' id='word_1_1271' title='bbox 3414 5034 3430 5053; x_wconf 90' lang='lat'><strong>.</strong></span> <span class='ocrx_word' id='word_1_1272' title='bbox 3480 4997 3599 5048; x_wconf 86' lang='lat' dir='ltr'><strong>dum</strong></span> <span class='ocrx_word' id='word_1_1273' title='bbox 3645 5010 3717 5044; x_wconf 84' lang='lat' dir='ltr'><strong>me</strong></span> 
     </span>
    </p>
   </div>
   <div class='ocr_carea' id='block_1_147' title="bbox 2198 5064 3714 5131">
    <p class='ocr_par' dir='ltr' id='par_1_147' title="bbox 2198 5064 3714 5131">
     <span class='ocr_line' id='line_1_147' title="bbox 2198 5064 3714 5131; baseline -0.001 -16"><span class='ocrx_word' id='word_1_1274' title='bbox 2198 5064 3081 5131; x_wconf 82' lang='lat' dir='ltr'><strong>crucitigerent.consideraverunt:</strong></span> <span class='ocrx_word' id='word_1_1275' title='bbox 3104 5066 3532 5117; x_wconf 77' lang='lat' dir='ltr'><strong>clai-iilcationem</strong></span> <span class='ocrx_word' id='word_1_1276' title='bbox 3557 5078 3714 5117; x_wconf 67' lang='lat' dir='ltr'><strong>autem</strong></span> 
     </span>
    </p>
   </div>
   <div class='ocr_carea' id='block_1_148' title="bbox 2198 5134 3625 5199">
    <p class='ocr_par' dir='ltr' id='par_1_148' title="bbox 2198 5134 3625 5199">
     <span class='ocr_line' id='line_1_148' title="bbox 2198 5134 3625 5199; baseline 0.001 -14"><span class='ocrx_word' id='word_1_1277' title='bbox 2198 5134 2610 5196; x_wconf 80' lang='lat' dir='ltr'><strong>resurrectionis,</strong></span> <span class='ocrx_word' id='word_1_1278' title='bbox 2638 5150 2754 5199; x_wconf 76' lang='lat' dir='ltr'><strong>qua:</strong></span> <span class='ocrx_word' id='word_1_1279' title='bbox 2784 5137 2948 5185; x_wconf 71' lang='lat' dir='ltr'><strong>futura</strong></span> <span class='ocrx_word' id='word_1_1280' title='bbox 2983 5142 3115 5197; x_wconf 85' lang='lat' dir='ltr'><strong>erat,</strong></span> <span class='ocrx_word' id='word_1_1281' title='bbox 3147 5148 3249 5184; x_wconf 84' lang='lat' dir='ltr'><strong>non</strong></span> <span class='ocrx_word' id='word_1_1282' title='bbox 3276 5135 3625 5186; x_wconf 84' lang='lat' dir='ltr'><strong>attenderunt.</strong></span> 
     </span>
    </p>
   </div>
   <div class='ocr_carea' id='block_1_149' title="bbox 2267 5200 3712 5270">
    <p class='ocr_par' dir='ltr' id='par_1_149' title="bbox 2267 5200 3712 5270">
     <span class='ocr_line' id='line_1_149' title="bbox 2267 5200 3712 5270; baseline -0.001 -19"><span class='ocrx_word' id='word_1_1283' title='bbox 2267 5200 2601 5270; x_wconf 73' lang='lat' dir='ltr'><strong>susceperunt</strong></span> <span class='ocrx_word' id='word_1_1284' title='bbox 2628 5220 2702 5254; x_wconf 89' lang='lat' dir='ltr'><strong>me</strong></span> <span class='ocrx_word' id='word_1_1285' title='bbox 2728 5206 2853 5255; x_wconf 82' lang='lat' dir='ltr'><strong>sicut</strong></span> <span class='ocrx_word' id='word_1_1286' title='bbox 2882 5202 2955 5253; x_wconf 86' lang='lat' dir='ltr'><strong>leo</strong></span> <span class='ocrx_word' id='word_1_1287' title='bbox 2984 5214 3185 5270; x_wconf 84' lang='lat' dir='ltr'><strong>paratus</strong></span> <span class='ocrx_word' id='word_1_1288' title='bbox 3230 5202 3295 5253; x_wconf 87' lang='lat' dir='ltr'><strong>ad</strong></span> <span class='ocrx_word' id='word_1_1289' title='bbox 3321 5208 3561 5261; x_wconf 70' lang='lat' dir='ltr'><strong>prtzdans.</strong></span> <span class='ocrx_word' id='word_1_1290' title='bbox 3600 5202 3712 5250; x_wconf 62' lang='lat' dir='ltr'><strong>Vere</strong></span> 
     </span>
    </p>
   </div>
   <div class='ocr_carea' id='block_1_150' title="bbox 2194 5268 3709 5337">
    <p class='ocr_par' dir='ltr' id='par_1_150' title="bbox 2194 5268 3709 5337">
     <span class='ocr_line' id='line_1_150' title="bbox 2194 5268 3709 5337; baseline 0 -18"><span class='ocrx_word' id='word_1_1291' title='bbox 2194 5268 2585 5322; x_wconf 84' lang='lat' dir='ltr'><strong>declinaverunt</strong></span> <span class='ocrx_word' id='word_1_1292' title='bbox 2614 5272 2792 5323; x_wconf 82' lang='lat' dir='ltr'><strong>oculos</strong></span> <span class='ocrx_word' id='word_1_1293' title='bbox 2819 5310 2831 5325; x_wconf 94' lang='lat'><strong>.</strong></span> <span class='ocrx_word' id='word_1_1294' title='bbox 2876 5268 2990 5333; x_wconf 80' lang='lat' dir='ltr'><strong>quia</strong></span> <span class='ocrx_word' id='word_1_1295' title='bbox 3020 5282 3343 5337; x_wconf 70' lang='lat' dir='ltr'><strong>susrepernnt</strong></span> <span class='ocrx_word' id='word_1_1296' title='bbox 3389 5287 3465 5321; x_wconf 82' lang='lat' dir='ltr'><strong>nte</strong></span> <span class='ocrx_word' id='word_1_1297' title='bbox 3490 5310 3503 5331; x_wconf 81' lang='lat'><strong>,</strong></span> <span class='ocrx_word' id='word_1_1298' title='bbox 3536 5272 3581 5321; x_wconf 88' lang='lat' dir='ltr'><strong>id</strong></span> <span class='ocrx_word' id='word_1_1299' title='bbox 3608 5284 3677 5319; x_wconf 71' lang='lat' dir='ltr'><strong>cst</strong></span> <span class='ocrx_word' id='word_1_1300' title='bbox 3698 5309 3709 5325; x_wconf 87' lang='lat'><strong>.</strong></span> 
     </span>
    </p>
   </div>
   <div class='ocr_carea' id='block_1_151' title="bbox 2194 5337 3708 5403">
    <p class='ocr_par' dir='ltr' id='par_1_151' title="bbox 2194 5337 3708 5403">
     <span class='ocr_line' id='line_1_151' title="bbox 2194 5337 3708 5403; baseline 0 -15"><span class='ocrx_word' id='word_1_1301' title='bbox 2194 5337 2478 5390; x_wconf 68' lang='lat' dir='ltr'><strong>effecerunt</strong></span> <span class='ocrx_word' id='word_1_1302' title='bbox 2509 5341 2605 5391; x_wconf 83' lang='lat' dir='ltr'><strong>hoc</strong></span> <span class='ocrx_word' id='word_1_1303' title='bbox 2632 5341 2765 5403; x_wconf 85' lang='lat' dir='ltr'><strong>apud</strong></span> <span class='ocrx_word' id='word_1_1304' title='bbox 2790 5339 3121 5402; x_wconf 76' lang='lat' dir='ltr'><strong>discipulum,</strong></span> <span class='ocrx_word' id='word_1_1305' title='bbox 3150 5351 3203 5390; x_wconf 91' lang='lat' dir='ltr'><strong>ut</strong></span> <span class='ocrx_word' id='word_1_1306' title='bbox 3233 5356 3315 5390; x_wconf 61' lang='lat' dir='ltr'><strong>me</strong></span> <span class='ocrx_word' id='word_1_1307' title='bbox 3336 5341 3416 5390; x_wconf 79' lang='lat' dir='ltr'><strong>eis</strong></span> <span class='ocrx_word' id='word_1_1308' title='bbox 3444 5340 3708 5397; x_wconf 77' lang='lat' dir='ltr'><strong>traderent,</strong></span> 
     </span>
    </p>
   </div>
   <div class='ocr_carea' id='block_1_152' title="bbox 2194 5409 3709 5471">
    <p class='ocr_par' dir='ltr' id='par_1_152' title="bbox 2194 5409 3709 5471">
     <span class='ocr_line' id='line_1_152' title="bbox 2194 5409 3709 5471; baseline -0.001 -14"><span class='ocrx_word' id='word_1_1309' title='bbox 2194 5422 2308 5457; x_wconf 81' lang='lat' dir='ltr'><strong>cum</strong></span> <span class='ocrx_word' id='word_1_1310' title='bbox 2340 5409 2665 5471; x_wconf 77' lang='lat' dir='ltr'><strong>pontilicibus</strong></span> <span class='ocrx_word' id='word_1_1311' title='bbox 2694 5416 2749 5457; x_wconf 94' lang='lat' dir='ltr'><strong>ut</strong></span> <span class='ocrx_word' id='word_1_1312' title='bbox 2776 5420 3039 5469; x_wconf 79' lang='lat' dir='ltr'><strong>raperent,</strong></span> <span class='ocrx_word' id='word_1_1313' title='bbox 3066 5424 3181 5459; x_wconf 91' lang='lat' dir='ltr'><strong>cum</strong></span> <span class='ocrx_word' id='word_1_1314' title='bbox 3214 5409 3433 5470; x_wconf 70' lang='lat' dir='ltr'><strong>pra-side</strong></span> <span class='ocrx_word' id='word_1_1315' title='bbox 3481 5416 3536 5457; x_wconf 90' lang='lat' dir='ltr'><strong>ut</strong></span> <span class='ocrx_word' id='word_1_1316' title='bbox 3562 5420 3709 5459; x_wconf 77' lang='lat' dir='ltr'><strong>Cruri-</strong></span> 
     </span>
    </p>
   </div>
   <div class='ocr_carea' id='block_1_153' title="bbox 2195 5476 3707 5539">
    <p class='ocr_par' dir='ltr' id='par_1_153' title="bbox 2195 5476 3707 5539">
     <span class='ocr_line' id='line_1_153' title="bbox 2195 5476 3707 5539; baseline 0.003 -16"><span class='ocrx_word' id='word_1_1317' title='bbox 2195 5476 2431 5539; x_wconf 68' lang='lat' dir='ltr'><strong>ligvreut.</strong></span> <span class='ocrx_word' id='word_1_1318' title='bbox 2462 5479 2523 5529; x_wconf 77' lang='lat' dir='ltr'><strong>Et</strong></span> <span class='ocrx_word' id='word_1_1319' title='bbox 2553 5478 2629 5527; x_wconf 79' lang='lat' dir='ltr'><strong>bis</strong></span> <span class='ocrx_word' id='word_1_1320' title='bbox 2652 5477 2890 5527; x_wconf 82' lang='lat' dir='ltr'><strong>omnibus</strong></span> <span class='ocrx_word' id='word_1_1321' title='bbox 2913 5479 3077 5528; x_wconf 69' lang='lat' dir='ltr'><strong>modis</strong></span> <span class='ocrx_word' id='word_1_1322' title='bbox 3107 5482 3467 5539; x_wconf 70' lang='lat' dir='ltr'><strong>susceperunt,</strong></span> <span class='ocrx_word' id='word_1_1323' title='bbox 3500 5489 3707 5538; x_wconf 62' lang='lat' dir='ltr'><strong>matures</strong></span> 
     </span>
    </p>
   </div>
   <div class='ocr_carea' id='block_1_154' title="bbox 2192 5544 3703 5610">
    <p class='ocr_par' dir='ltr' id='par_1_154' title="bbox 2192 5544 3703 5610">
     <span class='ocr_line' id='line_1_154' title="bbox 2192 5544 3703 5610; baseline 0.003 -18"><span class='ocrx_word' id='word_1_1324' title='bbox 2192 5544 2401 5607; x_wconf 85' lang='lat' dir='ltr'><strong>quidem</strong></span> <span class='ocrx_word' id='word_1_1325' title='bbox 2433 5549 2559 5598; x_wconf 75' lang='lat' dir='ltr'><strong>sicut</strong></span> <span class='ocrx_word' id='word_1_1326' title='bbox 2605 5547 2685 5597; x_wconf 89' lang='lat' dir='ltr'><strong>leo</strong></span> <span class='ocrx_word' id='word_1_1327' title='bbox 2722 5558 2925 5607; x_wconf 75' lang='lat' dir='ltr'><strong>paratus</strong></span> <span class='ocrx_word' id='word_1_1328' title='bbox 2970 5550 3032 5597; x_wconf 83' lang='lat' dir='ltr'><strong>ad</strong></span> <span class='ocrx_word' id='word_1_1329' title='bbox 3074 5550 3300 5610; x_wconf 65' lang='lat' dir='ltr'><strong>pretain</strong></span> <span class='ocrx_word' id='word_1_1330' title='bbox 3326 5557 3340 5591; x_wconf 90' lang='lat'><strong>:</strong></span> <span class='ocrx_word' id='word_1_1331' title='bbox 3370 5553 3423 5593; x_wconf 88' lang='lat' dir='ltr'><strong>et</strong></span> <span class='ocrx_word' id='word_1_1332' title='bbox 3455 5546 3667 5596; x_wconf 79' lang='lat' dir='ltr'><strong>ininore-</strong></span> <span class='ocrx_word' id='word_1_1333' title='bbox 3691 5585 3703 5601; x_wconf 89' lang='lat'><strong>.</strong></span> 
     </span>
    </p>
   </div>
   <div class='ocr_carea' id='block_1_155' title="bbox 2192 5611 3703 5673">
    <p class='ocr_par' dir='ltr' id='par_1_155' title="bbox 2192 5611 3703 5673">
     <span class='ocr_line' id='line_1_155' title="bbox 2192 5611 3703 5673; baseline 0 -12"><span class='ocrx_word' id='word_1_1334' title='bbox 2192 5613 2314 5662; x_wconf 80' lang='lat' dir='ltr'><strong>sicut</strong></span> <span class='ocrx_word' id='word_1_1335' title='bbox 2354 5617 2548 5664; x_wconf 82' lang='lat' dir='ltr'><strong>catulus</strong></span> <span class='ocrx_word' id='word_1_1336' title='bbox 2586 5614 2737 5664; x_wconf 82' lang='lat' dir='ltr'><strong>leonis</strong></span> <span class='ocrx_word' id='word_1_1337' title='bbox 2763 5614 2986 5665; x_wconf 82' lang='lat' dir='ltr'><strong>habitans</strong></span> <span class='ocrx_word' id='word_1_1338' title='bbox 3025 5616 3074 5663; x_wconf 81' lang='lat' dir='ltr'><strong>in</strong></span> <span class='ocrx_word' id='word_1_1339' title='bbox 3102 5613 3280 5661; x_wconf 77' lang='lat' dir='ltr'><strong>abditis</strong></span> <span class='ocrx_word' id='word_1_1340' title='bbox 3305 5651 3317 5669; x_wconf 88' lang='lat'><strong>,</strong></span> <span class='ocrx_word' id='word_1_1341' title='bbox 3352 5611 3400 5662; x_wconf 79' lang='lat' dir='ltr'><strong>id</strong></span> <span class='ocrx_word' id='word_1_1342' title='bbox 3432 5622 3529 5673; x_wconf 84' lang='lat' dir='ltr'><strong>est,</strong></span> <span class='ocrx_word' id='word_1_1343' title='bbox 3560 5627 3703 5663; x_wconf 60' lang='lat' dir='ltr'><strong>annuo</strong></span> 
     </span>
    </p>
   </div>
   <div class='ocr_carea' id='block_1_156' title="bbox 2193 5680 3701 5743">
    <p class='ocr_par' dir='ltr' id='par_1_156' title="bbox 2193 5680 3701 5743">
     <span class='ocr_line' id='line_1_156' title="bbox 2193 5680 3701 5743; baseline -0.001 -14"><span class='ocrx_word' id='word_1_1344' title='bbox 2193 5680 2355 5734; x_wconf 64' lang='lat' dir='ltr'><strong>lautos</strong></span> <span class='ocrx_word' id='word_1_1345' title='bbox 2382 5697 2436 5734; x_wconf 92' lang='lat' dir='ltr'><strong>se</strong></span> <span class='ocrx_word' id='word_1_1346' title='bbox 2466 5685 2531 5732; x_wconf 88' lang='lat' dir='ltr'><strong>ab</strong></span> <span class='ocrx_word' id='word_1_1347' title='bbox 2559 5685 2669 5743; x_wconf 80' lang='lat' dir='ltr'><strong>ejus</strong></span> <span class='ocrx_word' id='word_1_1348' title='bbox 2692 5682 3021 5733; x_wconf 84' lang='lat' dir='ltr'><strong>damnatione</strong></span> <span class='ocrx_word' id='word_1_1349' title='bbox 3062 5684 3365 5732; x_wconf 66' lang='lat' dir='ltr'><strong>innocentes</strong></span> <span class='ocrx_word' id='word_1_1350' title='bbox 3393 5694 3529 5733; x_wconf 78' lang='lat' dir='ltr'><strong>esse.</strong></span> <span class='ocrx_word' id='word_1_1351' title='bbox 3561 5684 3701 5731; x_wconf 69' lang='lat' dir='ltr'><strong>Inu-</strong></span> 
     </span>
    </p>
   </div>
   <div class='ocr_carea' id='block_1_157' title="bbox 2194 5749 3702 5818">
    <p class='ocr_par' dir='ltr' id='par_1_157' title="bbox 2194 5749 3702 5818">
     <span class='ocr_line' id='line_1_157' title="bbox 2194 5749 3702 5818; baseline -0.001 -18"><span class='ocrx_word' id='word_1_1352' title='bbox 2194 5766 2273 5802; x_wconf 72' lang='lat' dir='ltr'><strong>tes</strong></span> <span class='ocrx_word' id='word_1_1353' title='bbox 2303 5769 2415 5804; x_wconf 81' lang='lat' dir='ltr'><strong>euut</strong></span> <span class='ocrx_word' id='word_1_1354' title='bbox 2448 5754 2715 5812; x_wconf 84' lang='lat' dir='ltr'><strong>dicerent,</strong></span> <span class='ocrx_word' id='word_1_1355' title='bbox 2761 5749 2912 5801; x_wconf 73' lang='lat' dir='ltr'><strong>Nobis</strong></span> <span class='ocrx_word' id='word_1_1356' title='bbox 2944 5765 3039 5800; x_wconf 87' lang='lat' dir='ltr'><strong>non</strong></span> <span class='ocrx_word' id='word_1_1357' title='bbox 3078 5756 3188 5797; x_wconf 67' lang='grc' dir='ltr'>ιιι-ρ’(</span> <span class='ocrx_word' id='word_1_1358' title='bbox 3236 5752 3524 5818; x_wconf 72' lang='lat' dir='ltr'><strong>siuei/igere</strong></span> <span class='ocrx_word' id='word_1_1359' title='bbox 3550 5766 3702 5813; x_wconf 66' lang='lat' dir='ltr'><strong>quem-</strong></span> 
     </span>
    </p>
   </div>
  </div>
