3912 6230
238 406 348 460 369

936 396 997 450 IN
1039 397 1442 453 ΡεΑιιιοιιυΜ
1485 390 1732 447 LIBRUM
1773 387 1781 440 l

1883 385 2116 446 :ULSIS.
2157 418 2231 438 -ο
2265 391 2503 446 PS.\L.\I.
2547 389 2704 444 XVII.

3319 398 3417 449 57ft

240 531 349 582 quo
379 512 655 568 habitaret.
717 507 850 582 Deus
879 511 1014 582 enim
1045 519 1147 582 erat
1197 511 1250 561 in
1279 510 1496 582 Christo,
1536 509 1780 562 mundum
1812 512 1856 570 Α
1884 512 2194 568 habentibus
2235 513 2368 564 altus
2413 523 2462 563 ει
2510 510 3012 582 lusiuaccessibilis
3052 511 3329 573 apparuit:
3367 516 3422 562 et

239 579 338 637 sibi
359 581 706 635 reconcilians.
735 580 841 630 lloc
862 579 988 630 dicit
1010 580 1070 629 ad
1096 580 1513 641 instructionem,
1532 587 1586 629 ιιι
1603 589 1777 629 osten-

240 656 335 706 dat
372 651 509 716 quod
535 650 767 716 quisquis
812 647 1084 700 Dominum
1116 649 1268 714 digne
1294 657 1466 710 Vocat,
1523 648 1589 699 de
1615 646 1788 716 vicino

242 715 561 782 esatttlitur,
587 734 704 770 cum
741 717 875 769 Deus
903 719 970 767 sit
999 717 1049 767 in
1082 716 1212 781 ἰιιειι.
1263 716 1448 767 Anima
1476 716 1616 770 enim
1655 715 1784 780 justi

237 795 399 843 sedes
428 800 506 841 est
536 788 823 850 sapientiae.
856 786 919 838 Et
963 799 1084 838 vere
1112 787 1358 848 exaudivit
1407 801 1502 849 me,
1525 784 1641 849 quia
1682 786 1786 834 cla-

236 877 356 914 mor
403 875 560 918 meus,
604 857 652 908 id
703 865 782 907 est
824 855 1024 906 iutcnsa
1057 869 1152 906 vox
1202 855 1375 907 cordis
1422 855 1520 906 mei
1561 855 1787 904 introivit

233 947 292 981 .n
319 945 461 981 aures
493 931 622 991 eius.
653 925 700 977 id
730 935 803 976 est
830 939 856 974 ιι
889 922 1117 983 potentia
1147 923 1385 976 e\aiidita
1420 934 1497 974 est
1517 921 1782 980 audiendi,

233 1016 360 1064 qua:
390 998 442 1050 itt
468 990 531 1050 eo
551 1007 626 1047 est
645 1005 735 1064 ;ει
773 995 871 1045 Ιιυε
895 992 1009 1044 ideo
1037 993 1154 1057 quia
1181 993 1368 1064 clamor
1397 993 1480 1064 ille
1506 993 1557 1042 in
1579 1007 1786 1064 conspe-

232 1060 328 1127 an.
352 1068 459 1134 ejus
484 1066 596 1126 fuit,
630 1063 679 1115 id
707 1072 808 1123 est,
835 1076 935 1134 non
965 1075 1082 1134 cum
1110 1063 1330 1123 strepitu
1366 1060 1622 1134 verberati
1649 1062 1786 1134 aeris

233 1129 410 1187 factus
432 1135 540 1194 fuit,
572 1134 662 1185 sed
692 1148 752 1184 ex
785 1131 1045 1184 cordeubi
1066 1130 1175 1193 ipse
1200 1131 1475 1192 conSpicit,
1511 1129 1783 1195 processit.

313 1204 573 1258 Commota
605 1211 680 1255 est
726 1210 772 1252 et
802 1199 1114 1251 contremuit.
1147 1197 1384 1251 Ostendit
1415 1213 1505 1258 per
1542 1197 1784 1250 effectum

232 1276 383 1341 quod
432 1287 556 1325 vere
610 1273 857 1322 Dominus
897 1267 1162 1341 exaudivit
1189 1269 1484 1332 eum,qnia
1508 1281 1785 1341 resurgere

233 1337 371 1396 fecit
405 1357 544 1394 eum.
578 1341 682 1393 Nec
712 1349 884 1390 tamen
927 1338 1070 1403 ponit
1112 1337 1274 1403 ipsam
1322 1337 1779 1396 resurrectionem,

231 1413 338 1466 sed
387 1411 630 1476 quiddam
684 1409 984 1472 adiunctum
1034 1405 1103 1468 ei,
1152 1406 1352 1476 scilicet
1401 1417 1781 1476 terraeinotuiu,

231 1479 331 1548 qni
364 1473 416 1532 in
446 1480 554 1543 ipsa
586 1479 749 1548 factus
778 1489 859 1530 est
899 1477 1079 1527 dicens
1107 1493 1118 1526 :
1149 1473 1303 1527 Terra
1332 1484 1571 1548 commota
1600 1484 1689 1535 est,
1735 1474 1784 1526 id

233 1543 327 1601 est
349 1549 501 1603 simul
527 1547 668 1598 omni
717 1555 862 1609 parte
891 1553 1028 1596 mota
1055 1554 1155 1605 εει,
1207 1553 1260 1596 ει
1304 1560 1408 1606 pra:
1439 1543 1526 1594 illa
1553 1556 1786 1594 commo-

234 1618 387 1671 tione
440 1627 570 1669 terra
615 1614 931 1672 contremuit,
981 1613 1028 1664 id
1071 1621 1152 1665 est
1195 1613 1386 1667 terreni
1428 1612 1783 1674 obstupefacti

232 1696 384 1739 sunt.
412 1685 687 1742 Etldeinde
713 1699 802 1751 per
861 1683 1249 1734 medicationem
1280 1681 1632 1750 apostolorum
1661 1684 1779 1747 [un-

232 1759 474 1804 damenta
499 1755 760 1804 montium.
788 1699 967 1804 iirest.
994 1750 1157 1803 ﬁrmas
1183 1767 1302 1804 sors
1331 1753 1380 1804 in
1405 1752 1626 1803 terrenis
1648 1750 1779 1804 Drin-

231 1759 474 1808 damenta
499 1750 760 1816 montium,
788 1750 837 1804 id
864 1761 967 1811 est,
994 1750 1157 1803 ﬁrmas
1183 1767 1302 1820 spes
1331 1753 1380 1804 in
1405 1752 1626 1803 terrenis
1648 1750 1787 1817 prin-

1887 596 2065 646 super,
2099 584 2146 635 id
2185 591 2266 635 est
2296 591 2347 632 ιιι
2379 583 2528 639 longe
2554 581 2708 631 etiam
2737 580 3020 630 contuitum
3053 595 3235 631 eorum
3266 596 3419 644 sulm-

1889 661 2071 703 raret:
2113 661 2165 702 et
2207 651 2469 716 quomodo
2514 650 2653 702 dicit
2700 647 3020 709 ascendisse,
3051 647 3301 700 ostendit.
3357 649 3424 701 Et

1885 718 2082 778 tmlatvit,
2115 720 2161 769 id
2193 729 2293 778 est.
2325 720 2570 770 celer'ter
2600 719 2856 770 esaltatus
2901 727 2980 769 est
3009 735 3021 768 :
3054 717 3250 768 volavit
3297 719 3417 770 dico

1885 801 2039 847 super
2069 802 2262 851 pennas
2307 797 2602 848 ventorum,
2633 787 2679 838 id
2719 797 2798 839 est
2830 787 2994 847 magis
3041 802 3195 851 quam
3238 802 3423 848 penuze

1887 867 2157 908 ventorum
2190 863 2405 921 possunt
2431 857 2732 908 ascendere.
2772 855 2918 907 Venti
2950 855 3194 907 dicuntur
3224 857 3415 907 animae

1885 936 2180 978 sanctorum
2209 937 2420 992 propter
2449 926 2733 987 levitatem,
2763 926 2879 989 quia
2909 924 3133 992 terrenis
3168 939 3269 975 non
3303 940 3420 988 gra.

1887 1007 2094 1057 Vautnr,
2131 991 2246 1060 quae
2295 995 2495 1058 pondus
2539 1005 2692 1054 sunt,
2742 1010 2841 1045 non
2885 991 3194 1044 subsidium.
3227 993 3420 1044 Pennas

1883 1072 2052 1115 autem
2081 1073 2374 1116 sanctarum
2405 1067 2693 1115 animarum
2720 1073 2841 1113 sunt
2871 1064 3108 1119 virtutes,
3139 1061 3325 1127 quibus
3354 1077 3410 1114 se

1885 1131 1934 1181 in
1965 1148 2118 1185 auras
2151 1133 2406 1185 libertatis
2451 1134 2717 1188 attollunt.
2753 1131 2803 1182 id
2848 1141 2929 1184 est
2973 1146 3190 1196 quarum
3228 1131 3422 1182 auxilio

1885 1216 1912 1252 a
1940 1203 2187 1254 Servitute
2229 1217 2343 1265 quin
2392 1201 2442 1252 in
2492 1203 2713 1254 terrenis
2755 1210 2836 1253 est
2881 1201 3185 1250 liberantur.
3237 1198 3296 1250 Et
3343 1210 3421 1252 est

1885 1287 2112 1323 sensus:
2157 1269 2297 1326 Ultra
2352 1271 2693 1334 capacitatem
2761 1270 3053 1320 animarum
3117 1277 3417 1320 sanctarum

1885 1351 2341 1408 quantumcunque
2387 1352 2625 1408 pennata:
2668 1339 2947 1391 virtutibus
2993 1337 3118 1400 sint,
3155 1337 3420 1389 exaltatus

1881 1420 1956 1459 est
1991 1409 2260 1462 Doti-inus.

1956 1476 2021 1528 Et
2059 1480 2222 1542 posuit
2253 1478 2497 1530 tenebras.
2540 1479 2612 1530 Ac
2649 1476 2692 1528 si
2743 1475 2916 1528 dicat:
2950 1476 3419 1542 Quantumcunque

1882 1546 2175 1600 ascenderit
2221 1546 2490 1605 Dominus.
2521 1560 2644 1598 suos
2671 1556 2844 1597 tamen
2877 1561 2976 1597 non
3008 1544 3258 1606 deseruit,
3294 1546 3416 1611 quia

1882 1617 2045 1685 posuit
2075 1618 2316 1679 tenebras,
2351 1615 2399 1668 id
2441 1626 2520 1668 est
2547 1615 2815 1668 constituit
2841 1616 3208 1668 obscuritatem
3243 1630 3422 1685 sacra-

1885 1683 2175 1737 mentorum
2207 1685 2678 1739 ecclesiasticarum
2724 1685 2989 1737 latibulum
3032 1700 3196 1746 suum,
3243 1683 3290 1735 id
3338 1693 3419 1736 est

1887 1756 1936 1805 in
1983 1753 2172 1818 quibus
2202 1755 2366 1806 malos
2397 1754 2599 1806 lateret.
2632 1755 2739 1806 Non
2788 1755 2924 1806 enim
2975 1754 3092 1805 mali
3135 1753 3418 1805 advertunt

231 1827 414 1893 cipum
464 1825 831 1892 superborum,
878 1823 965 1890 qui
1016 1831 1173 1893 totam
1230 1821 1470 1893 fiduciam
1523 1834 1695 1893 snam
1731 1820 1779 1870 iit
1818 1835 1855 1890 Β
1886 1825 2113 1876 divinam
2153 1824 2394 1876 virtutem
2426 1824 2476 1893 in
2509 1824 3065 1893 ipsiiisdsacramentis.
3100 1821 3422 1873 Taberri'icu-

236 1888 472 1948 terrenis
523 1888 834 1960 posuerant,
885 1888 1174 1942 conturbata
1216 1899 1350 1951 sunt,
1384 1890 1432 1960 id
1459 1898 1555 1960 est.
1589 1888 1782 1955 pariter

229 1979 359 2016 eum
389 1957 757 2027 ipsis'turbata:
788 1969 906 2012 sunt
934 1977 945 2010 :
970 1960 1086 2022 quia
1114 1966 1388 2026 coeperunt
1417 1957 1516 2023 ipsi
1550 1967 1776 2020 montes,

237 2033 293 2084 id
327 2044 407 2084 est
437 2031 726 2096 principes.
775 2029 1016 2081 diflidcre
1068 2033 1115 2079 in
1157 2043 1250 2095 spe
1280 2040 1629 2084 terrenornm,
1662 2041 1780 2079 cuin

233 2102 487 2154 audirent
517 2100 778 2165 apostolos
801 2099 1038 2151 dicentes
1068 2114 1080 2148 :
1121 2096 1320 2150 Transit
1347 2097 1565 2148 mundus
1592 2106 1636 2146 et
1666 2111 1776 2146 con-

232 2171 546 2237 cupiscentia
579 2172 720 2237 ejus;
749 2179 819 2230 et,
869 2166 1038 2237 Nolite
1067 2182 1281 2232 Sperare
1311 2167 1363 2218 in
1396 2167 1591 2217 incerto
1639 2165 1781 2216 divi-

238 2236 437 2291 tiarum
470 2255 482 2290 :
517 2249 570 2292 et
600 2236 727 2304 post
779 2236 1228 2289 eottturbatimiem
1273 2243 1535 2288 commota
1567 2242 1688 2285 sunt
1717 2250 1780 2286 ex

236 2317 357 2361 toto
385 2310 470 2360 illa
502 2307 857 2368 fundamenta,
888 2319 1005 2356 cum
1035 2305 1236 2358 eisdem
1263 2304 1515 2371 apostolis
1561 2305 1778 2354 ltortan-

234 2379 384 2430 tibus
434 2377 582 2431 tnulti
637 2381 780 2441 prius
831 2373 1156 2427 conﬁdentes
1183 2375 1233 2426 in
1267 2374 1488 2426 terrenis
1517 2373 1622 2440 ipsa
1653 2387 1782 2425 con-

232 2455 571 2512 tempserunt
595 2462 608 2506 ;
639 2455 692 2498 et
720 2447 816 2496 boc
848 2443 965 2496 ideo
995 2443 1226 2510 quoniam
1255 2441 1504 2495 Dominus
1532 2444 1687 2512 iratus
1712 2449 1781 2493 est

228 2518 332 2577 eis,
359 2511 414 2568 id
445 2526 524 2570 εει
554 2517 670 2584 quia
716 2515 1000 2584 revelatum
1046 2523 1125 2564 est
1159 2513 1237 2566 eis
1266 2513 1393 2584 iram
1421 2511 1622 2584 Domini
1650 2526 1777 2562 ven-

231 2595 411 2637 turam
438 2580 595 2652 supei'
635 2599 842 2636 onmem
890 2580 1114 2652 animam
1163 2583 1448 2652 operanlis
1477 2581 1784 2652 malum._l£t

227 2655 284 2704 in
315 2655 395 2705 ira
422 2650 549 2722 ejus,
581 2654 630 2706 id
654 2663 736 2706 εει
759 2653 808 2704 in
835 2651 1134 2722 cognitione
1166 2651 1252 2702 ira:
1275 2650 1415 2722 ejus,
1441 2651 1487 2701 id
1511 2660 1591 2722 est
1622 2650 1782 2722 ipsius

232 2719 473 2789 Domini,
495 2739 666 2775 sumus
697 2740 713 2777 :
745 2723 795 2774 id
843 2730 924 2774 est
954 2720 1238 2789 lacrymosa
1269 2719 1589 2786 deprecitio,
1617 2719 1782 2787 pinni-

230 2793 456 2843 leutiam
481 2794 725 2850 ascendit,
774 2791 822 2843 id
871 2800 950 2842 νει
1005 2789 1340 2855 multiplicata
1396 2799 1492 2852 est,
1539 2801 1590 2841 et
1639 2789 1782 2841 illum

230 2859 440 2912 fumum
473 2861 678 2912 ﬂamma
712 2861 990 2913 subsecuta
1017 2867 1095 2909 est
1121 2897 1134 2916 ,
1166 2862 1283 2925 quia
1317 2859 1464 2926 ignis,
1496 2860 1543 2909 id
1571 2869 1650 2911 est
1682 2860 1784 2910 l'cr-

230 2944 333 2981 vor
363 2931 632 2984 charitatis
664 2969 678 2989 ,
731 2941 784 2981 et
839 2928 1045 2979 divinus
1072 2942 1219 2978 amor
1247 2930 1426 2978 eJ‘arsit
1460 2929 1509 2979 in
1540 2927 1785 2979 cordibus

229 3013 425 3068 eorum
473 3016 504 3051 a
549 2999 680 3066 [acie
723 3015 833 3068 qus
860 3038 873 3059 ,
909 2996 956 3048 id
993 3007 1070 3068 est
1105 3011 1196 3062 per
1225 2997 1574 3068 cognitionem
1624 2998 1784 3061 ipsius

230 3065 469 3121 Domini.
501 3064 565 3121 Et
593 3069 658 3121 ab
697 3064 760 3120 eo
793 3070 908 3135 igne
939 3064 1173 3118 carbones
1199 3106 1211 3124 ,
1245 3067 1293 3118 id
1325 3075 1407 3118 est
1433 3065 1507 3118 illi
1538 3069 1623 3129 qui
1663 3081 1780 3118 cum

232 3137 288 3188 in
324 3141 494 3204 primo
524 3138 735 3190 homine
766 3137 987 3189 fuissent
1020 3135 1300 3187 secundum
1327 3135 1646 3187 creationem
1679 3137 1783 3202 pri-

229 3221 379 3258 mam
404 3209 650 3259 ardentes
670 3246 683 3265 ,
718 3207 835 3258 facti
871 3211 992 3256 sunt
1019 3204 1068 3254 in
1097 3205 1280 3256 eodem
1315 3205 1585 3260 carbones.
1624 3205 1673 3256 id
1705 3213 1785 3257 est

228 3277 485 3329 exstincti
511 3277 576 3327 ab
599 3275 790 3327 ardore
821 3272 941 3325 boni
973 3271 1240 3336 desiderii,
1287 3283 1340 3324 ει
1386 3273 1648 3324 tenebrosi
1696 3289 1786 3325 ca-

231 3357 422 3397 rentes
451 3344 750 3411 cognitione
779 3343 1033 3402 veritatis,
1069 3357 1272 3411 rursum
1304 3344 1526 3393 succensi
1557 3354 1670 3394 sunt
1697 3357 1789 3408 per

230 3415 386 3466 illum
411 3409 604 3480 igne—nt,
634 3413 682 3467 id
717 3424 799 3468 est
828 3416 1068 3465 ardorem
1107 3409 1227 3464 boni
1259 3411 1504 3464 desiderii
1535 3426 1785 3478 saw-epe-

231 3493 380 3536 runt.
416 3484 476 3536 Et
504 3499 607 3551 quo
638 3483 822 3536 ordine
852 3484 1044 3536 factum
1069 3488 1149 3551 est
1178 3481 1276 3532 hoc
1301 3488 1544 3548 tauquam
1575 3497 1787 3547 l't'Simll-

230 3553 375 3606 deus
403 3550 532 3605 dicit
557 3571 569 3604 :
604 3554 852 3606 Dominus
883 3550 1139 3602 inclinavit
1169 3553 1314 3600 cce'os
1333 3591 1353 3612 ,
1379 3553 1425 3600 id
1468 3561 1548 3602 est
1576 3563 1788 3612 aposto-

228 3624 340 3686 lus,
386 3623 438 3674 in
479 3623 670 3689 quibus
728 3625 838 3688 ip-e
892 3621 1138 3689 sedebat,
1194 3618 1354 3689 juxta
1407 3619 1530 3668 illud
1566 3637 1574 3669 :
1609 3622 1787 3689 Anima

224 3691 364 3757 jusri
390 3688 528 3744 sedes
551 3704 620 3744 est
650 3691 906 3760 sapientia:
941 3688 1278 3760 :_iitclinavit,
1311 3688 1357 3738 id
1387 3700 1460 3760 est
1498 3688 1788 3760 liinuiliavit

229 3761 299 3811 ad
359 3775 543 3814 omnes
592 3758 893 3828 corporales
935 3758 1248 3811 afllietiones
1291 3758 1660 3828 sustinendus,
1695 3775 1785 3824 pro

230 3830 524 3884 dilectione
569 3847 660 3882 sua
692 3827 765 3883 iet
805 3843 896 3894 pro
925 3835 1094 3881 salute
1125 3830 1342 3879 fratrum
1382 3867 1394 3888 ,
1428 3827 1478 3878 in
1509 3843 1612 3893 quo
1641 3830 1784 3881 dedit

231 3899 356 3951 aliis
383 3901 680 3966 exemplum
709 3940 724 3961 ,
759 3913 808 3952 et
838 3909 891 3950 ut
921 3899 1081 3949 Dcuut
1113 3898 1388 3962 diligerent
1416 3936 1430 3958 ,
1458 3907 1538 3966 iet
1585 3899 1784 3966 animus

235 3984 337 4034 pro
361 3965 608 4020 fratribus
637 3971 764 4020 dare
824 3983 924 4018 non
971 3967 1287 4019 dubitarent.
1322 3965 1468 4030 Quod
1508 3965 1702 4030 profuit
1732 3978 1786 4020 nt

231 4038 500 4098 carbones
529 4037 994 4089 succendercntur.
1029 4035 1092 4088 Et
1124 4035 1417 4087 inclinando
1459 4034 1620 4088 caelos
1649 4037 1784 4101 ipse-

240 4115 354 4158 met
385 4107 436 4158 in
481 4108 558 4158 eis
588 4106 854 4157 descendit
883 4106 945 4157 ad
979 4108 1274 4157 tolerandas
1306 4104 1516 4156 easJein
1544 4104 1783 4156 afﬂictio-

229 4191 354 4228 nes.
385 4178 480 4240 Qtti
509 4176 646 4226 enim
677 4177 804 4226 dixit
834 4193 844 4226 :
881 4173 1036 4227 Venio
1066 4173 1276 4226 Romam
1305 4174 1482 4225 iterum
1507 4175 1734 4240 cruciﬁgi
1767 4219 1781 4240 ,

230 4255 375 4298 sicut
404 4247 681 4298 crucifixus
709 4256 784 4296 est
817 4245 864 4295 in
899 4245 1072 4301 l’etro.
1097 4245 1166 4296 ita
1199 4244 1460 4308 lapidatus
1481 4253 1561 4296 cst
1588 4242 1639 4295 in
1663 4245 1781 4296 Ste-

234 4315 414 4381 plian'o
440 4354 453 4372 .
503 4324 556 4367 et
613 4315 663 4365 iii
713 4317 916 4366 caeteris
948 4315 1207 4367 similiter.
1237 4315 1298 4366 Et
1330 4314 1379 4364 in
1417 4314 1783 4366 descendendo

230 4387 424 4452 caligo,
455 4383 504 4436 id
554 4395 632 4435 est
677 4398 882 4436 amores
915 4391 1238 4436 terrenorum
1265 4422 1280 4444 ,
1320 4383 1407 4450 qui
1442 4384 1665 4450 caligine
1693 4401 1783 4434 ue-

230 4454 419 4519 quitia:
449 4469 557 4503 sua:
587 4452 752 4504 Deuiu
796 4469 896 4504 non
928 4455 1346 4519 eiigitoscebanl,
1389 4463 1535 4504 erant
1568 4457 1657 4503 sub
1690 4470 1776 4517 pe-

232 4524 387 4575 dibus
419 4524 529 4591 ejus
575 4529 627 4571 et
656 4535 871 4572 suorum
904 4523 966 4571 ad
1000 4521 1392 4573 similitudinem
1425 4538 1436 4570 :
1468 4525 1582 4585 quia
1613 4537 1773 4586 quan-

233 4608 398 4660 quam
440 4592 738 4660 viderentur
786 4591 1218 4660 excellentiores,
1273 4591 1368 4652 ipsi
1423 4591 1689 4655 caliginosi
1724 4602 1776 4642 et

234 4658 354 4729 ipse
380 4672 432 4714 et
460 4664 538 4712 sui
569 4658 843 4712 inferiores
873 4671 923 4710 et
952 4659 1214 4729 inclinati,
1246 4662 1363 4729 quia
1417 4660 1776 4726 afﬂigebaniur

231 4727 474 4794 abillis,
509 4741 682 4782 tamen
735 4731 784 4782 iti
839 4731 911 4782 rei
953 4727 1169 4781 veritate
1215 4727 1360 4789 quasi
1408 4730 1506 4779 sub
1561 4731 1776 4789 pedibus

231 4802 615 4853 conculcabant
644 4801 780 4862 illos,
804 4813 922 4864 quia
951 4798 1351 4850 coiitemuebant
1391 4806 1445 4848 ει
1472 4798 1778 4851 deridebant

237 4871 379 4933 idos,
427 4881 481 4920 ut
510 4871 751 4936 egregius
781 4868 866 4921 ille
895 4877 1122 4935 martyr,
1152 4869 1236 4932 qui
1269 4875 1544 4932 tyranuum
1578 4867 1628 4918 in
1662 4883 1776 4931 pas-

233 4939 390 4990 sione
419 4954 508 4989 sua
541 4939 722 4990 derisit
748 4939 930 4990 dicens
963 4955 974 4987 2
1008 4941 1212 4989 Assatus
1243 4950 1383 4998 sum,
1405 4937 1518 5001 jam
1563 4950 1702 4988 uersa
1730 4946 1775 4988 et

234 5008 507 5058 manduca.

309 5075 377 5127 Et
409 5075 628 5127 ascendit
657 5091 805 5134 super
830 5076 917 5127 c/te
946 5077 1084 5128 ubin.
1133 5071 1400 5125 Descendit
1431 5072 1638 5138 quidem
1676 5073 1777 5124 Dii-

234 5148 410 5196 tninus
444 5150 491 5196 iit
525 5147 672 5197 uelis
703 5147 985 5206 inclinatis,
1018 5155 1071 5197 ct
1102 5155 1271 5195 tait.en
1301 5143 1349 5193 itt
1381 5142 1638 5194 descensu
1686 5146 1776 5194 tllo

235 5216 477 5267 a~ccndit
539 5229 697 5278 super
749 5216 1024 5265 cherubin.
1077 5214 1338 5267 Cherubin
1405 5211 1775 5277 interpretatur

231 5285 500 5349 plenitudo
540 5283 778 5334 scientias.
826 5282 982 5350 iteite
1009 5298 1132 5350 ergo
1163 5284 1514 5348 intelliguntur
1541 5297 1631 5346 per
1652 5283 1774 5333 cite-

236 5353 393 5404 tubin
443 5353 774 5405 dilectionem
824 5349 914 5402 Dei
964 5365 1014 5403 et
1062 5349 1282 5416 proximi
1334 5354 1607 5412 habentes,
1654 5369 1769 5416 qua:

233 5424 429 5482 duplex
463 5424 674 5477 dilectio
720 5431 795 5471 est
845 5421 1111 5483 plenitudo
1158 5424 1413 5486 scientir,
1445 5423 1561 5488 quia
1614 5421 1662 5469 iu
1699 5421 1774 5471 liis

231 5491 433 5541 duobus
464 5493 723 5558 parcentis
769 5492 1048 5540 camini-tur
1077 5501 1176 5542 tota
1206 5493 1283 5544 lex.
1327 5502 1370 5541 et
1406 5491 1678 5555 prop/tene.
1715 5491 1777 5540 l‘lt

232 5566 319 5610 est
364 5573 554 5611 sensus
583 5578 593 5610 :
627 5564 1090 5624 Quantumcunque
1138 5559 1383 5611 Dominus
1412 5561 1478 5610 liu
1509 5600 1513 5605 .
1542 5559 1779 5610 iliaretur

235 5629 288 5680 in
315 5628 599 5681 aluit-tione
625 5644 835 5682 suorum
866 5628 999 5694 apud
1033 5628 1418 5689 malos,‘tanten
1444 5629 1661 5678 ascendit
1694 5646 1777 5677 su-

241 5711 331 5760 ΡΩ·
357 5697 614 5760 cherubin,
661 5699 710 5749 id
752 5707 834 5750 est
881 5697 1076 5751 sanetis
1128 5699 1498 5765 pletiitudineiit
1546 5697 1777 5750 srienth

1883 1897 1984 1942 lunt
2027 1903 2198 1945 autem
2226 1894 2354 1961 ejus,
2397 1892 2444 1943 id
2492 1900 2573 1943 est
2618 1891 2899 1943 militantes
2938 1892 3007 1953 ei,
3039 1905 3166 1952 quos
3218 1893 3417 1961 ipsein

1885 1962 2123 2024 priesenti
2154 1962 2218 2014 ad
2262 1972 2464 2024 tempus
2492 1969 2734 2027 tanquam
2783 1961 3172 2013 tabernaeulmu
3204 1960 3409 2010 inhabi-

1884 2039 1977 2090 tat,
2003 2032 2052 2083 iu
2086 2030 2259 2084 futuro
2282 2041 2454 2082 autem
2483 2029 2799 2083 :eterualiter
2829 2030 3172 2082 inbab'tabit:
3200 2028 3268 2081 illi
3295 2037 3419 2081 sunt

1882 2100 1932 2151 in
1975 2101 2185 2152 circuitu
2231 2104 2360 2170 ejus.
2406 2100 2455 2151 id
2488 2108 2569 2154 est
2612 2099 2882 2153 manifeste
2913 2100 3090 2151 vident
3128 2108 3179 2150 et
3223 2114 3420 2153 coeno-

1883 2179 2033 2222 scunt
2058 2186 2174 2222 cum
2216 2169 2264 2222 in
2311 2171 2438 2234 ipsis
2479 2171 2840 2231 sacramentis,
2875 2171 3010 2222 sicut
3038 2171 3120 2234 qtti
3154 2169 3291 2220 circa
3323 2172 3422 2219 a'i-

1882 2256 2034 2296 quem
2067 2249 2205 2300 sunt,
2237 2240 2408 2291 vident
2448 2240 2592 2290 illum
2620 2237 2754 2288 circa
2780 2253 2934 2305 quem
2964 2249 3104 2289 sunt.
3135 2239 3222 2290 Vel
3250 2238 3424 2290 aliter.

1885 2306 2060 2359 Posuit
2085 2311 2302 2360 tenebras
2331 2307 2589 2358 latibulum
2613 2321 2776 2363 suum.
2806 2308 2852 2357 id
2882 2317 2959 2359 est
2983 2312 3240 2358 occultam
3268 2323 3412 2360 suum

1884 2377 1933 2429 in
1962 2378 2206 2431 cordibus
2238 2377 2484 2436 titlelinin,
2518 2379 2564 2426 in
2612 2392 2706 2443 qui
2743 2376 2956 2436 lateret‘,
3005 2392 3104 2426 non
3137 2391 3228 2427 eos
3257 2375 3413 2427 dese-

1884 2462 2024 2503 rens,
2054 2449 2212 2500 etiam
2244 2449 2291 2499 in
2326 2448 2404 2498 bis
2431 2447 2658 2499 tenebris
2689 2446 2962 2497 mundanis
2991 2447 3040 2497 in
3087 2447 3273 2510 quibus
3305 2459 3412 2495 ain-

1885 2518 2120 2568 bulamus
2152 2533 2240 2578 per
2267 2532 2409 2582 spem
2441 2526 2490 2567 ct
2528 2532 2628 2566 tmn
2678 2531 2768 2580 per
2798 2517 3051 2581 Speciem.
3082 2513 3229 2578 Quod
3281 2528 3418 2566 nunc

1882 2598 1981 2641 est.
2013 2587 2224 2649 quando
2260 2601 2358 2636 ΙΙΟιι
2395 2586 2632 2637 videmus
2675 2586 2815 2650 quod
2863 2600 3153 2652 speramus,
3185 2583 3274 2634 sed
3334 2597 3424 2632 oar

1884 2654 2184 2720 patientiam
2233 2663 2632 2718 exspet-tamiis:
2675 2663 2727 2706 ct
2769 2667 2844 2705 est
2894 2655 3286 2719 :Pquipollenter
3338 2657 3420 2703 ti.-

1883 2739 2022 2782 cere,
2052 2723 2293 2776 Dentinus
2321 2739 2420 2774 non
2452 2723 2682 2776 deseruit
2709 2739 2854 2781 suos,
2881 2725 2999 2790 quia
3033 2727 3080 2776 iu
3112 2725 3420 2791 quibusdam

1885 2804 1960 2845 est
2011 2809 2101 2855 per
2130 2793 2382 2845 occultam
2429 2807 2597 2856 Spem,
2630 2792 2767 2857 quod
2822 2810 2958 2845 nunc
3000 2795 3191 2846 dictum
3228 2805 3336 2855 est;
3374 2792 3424 2843 iit

1884 2862 2192 2926 quibusdam
2224 2872 2303 2914 est
2355 2877 2442 2926 per
2489 2860 2812 2913 maiiife~taut
2861 2865 3240 2928 operationem,
3286 2860 3423 2925 quod

1883 2931 2116 2991 sequitur
2162 2945 2279 2982 cum
2320 2931 2464 2987 dicit.
2499 2930 2890 2980 Tubernacutviin
2939 2935 3067 2995 ejus,
3101 2933 3146 2980 id
3182 2942 3279 2990 est,
3314 2944 3421 2980 ma-

1885 2999 2070 3052 nifeste
2100 3000 2374 3052 militantes
2403 3000 2472 3059 ci,
2504 2998 2591 3062 qui
2639 2999 3024 3050 taberniculum
3055 3012 3195 3060 sunt,
3233 3011 3281 3050 ut
3328 3013 3418 3048 su-

1885 3084 1974 3135 pra
2002 3071 2196 3121 dictum
2225 3081 2303 3122 est
2330 3087 2340 3120 :
2373 3078 2493 3122 sunt
2518 3070 2568 3121 in
2595 3069 2802 3120 circuitu
2830 3071 2958 3138 ejus,
2993 3070 3042 3121 id
3072 3079 3149 3120 est
3178 3070 3418 3121 videntur

1886 3154 2001 3191 cum
2049 3140 2248 3192 ambire
2275 3147 2327 3190 et
2368 3150 2546 3199 aperte
2593 3154 2930 3204 cogito-cere,
2975 3139 3089 3205 quia
3119 3141 3230 3206 ejus
3260 3152 3415 3206 opera

1893 3207 2164 3260 manifeste
2193 3220 2490 3272 operantur.
2528 3208 2689 3261 Nemo
2727 3217 2894 3260 tamen
2927 3204 3256 3262 militantium
3289 3204 3422 3257 arbi-

1893 3285 2056 3328 tretur
2087 3291 2177 3342 per
2203 3276 2334 3328 banc
2359 3278 2711 3346 cognitionem
2739 3293 2796 3331 se
2822 3293 2938 3330 esse
2962 3280 3012 3331 in
3039 3279 3149 3331 luce
3175 3280 3340 3332 futura
3354 3276 3417 3346 in

1888 3346 2308 3399 maiiil‘estatione
2356 3346 2518 3411 ipsius
2551 3347 2659 3406 Dei,
2695 3348 2901 3412 qu:me
2927 3364 3044 3400 eum
3093 3349 3221 3400 facie
3253 3349 3313 3396 ad
3346 3345 3420 3397 fa-

1886 3416 2019 3467 ciem
2065 3415 2330 3476 videbunt,
2359 3417 2474 3482 quia
2502 3430 2682 3484 omnes
2716 3417 3001 3484 prophetiae
3041 3427 3093 3467 et
3121 3416 3421 3481 :tp:t~lttlit3;l:

1886 3486 2188 3549 Scriptura),
2223 3499 2314 3550 per
2334 3499 2462 3550 quas
2493 3483 2613 3535 illud
2646 3483 2907 3536 tantillum
2940 3487 3255 3550 Cognitionis
3280 3486 3414 3543 qttntl

1889 3553 2082 3606 habent
2123 3565 2484 3619 perceperunt,
2519 3562 2552 3603 ιι
2573 3552 2808 3604 ιιειιιοείιι
2837 3565 3083 3618 quantum
3116 3557 3177 3604 ad
3211 3555 3417 3604 i-lai-ita-

1889 3631 1988 3672 tem
2016 3624 2150 3676 illius
2179 3623 2306 3674 locis
2337 3634 2477 3674 sunt.
2496 3622 2641 3686 Quod
2666 3623 2743 3672 sic
2771 3622 2896 3673 dicit
2921 3641 2932 3675 :
2956 3625 3113 3690 Aqua,
3137 3625 3181 3674 id
3207 3633 3306 3683 est,
3327 3627 3418 3671 do-

1884 3693 2075 3761 ctrina,
2109 3693 2285 3761 rigaus
2311 3691 2466 3744 corda
2494 3691 2627 3743 sicut
2657 3701 2852 3761 terrain
2881 3705 3043 3754 aqua;
3071 3709 3162 3744 ens
3203 3694 3252 3744 in
3278 3692 3420 3761 nubi-,

1885 3760 1992 3819 bus,
2026 3760 2074 3812 id
2097 3760 2249 3814 estin
2276 3761 2561 3828 ριόιιίιιτιιε,
2581 3760 2666 3826 ιιιιί
2698 3775 2790 3812 ιιυε
2813 3762 2908 3814 sub
2931 3763 3056 3826 alto,
3085 3763 3131 3812 id
3155 3773 3233 3814 est
3255 3779 3281 3811 ει
3308 3763 3419 3812 lou-

1885 3832 2100 3895 ginqua,
2131 3831 2284 3882 sicuti
2319 3832 2483 3882 nubes
2510 3831 2745 3882 doctrina
2793 3845 2883 3882 sua
2929 3832 3333 3899 coinpluerunt:
3367 3839 3420 3882 et

1884 3913 2012 3964 aqua
2054 3899 2191 3952 aeris
2242 3899 2394 3967 bujns
2439 3902 2522 3968 qui
2563 3901 2658 3952 sub
2705 3900 2926 3952 nubibus
2972 3910 3072 3960 est,
3122 3902 3168 3951 id
3210 3914 3289 3952 εει
3328 3901 3420 3951 tlo-

1884 3973 2049 4020 ctrina
2103 3970 2490 4036 apostolorum,
2534 3971 2620 4038 qui
2666 3972 2763 4022 sub
2813 3971 3077 4035 proiibetis
3121 3981 3260 4030 sunt,
3296 3969 3412 4031 quia

1884 4038 2023 4088 dicta
2070 4055 2251 4092 eorum
2302 4049 2605 4106 espouunt:
2638 4047 2689 4090 et
2732 4038 3068 4100 designantur
3099 4054 3189 4098 per
3219 4054 3417 4099 aet-ein,

1883 4107 2226 4176 quidvicinior
2269 4119 2348 4176 est
2398 4117 2548 4160 terrae
2596 4123 2750 4173 quant
2799 4107 2981 4168 nubes,
3012 4110 3133 4176 quia
3185 4121 3419 4172 tempore

1885 4175 2033 4226 nobis
2058 4175 2331 4245 propinqui
2357 4185 2494 4236 sunt,
2520 4183 2573 4228 et
2601 4178 2866 4228 veritatem
2891 4175 3121 4240 apertius
3151 4179 3421 4245 proiilietis

1883 4256 2166 4304 eitponuut.
2199 4244 2442 4312 Utraque,
2477 4248 2704 4310 inquam,
2739 4246 2845 4296 lucc
2875 4248 3106 4298 doctrina
3153 4244 3230 4300 est
3268 4256 3420 4299 tene-

1887 4313 2038 4365 bt'osa
2073 4330 2174 4380 pra!
2206 4316 2401 4382 fulgore
2433 4315 2566 4366 ilius
2597 4315 2834 4382 fulgentis
2862 4327 2913 4367 ct
2939 4318 3094 4367 clara:
3127 4317 3275 4376 lucis,
3305 4333 3418 4380 quat

1887 4385 2053 4433 littora
2082 4396 2159 4453 est
2186 4387 2236 4436 in
2266 4394 2529 4453 conspecta
2553 4385 2680 4452 ejus,
2715 4385 2763 4435 id
2792 4394 2871 4436 est
2903 4387 2952 4436 in
2999 4385 3416 4438 manifestatione

1887 4453 2047 4514 ipsius
2079 4451 2302 4513 Domini,
2331 4451 2535 4517 quando
2565 4451 2939 4521 cognoscemus
2969 4456 3103 4506 sicut
3130 4463 3184 4506 et
3223 4454 3414 4519 cogniti

1882 4535 2080 4592 sumus.
2116 4523 2290 4573 l’otest
2324 4523 2493 4592 aliter
2531 4539 2737 4588 Quoque
2766 4523 2890 4574 satis
2922 4538 3152 4592 congrue
3183 4525 3278 4586 leui
3325 4539 3410 4573 su-

1880 4591 2053 4654 pci'ior
2082 4605 2284 4643 versus.
2322 4589 2430 4646 ille,
2469 4589 2733 4642 Inclinuttit
2773 4593 2942 4659 (celos,
2971 4589 3328 4653 et'rlesceudit,
3361 4601 3415 4640 ut

1880 4663 1942 4710 ita
1976 4660 2175 4711 ιιὶεςιιιιι·
2200 4678 2210 4711 ;
2239 4660 2352 4723 Quo
2376 4659 2559 4712 ordine
2588 4661 2776 4712 factum
2802 4675 2881 4714 est
2911 4665 3045 4729 quod
3077 4668 3207 4730 ignis
3231 4671 3414 4712 ειμι-ενι

1880 4731 1927 4780 iu
1958 4731 2251 4795 cognitione
2283 4730 2371 4781 irse.
2406 4730 2630 4792 Domini,
2661 4742 2711 4783 et
2740 4735 2975 4783 carbones
3017 4733 3236 4784 succensi
3265 4742 3407 4781 sunt.

1881 4801 1988 4851 lloc
2031 4801 2230 4850 scilicet
2267 4799 2440 4857 modo,
2483 4800 2598 4864 quia
2653 4800 2899 4851 Dominus
2952 4801 3101 4852 Pater
3149 4801 3407 4851 inclinavit

1877 4873 2042 4929 actos,
2075 4870 2120 4920 id
2151 4879 2232 4920 est
2260 4869 2550 4919 liuinili.i\'it
2585 4871 2848 4931 apostolos
2878 4884 3020 4927 suos.
3049 4881 3101 4922 ut
3147 4872 3293 4921 nobis
3320 4886 3406 4920 sa-

1881 4950 2078 5002 pet-ent,
2108 4949 2159 4990 ct
2184 4937 2470 4988 ἀυι-ιιίιι,ιιιι
2498 4951 2643 4988 siam
2669 4941 2938 4999 capacitali
2972 4951 3163 4991 nostra:
3193 4939 3402 5002 adapta-

1879 5018 2010 5057 r--nt.
2062 5008 2338 5072 liriguntur
2368 5021 2570 5072 quoque
2614 5007 2660 5054 lti
2706 5006 2843 5065 εωὶἰ,
2879 5017 3053 5060 mente
3100 5010 3206 5061 Deo
3248 5021 3404 5058 exce-

1877 5079 2023 5135 dunt,
2057 5077 2254 5128 seilicct
2306 5075 2510 5139 quando
2559 5075 2676 5124 talia
2721 5077 2785 5123 de
2828 5075 3002 5127 divina
3052 5078 3276 5130 essentia
3322 5075 3403 5126 lo-

1877 5157 2103 5207 quuntur
2133 5145 2194 5195 ad
2224 5160 2337 5207 «ιιιε
2368 5162 2465 5194 non
2500 5146 2631 5194 valet
2671 5145 2963 5208 pertingere
3001 5147 3290 5197 communis
3321 5145 3397 5194 in.

1880 5213 2113 5263 tclectus
2165 5214 2450 5264 hominum.
2483 5213 2546 5267 Ut
2598 5213 2681 5265 ille
2719 5217 2804 5278 qui
2849 5214 3010 5265 dicit:
3045 5215 3104 5265 In
3154 5215 3400 5274 princiuio

1878 5291 1980 5332 erat
2019 5281 2249 5337 Verbum
2280 5297 2326 5335 et
2363 5285 2572 5351 reliqua.
2607 5285 2915 5335 luclinaiitur
2940 5299 3079 5344 vero,
3111 5285 3315 5346 quando
3345 5284 3395 5335 iu

1879 5365 1967 5401 sua
2000 5352 2233 5402 doctiina
2265 5368 2289 5402 ε
2313 5355 2436 5404 ιὺτιε
2462 5354 2683 5420 sapiunt,
2717 5358 2954 5404 humana:
2976 5353 3394 5404 condescendeu-

1879 5419 2059 5471 dentes
2094 5423 2397 5474 Inliriuitati.
2430 5424 2492 5474 Et
2526 5419 2748 5487 ipsemet
2777 5420 3026 5472 Dominus
3051 5419 3393 5487 ilesttenditiu

1880 5490 1987 5554 ipsa
2031 5488 2383 5552 inclinatione,
2413 5506 2532 5542 cum
2555 5484 2670 5542 'nou
2703 5490 2821 5556 ipsi.
2851 5491 2939 5544 sed
2991 5488 3156 5552 potius
3189 5490 3298 5553 ipse
3323 5484 3395 5538 ~‘iu

1879 5561 1955 5610 cis
1989 5558 2280 5630 loqueretur
2308 5577 2317 5608 :
2347 5572 2394 5611 et
2430 5560 2526 5612 ltoc
2557 5554 2927 5630 Itttiduvcaligo,
2961 5558 3115 5630 idest
3146 5565 3404 5630 nutritores

1882 5629 2088 5688 mundi,
2121 5628 2205 5692 qui
2238 5631 2381 5691 prius
2411 5640 2558 5682 erant
2591 5626 2874 5692 tenebrosi,
2908 5629 3024 5681 facti
3066 5635 3185 5679 sunt
3212 5626 3299 5677 sub
3328 5642 3407 5692 pe-

1881 5699 2024 5748 dibus
2057 5699 2193 5764 ejus,
2228 5699 2273 5748 id
2323 5709 2400 5750 est
2447 5701 2539 5751 sub
2583 5699 2940 5752 :t-‘l'cclionibus
2982 5699 3139 5765 ipsius
3171 5697 3392 5770 llotttiut,
