3912 6230
570 371 667 425 671

566 494 685 546 quia
734 487 881 532 erant
923 493 973 531 tn
1015 477 1264 545 apostolis
1296 495 1312 546 :
1337 476 1468 546 tales
1496 475 1659 542 depos

567 543 863 602 affectiones
903 543 1062 609 suas,_
1082 554 1133 599 et
1168 544 1506 598 subdiderunt
1525 558 1582 597 se
1603 543 1980 609 spiritualilnts.

641 614 702 667 Et
730 616 948 667 ascendit
973 630 1122 681 super
1146 614 1420 667 cherubim.
1449 612 1541 681 Hic
1581 626 1764 665 versus
1791 619 2095 681 nouimuta-

572 694 677 739 tur.
722 685 958 747 Sequi-ns
986 678 1107 735 vero
1135 696 1317 735 versus
1339 680 1486 749 juxta
1515 680 1654 734 illam
1676 680 1995 733 sententiam
2026 678 2094 749 Ain

566 769 667 819 qua
696 753 860 819 caligo
887 753 984 804 sub
1015 752 1230 815 pedibus
1248 747 1390 819 eius,
1424 750 1475 801 in
1520 750 1659 819 malo
1688 749 1995 819 accipimus,
2025 747 2092 798 ita

569 812 742 886 potest
768 812 863 888 |€gi
896 830 946 870 ut
974 812 1213 871 dicatur:
1245 812 1496 870 Dominus
1519 817 1727 884 quidem
1773 816 1967 888 volavit
2004 829 2094 888 su-

569 884 661 951 per
688 884 884 957 pennas
914 898 1205 957 ventorum.
1234 894 1297 939 et’
1323 893 1500 957 tamen
1532 900 1654 957 suos
1688 900 1791 937 non
1816 884 2049 957 deseruit
2075 901 2088 935 :

564 952 766 1025 quia—et
790 972 911 1008 usus
937 965 1017 1008 est
1040 955 1190 1025 malis
1210 953 1760 1025 occulte_ad_ipsorutti
1777 952 2088 1025 utilitatem,

564 1019 619 1079 et
667 1026 975 1092 quibusdam
1024 1024 1173 1075 bonis
1218 1019 1615 1090 perfectioribus
1653 1019 1927 1092 manifeste
1966 1036 2090 1074 usus

563 1103 647 1147 est
685 1089 748 1147 ad
779 1095 996 1145 aliorum
1030 1089 1280 1144 bonorum
1313 1092 1482 1143 minus
1513 1092 1855 1154 perfectorum
1897 1089 2092 1142 instru-

564 1164 811 1214 ctionem.
855 1162 1001 1227 Quod
1050 1162 1125 1213 sic
1171 1160 1331 1213 dicit:
1368 1158 1618 1211 Dominus
1660 1159 1822 1227 posuit
1865 1159 2092 1227 tenebras

566 1232 854 1294 latibulum,
888 1231 934 1282 id
966 1239 1043 1281 est
1072 1227 1330 1281 ordinavit
1376 1227 1682 1281 tenebeosos
1727 1226 1865 1277 viros
1896 1226 2088 1277 latibu-

567 1299 670 1350 lum
719 1306 892 1360 Suum,
921 1298 968 1350 id
996 1307 1095 1361 est,
1131 1311 1222 1362 per
1250 1309 1382 1363 quos
1424 1295 1641 1348 latenter
1688 1303 1993 1363 operaretur
2022 1296 2086 1347 ad

565 1368 841 1419 utilitatem
874 1381 1108 1418 suorum.
1133 1360 1334 1431 'linpi'ns
1360 1364 1499 1416 enim
1542 1363 1668 1414 vivit
1699 1360 1781 1428 pio
1825 1377 1917 1430 per
1958 1362 2088 1418 divi-

564 1450 681 1486 nam
710 1435 1121 1499 diSpositionetn,
1148 1432 1284 1498 quod
1315 1444 1484 1484 tamen
1509 1432 1620 1498 ipse
1642 1432 1828 1494 impius
1858 1432 2079 1499 ignorat.

562 1502 714 1556 Juxta
748 1503 905 1555 illud:
945 1501 1098 1569 Virga
1139 1502 1324 1570 furoris
1354 1501 1449 1553 mei
1480 1501 1654 1563 Assur,
1696 1500 1807 1566 ipse
1836 1514 1961 1553 vero
2006 1501 2086 1553 iti-

566 1571 783 1623 tellexit.
814 1570 1201 1623 Titbernaculum
1240 1579 1416 1622 autem
1456 1570 1565 1638 ejus
1607 1571 1659 1622 in
1699 1570 1909 1621 circuitu
1950 1570 2081 1636 ejus,

564 1640 613 1691 id
644 1649 742 1701 est,
776 1641 892 1691 boni
926 1638 1196 1691 manifeste
1221 1639 1271 1690 itt
1301 1639 1545 1703 aperibos
1571 1638 1680 1689 suis
1719 1639 1997 1690 ostendunt
2027 1653 2085 1690 se

563 1723 879 1775 cognoscere
902 1709 1083 1768 Deum,
1102 1719 1146 1760 et
1172 1708 1246 1759 sic
1262 1705 1624 1775 Dominusper
1649 1705 1788 1771 ipsos
1809 1705 1924 1757 aliis
1948 1720 2082 1773 pra:-

566 1774 649 1829 bct
668 1779 986 1848 exemptum.
1009 1778 1183 1848 Potest
1210 1788 1414 1848 quoque
1423 1774 1617 1848 eadem
1647 1783 1887 1848 manente
1912 1775 2079 1848 conti-
2111 1787 2158 1848 Β

567 1845 809 1898 nuatinue
829 1846 925 1897 hoc
942 1845 1073 1896 idem
1094 1844 1264 1895 taliter
1281 1842 1404 1895 dici.
1423 1842 1669 1895 Dominus
1687 1844 1848 1909 posuit
1863 1844 2085 1895 tenebras

562 1912 830 1964 latibulum
850 1928 1013 1974 suum,
1035 1913 1083 1963 id
1100 1920 1181 1964 est
1201 1914 1320 1964 fecit
1338 1925 1525 1976 corpus
1542 1924 1735 1975 meum,
1754 1926 1844 1977 per
1861 1912 2084 1965 Verbum

567 1982 664 2049 sibi
716 1981 1010 2049 adjnnctum
1049 1980 1319 2033 latibulum
1360 1994 1532 2041 suum,
1566 1989 1628 2049 ut
1666 1981 1849 2033 lateret
1889 1980 2089 2033 scilicet

566 2047 1391 2115 impiosﬁTttlternaculumautem
1420 2050 1547 2113 ejus,
1582 2047 1631 2099 id
1657 2058 1758 2111 est,
1790 2049 2009 2116 apostoli
2036 2056 2089 2101 et

561 2120 757 2179 etcteri,
787 2120 970 2186 quibus
993 2120 1101 2181 ipse
1118 2133 1205 2184 per
1226 2117 1584 2182 operationem
1603 2117 1791 2170 bonam
1815 2117 2085 2170 manifeste

562 2185 833 2250 inhabitat,
869 2188 940 2239 illi
969 2196 1090 2239 sunt
1120 2188 1168 2238 in
1199 2186 1413 2238 circuitu
1442 2187 1571 2254 ejus,
1604 2185 1653 2238 id
1680 2195 1761 2238 est
1790 2194 1973 2254 aperte
1988 2200 2084 2238 co-
2126 2219 2135 2223 -

561 2268 815 2319 gnuscunt
845 2272 985 2318 eum,
1019 2267 1069 2307 et
1111 2257 1187 2307 sic
1213 2254 1351 2322 quod
1390 2252 1547 2307 de'eo
1576 2254 1777 2317 dicunt,
1808 2252 2085 2308 manifeste

564 2324 762 2375 dicunt.
792 2326 937 2389 Quod
984 2328 1333 2377 necessarium
1367 2322 1462 2375 fuit
1503 2333 1713 2390 propter
1754 2324 2084 2391 propheticas

563 2392 861 2456 Scripturas
904 2392 1228 2457 aperiendas.
1258 2392 1384 2444 Nam
1416 2408 1577 2457 aqua,
1609 2392 1658 2443 id
1706 2404 1786 2445 est
1823 2392 2082 2455 doctrina,

564 2462 795 2527 existens
821 2462 870 2511 in
900 2462 1101 2512 nubibus
1132 2460 1283 2527 hujus
1323 2461 1473 2524 aeris,
1504 2460 1552 2511 id
1581 2468 1661 2513 est
1701 2461 1750 2513 in
1795 2461 2082 2526 praphetis,

562 2528 648 2592 qui
682 2525 731 2579 in
761 2544 817 2581 se
846 2534 1110 2580 continent
1154 2525 1350 2589 aerem,
1384 2528 1431 2579 id
1458 2539 1537 2581 est
1579 2529 1864 2595 apostolos,
1894 2533 1980 2597 qui
2012 2528 2085 2596 ip~

564 2610 652 2647 sos
694 2608 959 2662 exponunt
998 2612 1114 2651 es~e
1145 2603 1417 2650 tenebrosa
1449 2612 1557 2664 prae
1586 2598 1806 2665 fulgore,
1832 2597 1880 2650 id
1910 2606 1991 2650 est
2017 2598 2084 2649 ad

561 2668 999 2730 comparationem
1029 2666 1281 2719 doctrina:
1324 2667 1583 2733 fulgentis,
1613 2682 1729 2733 quae
1756 2678 1837 2719 est
1876 2668 1923 2717 itt
1954 2681 2081 2718 cou-

564 2745 740 2797 spectu
772 2733 907 2801 ejus,
938 2736 984 2786 id
1014 2745 1094 2787 est
1135 2736 1184 2785 in
1216 2735 1340 2800 ipsis
1369 2736 1640 2799 apostolis,
1667 2734 1754 2800 qui
1784 2750 1918 2786 nunc
1959 2749 2083 2787 con-

563 2811 774 2867 spectus
823 2803 1052 2865 Domini,
1082 2803 1200 2869 quia
1246 2803 1362 2870 ejus
1405 2803 1734 2855 convictores
1774 2802 1999 2866 fuerunt,
2032 2813 2084 2857 t-t

564 2870 703 2932 ipsos
755 2872 914 2923 vet-bo
959 2884 1010 2925 et
1055 2872 1293 2938 exemplo
1333 2872 1529 2925 docuit.
1578 2871 1631 2924 in
1674 2871 1897 2925 nubibus
1943 2874 2081 2927 aeris

562 2938 698 3002 dico,
730 2954 844 3004 qute
876 2943 1037 2992 nubes
1082 2956 1173 3007 per
1222 2941 1387 3005 ipsmn
1431 2954 1606 2994 aerem
1651 2942 1981 3006 transierunt,
2030 2944 2077 2993 id

560 3015 657 3067 est,
692 3010 960 3061 transitum
1009 3013 1257 3063 fecerunt.
1303 3009 1431 3063 Nam
1482 3011 1769 3077 prophetas,
1806 3011 1891 3076 qui
1938 3011 2081 3077 prius

562 3076 697 3139 apud
728 3078 935 3130 Judasns
977 3090 1173 3130 tantum
1204 3086 1379 3141 erant,
1413 3076 1501 3143 per
1544 3079 1807 3143 apostolos
1861 3076 2079 3141 ab'ipsis

560 3144 753 3196 Jndmis
783 3150 845 3197 ad
887 3158 1063 3209 gentes
1109 3145 1341 3197 translati
1386 3156 1526 3206 sunt,
1552 3145 1699 3212 juxta
1730 3146 1854 3199 illttd
1882 3163 1892 3197 :
1930 3145 2080 3200 Vobis

560 3222 749 3275 oportet
796 3216 1008 3279 primum
1039 3215 1172 3281 loqui
1216 3214 1411 3264 verbum
1457 3213 1579 3277 Dei,
1609 3224 1711 3269 etc.
1750 3216 1876 3279 Qua:
1920 3219 2082 3270 noles

560 3281 766 3351 fuerunt
818 3284 1015 3347 grando
1068 3283 1240 3347 prius,
1285 3294 1337 3335 et
1390 3283 1579 3337 deinde
1626 3286 1879 3337 carbones
1928 3286 2077 3351 ignis.

563 3349 772 3418 tirando
803 3352 941 3402 enim
982 3351 1209 3415 fuerunt,
1242 3366 1333 3418 per
1376 3352 1809 3417 obiurgationem.
1837 3349 1967 3417 Quae
1988 3357 2081 3404 ob-

559 3415 941 3490 jurgatinrrecte
962 3415 1291 3485 comparatur
1312 3415 1567 3490 grandini,
1591 3420 1711 3486 quia
1731 3415 2080 3490 sicut-grando

561 3488 753 3538 cadens
781 3489 829 3539 in
862 3487 1099 3555 frigidam
1148 3500 1338 3541 terram
1381 3497 1433 3541 et
1476 3488 1681 3552 duram,
1728 3487 1906 3541 tundit
1939 3504 2075 3555 eam,

567 3556 693 3607 dura
726 3567 1011 3621 permanet,
1042 3558 1236 3611 cadens
1265 3565 1437 3610 autem
1478 3557 1529 3608 in
1572 3557 1832 3609 humidam
1860 3567 1912 3610 et
1951 3564 2077 3611 cali-

563 3624 683 3673 dam
713 3631 899 3674 terram
934 3626 1190 3690 liquescit,
1221 3633 1273 3676 ct
1302 3624 1351 3675 in
1382 3625 1651 3677 satiantem
1683 3626 1899 3681 imbrem
1923 3630 2079 3682 verti-

564 3699 677 3763 tur;
711 3691 777 3741 ita
809 3691 1097 3763 objurgatio
1146 3694 1194 3746 in
1244 3692 1497 3763 malorum
1527 3694 1770 3747 cordibus
1799 3697 1925 3749 niltil
1957 3712 2079 3763 pro-

564 3760 697 3830 ficit;
732 3776 783 3811 tn
811 3762 1054 3814 cordibus
1084 3776 1205 3813 veto
1248 3761 1499 3815 bonorum
1532 3770 1775 3830 tanquam
1804 3760 1968 3818 imber
1997 3782 2079 3819 sa-

563 3829 756 3902 tiabilis
783 3832 830 3881 in
860 3838 995 3902 terra
1039 3832 1171 3902 bona
1200 3830 1416 3902 fructum
1448 3829 1648 3884 reddit.
1665 3833 1727 3885 Et
1751 3835 1871 3897 quia
1900 3834 2079 3902 objur-

511 3960 513 3962 η
559 3896 818 3963 gationem
864 3899 1002 3951 illaut
1049 3899 1099 3951 in
1146 3899 1293 3953 bonis
1339 3899 1645 3953 subsecutus
1687 3896 1781 3954 est
1816 3896 2077 3955 l'ervorutn

558 3968 804 4029 charitas,
850 3967 967 4020 ideo
1001 3970 1155 4021 etiam
1201 3977 1314 4035 post
1359 3970 1658 4034 grandinem
1707 3969 1912 4023 fuerunt
1964 3987 2079 4025 car-

564 4035 999 4106 bones_igttis.jEt
1046 4052 1137 4101 per
1176 4038 1279 4106 hoc
1299 4040 1459 4091 nubes
1499 4040 1601 4091 illa:
1647 4038 1853 4093 fuerunt
1881 4041 2078 4106 grando

563 4111 615 4152 et
642 4102 892 4155 carbones
922 4104 1070 4169 ignis.
1101 4108 1227 4167 Quia
1258 4104 1497 4158 Dominus
1524 4108 1745 4159 introivit
1776 4111 1825 4163 in
1858 4102 2075 4165 nubibus

567 4170 701 4243 illis,
723 4170 1017 4243 [terminus
1062 4173 1279 4243 scilicet,
1310 4178 1369 4243 de
1414 4190 1721 4243 unoquoque
1748 4180 1891 4241 caelo,
1921 4180 1967 4229 id
1998 4190 2077 4231 est

559 4238 623 4288 de
663 4240 877 4304 singulis
906 4240 1184 4303 apostolis;
1216 4252 1259 4292 et
1295 4238 1586 4305 altissimus,
1612 4238 1660 4295 id
1689 4256 1769 4297 est
1807 4238 1938 4298 idem
1968 4246 2073 4300 Do-

562 4308 751 4367 minus,
783 4309 914 4360 dedit
944 4324 1107 4360 vocem
1139 4325 1301 4370 suam,
1332 4325 1508 4362 vocem
1534 4313 1728 4365 scdiCet
1755 4315 2075 4367 exhortatio-

562 4375 731 4448 tiis_tu
779 4380 972 4430 eisdem
1019 4379 1242 4431 nubibus
1281 4378 1345 4431 de
1394 4393 1701 4447 unoquoque
1739 4386 1893 4436 C(BIO.
1926 4385 2072 4448 Quod

1019 364 1220 422 BEDiE
1260 364 1699 422 VENERABILIS
1734 363 1879 420 OPP.
1923 361 2082 419 PARS

2180 400 2194 415 .
2237 359 2425 415 SECT.
2467 359 2528 414 il.
2560 387 2627 400 --
2659 357 2859 413 DUBIA
2898 356 2991 441 ΕΤ.
3018 356 3285 412 δρυΒΙᾹ.

1662 482 1848 528 uerunt
1874 481 2107 527 terrenas
2137 476 2181 532 Α
2208 466 2453 523 Ecclesia:
2500 468 2745 520 fuerunt:
2777 475 2830 520 et
2861 464 2970 519 brc
3005 466 3277 526 revelatio,
3312 465 3569 521 Domine.
3613 465 3759 517 facta

3664 352 3765 407 δη

2205 540 2287 590 est
2313 538 2373 588 ab
2408 537 2742 600 increpatione
2777 544 2897 594 tua.
2940 534 2990 587 id
3036 544 3117 589 est
3164 551 3254 600 per
3300 535 3754 599 increpatione-ta,

2194 621 2352 672 quam
2384 615 2435 657 tu
2463 620 2554 668 per
2584 605 2699 656 illus
2731 604 2897 656 fecisti
2920 617 3037 656 cum
3066 603 3301 657 dicerent
3330 620 3344 656 :
3387 603 3759 655 P¢nilﬂuiun

2191 678 2340 740 agite,
2380 672 2798 738 appropinquabit
2845 674 2975 724 enim
3014 687 3219 737 regnum
3269 672 3544 724 calorum.
3585 672 3651 723 Et
3698 677 3760 721 ab

2191 743 2517 821 inspiratione
2550 744 2756 822 spiritus
2779 741 2885 819 iraa
2909 751 3043 819 turea
3070 740 3118 792 id
3146 749 3225 822 est
3253 750 3449 822 et'per
3482 742 3587 792 hoc
3618 756 3749 806 quia

2194 808 2285 876 per
2322 826 2415 864 eos
2458 808 2720 875 inspirasti
2760 808 3001 873 spiritum
3032 809 3123 860 ira:
3152 816 3251 859 tua:
3274 823 3293 862 :
3324 811 3375 861 id
3422 819 3506 861 est
3547 818 3751 869 teinpe

2190 891 2424 932 stuossm
2449 888 2501 932 et
2529 892 2736 946 gravem
2779 877 2909 929 iram
2950 884 3092 929 tn-tm
3134 891 3252 930 cum
3299 879 3589 931 dicerent:
3626 877 3753 929 Nisi

2188 947 2524 1015 pteft'itentiam
2545 946 2763 1014 egeritis,
2789 946 3094 1015 moriemini.

2264 1014 2403 1068 Misit
2443 1016 2505 1066 de
2542 1012 2750 1067 suntm.
2780 1012 3066 1066 Conversio
3101 1013 3164 1065 ad
3208 1028 3324 1079 nos,
3356 1016 3509 1082 quasi
3559 1013 3747 1071 dicat:

2187 1082 2463 1150 Quomodo
2496 1098 2586 1148 per
2627 1083 3059 1149 increpationem.
3090 1092 3143 1135 et
3188 1097 3280 1147 per
3331 1084 3747 1149 inspirationem

2190 1151 2284 1205 ira:
2316 1152 2517 1213 Domini
2546 1151 2733 1203 factum
2767 1160 2846 1202 est
2873 1151 3005 1203 hoc?
3031 1150 3138 1204 Hoc
3170 1150 3370 1205 scilicet
3400 1154 3585 1209 modo.
3617 1155 3745 1216 quia

2189 1217 2435 1273 Dominus
2462 1220 2615 1273 Pater
2637 1219 2770 1272 misit
2795 1218 3047 1284 Spiritum
3078 1234 3317 1272 sanctum
3342 1222 3404 1271 de
3430 1237 3660 1281 suos-sto,
3696 1224 3745 1273 id

2186 1300 2265 1342 est
2307 1290 2374 1341 de
2415 1302 2637 1354 superna
2674 1288 2993 1341 habitatione
3037 1288 3122 1341 ubi
3166 1294 3278 1353 ipse
3322 1300 3524 1349 manet,
3575 1305 3745 1356 super

2184 1357 2452 1423 apostolos
2478 1356 2873 1410 confirmantem
2924 1371 3039 1410 eos.
3094 1356 3156 1408 Et
3190 1366 3247 1409 ut
3289 1356 3655 1422 increparent,
3692 1373 3740 1411 es

2184 1427 2429 1491 spiritum
2478 1438 2706 1479 venturte
2753 1425 2845 1478 ira:
2891 1425 3293 1492 snnuntiarent,
3336 1435 3388 1478 et
3437 1429 3537 1479 hoc
3579 1430 3745 1479 uin-ilo

2186 1508 2279 1559 per
2308 1496 2447 1559 ipsos
2475 1496 2743 1560 apostolos
2767 1495 2955 1557 accepit
2991 1509 3089 1556 me,
3122 1494 3171 1547 id
3197 1504 3280 1547 est
3302 1508 3499 1561 corpus
3532 1512 3737 1554 nicum.

2189 1563 2474 1616 Ecclesiaut
2504 1564 2701 1616 scilicet
2726 1580 2738 1614 :
2772 1573 2824 1615 et
2856 1563 2924 1631 ita
2950 1564 3137 1628 accepit
3166 1567 3431 1631 mepquod
3461 1570 3741 1631 assumpsit

2186 1646 2263 1683 me
2310 1634 2372 1684 de
2416 1632 2559 1698 aquis
2602 1632 2791 1693 multis,
2826 1630 2876 1699 id
2923 1641 3003 1682 est
3051 1632 3210 1695 ipsam
3260 1630 3570 1695 Ecclesiam,
3619 1630 3738 1699 qua:

2165 1711 2377 1767 corpus
2415 1715 2587 1753 meum
2616 1708 2717 1761 est,
2748 1698 2904 1767 elegit
2931 1699 2998 1751 de
3028 1698 3230 1764 populis
3260 1702 3438 1750 multis
3472 1702 3522 1752 in
3565 1698 3737 1755 me-

2186 1766 2398 1822 ditatem
2432 1769 2764 1835 praeclaram,
2794 1766 2893 1820 nou
2939 1767 3209 1821 habentem
3261 1769 3519 1820 maculam
3547 1781 3603 1821 et
3653 1786 3737 1822 ru-

2188 1850 2329 1904 gam.
2361 1837 2449 1890 Vel
2494 1838 2685 1890 aliter:
2720 1836 2858 1889 Misit
2907 1835 3157 1889 Dominus
3204 1835 3434 1889 Verbum
3482 1852 3639 1889 suum
3678 1848 3737 1889 de

2183 1921 2396 1969 summo,
2429 1906 2479 1959 id
2508 1916 2588 1959 est
2626 1905 2692 1959 de
2721 1906 2835 1957 sinu
2878 1920 2993 1965 suo,
3020 1914 3074 1958 et
3098 1910 3174 1959 sic
3199 1906 3404 1971 accepit
3432 1920 3519 1957 me
3553 1908 3727 1959 homi-

2185 1988 2345 2026 nem:
2380 1976 2500 2042 quia
2550 1976 2673 2027 tnilti
2722 1974 2843 2026 illud
2890 1975 3074 2033 univit,
3105 1983 3157 2026 et
3199 1989 3292 2040 per
3324 1990 3409 2026 tne
3455 1978 3727 2041 apostoios

2184 2042 2367 2109 elegit,
2399 2044 2585 2109 quibus
2620 2042 2826 2095 tandem
2873 2044 3116 2107 Spiritum
3172 2052 3419 2095 sanctum
3470 2046 3644 2105 misit;
3676 2057 3728 2097 et

2184 2112 2261 2179 sic
2290 2125 2384 2179 per
2411 2112 2527 2165 illos
2554 2112 2833 2177 assumpsit
2859 2124 2942 2162 me
2970 2124 3064 2179 per
3084 2109 3369 2179 Ecclesiam
3401 2124 3725 2179 assumptam

2183 2178 2245 2231 de
2269 2182 2410 2244 aquis
2440 2180 2626 2243 multis,
2657 2188 2714 2231 ut
2757 2193 2909 2245 supra
2950 2178 3146 2231 dlCliim
3191 2188 3292 2231 est.
3328 2178 3391 2231 Et
3425 2180 3525 2233 hoc
3573 2178 3723 2234 nanda

2183 2263 2267 2299 me
2306 2249 2593 2316 assumpsit,
2623 2249 2741 2315 quia
2789 2262 2905 2300 cum
2946 2262 3029 2303 me
3075 2261 3385 2300 conversum
3416 2251 3479 2299 ad
3527 2266 3643 2302 eum
3676 2254 3725 2303 in

2186 2318 2338 2380 meis,
2366 2319 2512 2371 multi
2544 2326 2999 2384 persequerentur,
3019 2317 3199 2383 eripuit
3229 2332 3307 2368 me
3328 2332 3347 2368 :
3373 2317 3425 2369 id
3452 2332 3535 2370 est
3566 2334 3720 2381 meos,

2182 2386 2245 2435 de
2276 2387 2489 2439 inimicis
2514 2390 2632 2439 meis
2660 2384 2710 2438 in
2742 2386 2885 2451 ipsis,
2917 2385 3138 2437 inimicis
3163 2386 3281 2439 dico
3313 2385 3644 2452 fortissimis:
3674 2391 3718 2439 id

2183 2461 2284 2517 est,
2315 2458 2401 2521 qui
2433 2470 2535 2508 non
2564 2462 2762 2507 tantum
2803 2454 3186 2518 prasvaluerunt
3215 2454 3277 2506 ad
3307 2452 3593 2519 afﬂigenda
3619 2474 3646 2505 ιι
3672 2470 3721 2509 et

2182 2525 2627 2583 conturbandam,
2670 2533 2722 2574 et
2760 2523 3129 2574 conterendam
3179 2522 3313 2573 hanc
3362 2537 3711 2576 aerumnosam

2184 2590 2361 2644 vitam.
2392 2591 2531 2645 istud
2575 2590 2795 2645 refertur
2820 2590 2884 2642 ad
2926 2599 3289 2657 persecutores
3318 2605 3601 2655 corporum
3630 2609 3717 2647 es-

2183 2666 2421 2723 teriores,
2460 2661 2546 2728 qui
2590 2676 2692 2712 non
2734 2658 2899 2712 solum
2942 2657 3255 2721 afﬂixerunt,
3287 2659 3381 2712 sed
3411 2661 3715 2726 quibusdam

2180 2729 2338 2781 etiam
2377 2732 2701 2795 corporalem
2734 2729 2889 2780 vitam
2936 2732 3291 2790 abstulerunt;
3325 2738 3379 2781 et
3410 2730 3610 2795 eripuit
3639 2748 3714 2783 me

2181 2798 2335 2850 etiam
2366 2798 2428 2849 ab
2456 2800 2535 2850 Itis
2564 2798 2647 2863 qui
2674 2798 2883 2850 oderunt
2909 2812 2984 2849 me
3011 2797 3344 2860 intrinsecus,
3375 2798 3425 2849 id
3457 2808 3557 2860 est,
3586 2815 3613 2848 a
3639 2803 3712 2853 de-

2180 2867 2516 2920 vocatoribus
2556 2869 2845 2919 animarum
2886 2868 2973 2932 qui
3020 2867 3231 2934 gravius
3280 2866 3461 2919 odium
3501 2880 3709 2933 gemat.

2181 2948 2335 3003 quam
2368 2946 2728 3000 persecutores
2751 2950 3047 3003 corporum.
3088 2936 3149 2986 Et
3176 2950 3299 2988 vere
3327 2936 3576 2993 oderunt,
3599 2954 3711 3001 quo.

2180 3002 2313 3053 niam
2354 3003 2624 3071 confortati
2664 3013 2821 3057 sunt:
2846 3015 2897 3056 et
2930 3006 2997 3054 ita
3044 3016 3097 3055 ut
3142 3015 3321 3055 es.~ent
3362 3019 3515 3071 super
3544 3020 3637 3067 me,
3666 3009 3709 3058 id

2181 3080 2282 3135 est,
2314 3087 2466 3139 super
2500 3086 2640 3125 meos
2686 3072 3088 3139 prmvaluerunt,
3118 3072 3322 3124 scilicet
3361 3076 3423 3123 ad
3456 3074 3708 3126 devitcaii.

2182 3140 2277 3192 dos
2320 3144 2597 3209 quosdam,
2626 3141 2711 3206 qui
2743 3141 2971 3192 nondum
3003 3141 3287 3207 perfectam
3338 3141 3426 3193 Dei
3457 3146 3704 3209 cognitio.

2180 3223 2298 3261 nem
2332 3210 2618 3270 habebant,
2652 3210 2737 3276 qui
2772 3219 2942 3261 tamen
2973 3220 3148 3275 postea
3197 3211 3548 3275 resipueruut.
3581 3213 3703 3262 Nota

2178 3278 2312 3344 quod
2346 3288 2462 3345 post
2496 3278 2793 3347 assumpsit,
2832 3278 3005 3347 statim
3060 3279 3200 3343 ponit
3245 3281 3447 3347 eripuit.
3472 3307 3479 3313 ς
3502 3279 3619 3347 Legi
3652 3298 3706 3330 ur

2180 3348 2320 3399 enim
2368 3346 2506 3411 quod
2558 3358 2827 3414 postquam
2859 3346 2947 3398 filii
2993 3346 3150 3399 lsrael
3194 3349 3258 3399 de
3299 3346 3453 3411 aqua,
3489 3346 3600 3414 que
3643 3354 3703 3401 de

2180 3423 2322 3491 petra
2373 3415 2630 3481 proﬂuxit,
2668 3415 2938 3491 biberunt,
2971 3416 3141 3467 statim
3192 3416 3487 3491 Amalecitte
3538 3417 3585 3468 in
3618 3434 3702 3470 eas

2178 3484 2614 3553 insurrexerunt:
2660 3484 2958 3537 Amalecitm
3009 3496 3179 3537 autem
3229 3485 3474 3553 ﬁngentes
3528 3498 3701 3537 terrain

2140 3583 2147 3591 .
2177 3550 2598 3619 interpretantur.
2628 3552 2847 3621 Notatur
2866 3568 2991 3621 ergo
3021 3569 3112 3621 per
3140 3553 3235 3605 hoc
3260 3550 3399 3620 quod
3430 3568 3693 3621 pOSlqttatn

2175 3621 2362 3687 aliquis
2402 3625 2465 3675 ad
2495 3622 2781 3675 doctrinam
2824 3620 3013 3675 Christi
3044 3636 3161 3688 qu.e
3189 3636 3311 3673 vere
3342 3632 3485 3687 petra
3515 3634 3592 3675 est
3618 3640 3696 3675 ac-

2175 3694 2337 3751 cedit,
2364 3702 2414 3743 et
2444 3693 2661 3757 gratiam
2702 3691 2813 3757 ejus
2843 3692 3080 3757 percipit,
3109 3700 3159 3741 et
3187 3690 3263 3742 sic
3290 3690 3583 3742 Carnutibus
3608 3696 3695 3744 dc-

2175 3758 2382 3810 sideriis
2428 3758 2755 3824 contradicit,
2784 3760 2959 3810 statim
2998 3760 3299 3811 Amaleth
3330 3774 3692 3827 persequentes

2179 3827 2397 3879 interius
2430 3842 2479 3880 et
2511 3829 2737 3880 exterius
2766 3838 3046 3880 occurrunt
3084 3830 3152 3879 ei.
3184 3827 3330 3881 Unde
3375 3828 3500 3878 diCil
3544 3835 3625 3881 Sal
3653 3854 3690 3873 ο-

2174 3910 2295 3947 tttott
2324 3913 2335 3947 :
2367 3897 2488 3957 Fili,
2516 3898 2752 3949 accedens
2776 3898 2840 3948 ad
2876 3897 3156 3949 servitutem
3196 3895 3309 3960 Dei,
3339 3914 3566 3965 purpura
3589 3902 3691 3949 aui-

2177 3980 2311 4015 mutn
2342 3976 2479 4018 tuum
2504 3968 2568 4018 ad
2593 3968 2793 4017 bellum.
3284 4012 3307 4021 ..

2244 4032 2593 4104 Prwnenerunt
2642 4051 2735 4087 me.
2773 4036 2901 4088 Vere
2946 4035 3212 4101 cottlortoti
3256 4047 3369 4087 sunt
3419 4053 3561 4104 super
3600 4054 3689 4098 me,

2174 4102 2293 4169 quia
2339 4114 2678 4169 prtevcnemnt
2721 4120 2798 4157 me
2842 4106 2892 4155 in
2941 4108 3091 4172 meis,
3123 4106 3171 4156 id
3198 4114 3277 4155 est
3320 4102 3687 4171 oppresserunt

2176 4186 2339 4239 meos,
2370 4175 2421 4226 in
2467 4190 2569 4239 quo
2618 4184 2788 4226 tamen
2821 4175 3070 4239 preventi
3110 4185 3266 4225 sunt:
3298 4188 3415 4238 quia
3444 4189 3559 4225 cum
3594 4178 3688 4226 vel-

2174 4238 2283 4291 lent
2314 4238 2509 4305 priores
2540 4242 2749 4305 laedere,
2782 4238 2922 4305 prius
2952 4242 3056 4292 Izesi
3102 4250 3225 4292 sunt
3272 4256 3364 4307 per
3396 4244 3685 4293 interiorem

2176 4308 2471 4361 vindictam.
2519 4308 2903 4371 Prwvenerunt,
2936 4309 3174 4375 inquam,
3206 4310 3259 4359 iit
3305 4311 3387 4361 die
3425 4311 3689 4377 aﬁbctinms

2176 4392 2319 4439 ntere,
2351 4380 2399 4431 id
2443 4388 2523 4431 est
2549 4380 2599 4431 in
2630 4379 2869 4441 presenti
2897 4378 3017 4441 vita,
3057 4393 3170 4442 quae
3211 4389 3290 4431 est
3326 4390 3527 4445 tempus
3562 4381 3687 4429 affli-

564 4444 871 4521 tonitruunt,
894 4456 945 4497 et
972 4462 1085 4513 quae
1112 4462 1209 4521 vos
1238 4449 1327 4500 fuit
1361 4440 1551 4517 grando
1577 4440 1629 4502 ei
1649 4452 1900 4521 Acarboncs
1921 4440 2073 4521 ignis,
2108 4440 2153 4500 υ
2178 4447 2386 4521 ctiouis,
2417 4450 2557 4521 quod
2600 4440 2833 4521 sequitur
2862 4440 3225 4521 exsultatioan
3250 4464 3263 4500 :
3293 4449 3413 4521 quia
3436 4440 3686 4516 'qitisqists

561 4522 615 4584 ut
643 4526 793 4576 supra
823 4515 1017 4584 dictum
1043 4525 1137 4567 est.
1174 4517 1235 4568 Et
1267 4515 1515 4584 praeterea
1546 4518 1684 4571 misit
1716 4515 1963 4573 Dominus
1991 4515 2075 4574 sa;

561 4580 714 4655 gittas
740 4594 878 4655 suas,
907 4581 956 4631 id
986 4590 1061 4634 est
1093 4580 1435 4649 evangelistas
1470 4600 1594 4638 suos
1638 4599 1892 4655 penuatos
1917 4592 2077 4642 virtu-

562 4649 720 4711 tibus,
763 4652 895 4719 sicut
920 4654 1139 4717 sagittae,
1165 4660 1217 4703 et
1254 4657 1616 4719 traustigentes
1638 4649 1872 4710 'humatia
1899 4660 2073 4719 corda,

563 4729 608 4768 et
644 4733 734 4783 per
760 4718 872 4789 illas
900 4722 1113 4786 sagittas
1138 4720 1409 4786 dissipavit
1434 4718 1547 4781 eos,
1575 4723 1638 4773 ad
1668 4740 1796 4789 quos
1824 4740 1913 4777 eas
1940 4718 2079 4779 misit

563 4790 692 4836 bona
743 4788 1096 4854 dissipatinne,
1140 4789 1339 4841 scilicet
1381 4788 1697 4843 destruendo
1743 4806 1833 4845 θος
1882 4794 1931 4845 in
1977 4794 2078 4847 hoc

560 4857 695 4918 quod
727 4856 844 4905 ntali
872 4858 1212 4928 elat_ll.:Utttie
1251 4859 1591 4928 dictumest:
1631 4857 1777 4912 Verte
1804 4862 2000 4928 impios,
2031 4871 2075 4913 et

556 4938 659 4993 non
702 4934 864 4974 erunt.
902 4924 987 4975 Vel
1030 4925 1284 4992 dissipavit
1319 4943 1418 4988 eos,
1451 4926 1501 4979 id
1545 4938 1627 4981 cst
1670 4930 1842 4982 d.visit
1873 4924 1996 4993 eos,
2021 4942 2076 4984 ut

561 4992 675 5043 a‘liis
704 4995 911 5064 quidem
960 5004 1133 5047 essent
1176 4998 1305 5048 odor
1348 5006 1463 5052 vita:
1502 5000 1550 5049 itt
1583 4998 1762 5064 vitam,
1804 5000 1919 5052 aliis
1946 4992 2076 5053 odor

564 5062 745 5135 mortis
784 5062 832 5135 in
859 5071 1117 5135 mortem.
1163 5064 1224 5114 lit
1268 5064 1365 5117 hoc
1395 5065 1561 5118 taliter
1592 5068 1728 5131 fecit,
1750 5062 1880 5135 quia
1909 5071 2075 5131 inulti-

565 5130 758 5201 pltcavit
791 5130 1012 5197 fulgura,
1044 5130 1091 5181 id
1122 5144 1200 5183 est
1234 5149 1321 5195 per
1366 5136 1503 5197 ipsos
1539 5130 1801 5201 apostolos
1830 5146 1881 5191 et
1918 5130 2072 5191 evan-

564 5198 774 5263 gelistas
813 5204 1029 5250 εύίιιιλιι
1071 5202 1317 5251 miracula
1357 5198 1584 5253 humana
1606 5204 1785 5269 corda,
1814 5208 1947 5259 sicut
1978 5209 2066 5260 ful-

560 5281 657 5332 gur
702 5268 1167 5330 perterrefacientia
1193 5284 1204 5318 :
1241 5277 1293 5319 et
1319 5268 1393 5321 sic
1424 5273 1729 5325 conturbavit
1772 5268 1883 5335 eos,
1917 5277 1966 5327 id
1995 5285 2074 5327 est

562 5336 932 5409 obstupescere
974 5336 1096 5389 fecit
1135 5352 1225 5390 eos
1262 5336 1325 5388 ad
1355 5352 1493 5409 quos
1515 5340 1655 5409 ipsos
1684 5344 1838 5395 misit.
1874 5342 1936 5394 Et
1983 5359 2072 5409 per

564 5404 742 5454 eadem
775 5403 972 5469 fulgura
1016 5403 1496 5473 apparueruntiveri
1544 5407 1713 5461 fontes
1742 5403 1995 5475 aquarutn'
2022 5415 2071 5463 in

566 5476 718 5522 vitam
770 5484 1015 5525 aeternam
1064 5478 1387 5536 salientiutn,
1441 5475 1490 5526 id
1543 5489 1619 5529 est
1679 5479 1901 5531 disttncn
1955 5491 2072 5531 sunt

567 5541 977 5617 psendnapostoli
1019 5558 1059 5617 a_
1094 5544 1229 5596 veris
1274 5546 1536 5617 apostolis,
1567 5557 1618 5599 et
1646 5564 1738 5617 per
1764 5550 1876 5600 illos
1907 5550 2071 5602 f'otttes

564 5609 772 5685 tetu-luta
800 5622 911 5662 sunt
934 5614 1255 5685 [undomcnto
1278 5615 1404 5665 orbis
1435 5609 1692 5679 terrarum,
1726 5620 1774 5673 id
1804 5628 1883 5671 est
1912 5634 2069 5685 espo-

566 5682 660 5725 stta
704 5688 821 5728 sunt
863 5683 1049 5747 scripta
1098 5685 1484 5751 prophetarum,
1518 5701 1631 5752 quae
1677 5682 2063 5740 fundamentum

2180 4516 2230 4568 in
2259 4517 2353 4568 hac
2384 4517 2481 4571 vita
2531 4532 2623 4583 pro
2665 4519 2875 4569 Christo
2900 4516 3163 4581 afﬂigitur,
3192 4518 3243 4569 in
3296 4518 3473 4568 futuro
3499 4523 3681 4568 culta-

2179 4586 2333 4651 liitttr.
2364 4584 2427 4638 Et
2461 4588 2587 4639 tunc
2630 4585 2842 4635 alilictin
2887 4590 3010 4636 tuibt
3049 4590 3241 4651 proluit
3283 4586 3333 4635 in
3378 4590 3545 4637 mets:
3578 4602 3684 4649 quia

2177 4650 2421 4705 Dominus
2449 4653 2599 4708 Pater
2628 4656 2785 4721 [actus
2811 4661 2881 4707 est
2908 4650 3150 4721 protector
3179 4668 3338 4713 meus,
3373 4656 3420 4703 id
3449 4664 3531 4704 est
3561 4671 3685 4705 υιευ-

2177 4735 2325 4783 rum,
2371 4720 2731 4774 conturbando
2779 4724 2979 4774 scilicet
3030 4720 3415 4773 firmamentum
3476 4733 3685 4773 terrente

2174 4787 2533 4843 delectationis
2573 4806 2664 4855 per
2700 4788 2974 4842 admistam
3016 4791 3416 4842 amaritudinem
3459 4792 3684 4842 miseris-

2176 4871 2311 4909 rum.
2344 4859 2406 4911 Et
2440 4862 2538 4911 hoc
2577 4859 2732 4911 modo
2764 4871 3026 4925 protector
3050 4860 3213 4911 factos
3242 4872 3343 4919 est,
3377 4862 3501 4926 quia
3528 4862 3684 4912 eduxit

2174 4942 2269 4997 me,
2303 4927 2352 4979 id
2392 4938 2472 4981 est
2499 4942 2644 4997 tneos
2674 4930 2737 4980 de
2766 4927 3019 4997 angustiis
3048 4930 3409 4995 corporalibus
3440 4932 3491 4979 in
3525 4932 3683 4981 latitu-

2172 4996 2347 5049 dinem
2379 4996 2742 5065 spiritualium,
2770 4996 2973 5049 scilicet
3002 5009 3054 5048 ut
3102 5000 3257 5049 etiim
3304 4998 3595 5065 gauderent
3637 5016 3678 5049 ttt

2172 5066 2613 5131 tribulationibus,
2639 5067 2843 5118 scientes
2862 5068 3096 5130 quoniam
3116 5066 3371 5117 tribulatio
3403 5068 3682 5131 patientiam

2172 5142 2429 5198 operatur,
2454 5144 2507 5187 et
2546 5135 2765 5200 reliqua.
2800 5133 2863 5185 Et
2904 5148 2978 5185 Sic
3018 5134 3207 5185 salttum
3248 5150 3325 5187 me
3354 5135 3495 5201 fecit,
3526 5135 3575 5185 id
3614 5148 3681 5185 est

2173 5216 2318 5255 meos
2350 5218 2441 5269 per
2466 5203 2842 5264 constantiam;
2871 5212 2924 5255 et
2966 5201 3065 5255 boc
3109 5218 3208 5255 non
3255 5218 3316 5256 ex
3349 5207 3575 5263 meritis,
3601 5206 3678 5253 sud

2172 5271 2289 5324 ideo
2316 5276 2548 5340 quoniam
2575 5271 2687 5337 ipse
2714 5273 2854 5337 prior
2878 5269 3029 5321 voluit
3057 5287 3153 5335 me,
3195 5272 3244 5324 id
3272 5282 3353 5325 est
3383 5275 3573 5322 bonam
3604 5288 3680 5321 γυ-

2173 5340 2441 5395 luntatetu’
2469 5342 2649 5393 habuit
2693 5355 2811 5407 erga
2844 5354 3007 5402 meos,
3040 5356 3194 5409 quam
3236 5340 3331 5408 ipsi
3378 5345 3428 5389 in
3455 5354 3593 5409 eum.
3628 5342 3679 5392 Et

2168 5411 2402 5475 quoniam
2447 5411 2558 5476 ipse
2586 5408 2734 5459 soluit
2774 5425 2868 5474 me,
2900 5409 3014 5463 fecit
3044 5407 3197 5461 etiam
3230 5407 3284 5459 ut
3321 5422 3421 5473 ego
3467 5407 3517 5459 itt
3560 5427 3678 5461 mets

2175 5479 2363 5530 vellem
2405 5493 2542 5533 eum.
2579 5476 2641 5527 Et
2682 5489 2851 5531 tamen
2883 5480 3114 5531 retribuet
3144 5478 3265 5528 mihi
3306 5480 3353 5525 in
3407 5481 3537 5528 meis
3584 5478 3675 5529 Do.

2170 5550 2329 5599 minus
2366 5546 2634 5601 secundum
2670 5548 2921 5615 justitiam
2964 5563 3141 5607 meum,
3186 5548 3234 5597 id
3276 5555 3359 5598 est
3401 5551 3675 5601 secundum

2164 5616 2417 5683 justitiam
2466 5616 2610 5667 bona:
2656 5616 2964 5679 voluntatis,
3011 5620 3075 5667 ab
3122 5616 3234 5679 ipso
3283 5616 3408 5666 mibi
3456 5624 3586 5667 data:
3629 5622 3673 5669 is

2172 5700 2298 5738 mets
2325 5703 2334 5737 :
2366 5685 2479 5753 quia
2510 5686 2592 5750 qui
2625 5684 2766 5737 dedit
2812 5688 2938 5738 mitti
2982 5688 3108 5736 bene
3138 5684 3290 5747 velle,
3321 5683 3467 5738 dabit
3494 5693 3548 5737 et
3592 5685 3669 5739 [τι
