  <div class='ocr_page' id='page_1' title='image "/cluster/home/n/w/nwhite01/storage/ocr_20150623/92-93/uva.x000827076/817.png"; bbox 0 0 3912 6230; ppageno 0'>
   <div class='ocr_carea' id='block_1_1' title="bbox 562 325 2106 385">
    <p class='ocr_par' dir='ltr' id='par_1_1' title="bbox 562 325 2106 385">
     <span class='ocr_line' id='line_1_1' title="bbox 562 325 2106 385; baseline -0.002 -1"><span class='ocrx_word' id='word_1_1' title='bbox 562 330 668 385; x_wconf 76' lang='lat'><strong>575</strong></span> <span class='ocrx_word' id='word_1_2' title='bbox 1025 327 1221 384; x_wconf 69' lang='grc' dir='ltr'><strong>ΒΕῡτΕ</strong></span> <span class='ocrx_word' id='word_1_3' title='bbox 1265 326 1706 382; x_wconf 80' lang='lat' dir='ltr'><strong>VENERABILIS</strong></span> <span class='ocrx_word' id='word_1_4' title='bbox 1745 325 1891 380; x_wconf 81' lang='lat' dir='ltr'><strong>OPP.</strong></span> <span class='ocrx_word' id='word_1_5' title='bbox 1936 326 2106 381; x_wconf 75' lang='lat' dir='ltr'><strong>PARS</strong></span> 
     </span>
    </p>
   </div>
   <div class='ocr_carea' id='block_1_2' title="bbox 3695 329 3780 382">
    <p class='ocr_par' dir='ltr' id='par_1_2' title="bbox 3695 329 3780 382">
     <span class='ocr_line' id='line_1_2' title="bbox 3695 329 3780 382; baseline 0.024 -2"><span class='ocrx_word' id='word_1_6' title='bbox 3695 329 3780 382; x_wconf 57' lang='grc' dir='ltr'><strong>ει</strong></span> 
     </span>
    </p>
   </div>
   <div class='ocr_carea' id='block_1_3' title="bbox 2146 325 3311 389">
    <p class='ocr_par' dir='ltr' id='par_1_3' title="bbox 2146 325 3311 389">
     <span class='ocr_line' id='line_1_3' title="bbox 2146 325 3311 389; baseline -0.002 -10"><span class='ocrx_word' id='word_1_7' title='bbox 2146 326 2204 381; x_wconf 91' lang='lat' dir='ltr'><strong>ll.</strong></span> <span class='ocrx_word' id='word_1_8' title='bbox 2232 325 2417 389; x_wconf 79' lang='lat' dir='ltr'><strong>SECT.</strong></span> <span class='ocrx_word' id='word_1_9' title='bbox 2463 325 2522 379; x_wconf 93' lang='lat' dir='ltr'><strong>ll.</strong></span> <span class='ocrx_word' id='word_1_10' title='bbox 2564 355 2630 365; x_wconf 86' lang='lat'><strong>--</strong></span> <span class='ocrx_word' id='word_1_11' title='bbox 2682 325 2880 379; x_wconf 82' lang='lat' dir='ltr'><strong>DUBIA</strong></span> <span class='ocrx_word' id='word_1_12' title='bbox 2923 325 3005 377; x_wconf 77' lang='lat' dir='ltr'><strong>ET</strong></span> <span class='ocrx_word' id='word_1_13' title='bbox 3041 325 3311 382; x_wconf 78' lang='lat' dir='ltr'><strong>SPURIA.</strong></span> 
     </span>
    </p>
   </div>
   <div class='ocr_carea' id='block_1_4' title="bbox 561 439 3778 509">
    <p class='ocr_par' dir='ltr' id='par_1_4' title="bbox 561 439 3778 509">
     <span class='ocr_line' id='line_1_4' title="bbox 561 439 3778 509; baseline -0.001 -15"><span class='ocrx_word' id='word_1_14' title='bbox 561 448 671 503; x_wconf 77' lang='lat' dir='ltr'><strong>bro,</strong></span> <span class='ocrx_word' id='word_1_15' title='bbox 699 455 833 509; x_wconf 69' lang='lat' dir='ltr'><strong>qua,</strong></span> <span class='ocrx_word' id='word_1_16' title='bbox 863 451 911 493; x_wconf 92' lang='lat' dir='ltr'><strong>et</strong></span> <span class='ocrx_word' id='word_1_17' title='bbox 941 440 1159 508; x_wconf 86' lang='lat' dir='ltr'><strong>reliqua,</strong></span> <span class='ocrx_word' id='word_1_18' title='bbox 1183 441 1378 494; x_wconf 74' lang='lat' dir='ltr'><strong>scilicet</strong></span> <span class='ocrx_word' id='word_1_19' title='bbox 1405 457 1498 505; x_wconf 91' lang='lat' dir='ltr'><strong>pro</strong></span> <span class='ocrx_word' id='word_1_20' title='bbox 1517 440 1815 508; x_wconf 78' lang='lat' dir='ltr'><strong>gentilibus.</strong></span> <span class='ocrx_word' id='word_1_21' title='bbox 1849 449 1906 494; x_wconf 90' lang='lat' dir='ltr'><strong>ut</strong></span> <span class='ocrx_word' id='word_1_22' title='bbox 1925 449 1978 492; x_wconf 88' lang='lat' dir='ltr'><strong>et</strong></span> <span class='ocrx_word' id='word_1_23' title='bbox 2007 442 2101 506; x_wconf 84' lang='lat' dir='ltr'><strong>ipsi</strong></span> <span class='ocrx_word' id='word_1_24' title='bbox 2137 447 2179 500; x_wconf 75' lang='grc' dir='ltr'>Α</span> <span class='ocrx_word' id='word_1_25' title='bbox 2209 441 2310 494; x_wconf 86' lang='lat' dir='ltr'><strong>alta</strong></span> <span class='ocrx_word' id='word_1_26' title='bbox 2337 453 2385 493; x_wconf 91' lang='lat' dir='ltr'><strong>nt</strong></span> <span class='ocrx_word' id='word_1_27' title='bbox 2412 441 2552 493; x_wconf 83' lang='lat' dir='ltr'><strong>cervi</strong></span> <span class='ocrx_word' id='word_1_28' title='bbox 2582 441 2801 502; x_wconf 69' lang='lat' dir='ltr'><strong>faciunt;</strong></span> <span class='ocrx_word' id='word_1_29' title='bbox 2829 449 2881 491; x_wconf 89' lang='lat' dir='ltr'><strong>et</strong></span> <span class='ocrx_word' id='word_1_30' title='bbox 2903 448 2982 491; x_wconf 85' lang='lat' dir='ltr'><strong>est</strong></span> <span class='ocrx_word' id='word_1_31' title='bbox 3014 448 3238 493; x_wconf 76' lang='lat' dir='ltr'><strong>statuens</strong></span> <span class='ocrx_word' id='word_1_32' title='bbox 3265 455 3370 503; x_wconf 75' lang='lat' dir='ltr'><strong>me.</strong></span> <span class='ocrx_word' id='word_1_33' title='bbox 3400 439 3456 492; x_wconf 91' lang='lat' dir='ltr'><strong>id</strong></span> <span class='ocrx_word' id='word_1_34' title='bbox 3484 450 3591 503; x_wconf 85' lang='lat' dir='ltr'><strong>est,</strong></span> <span class='ocrx_word' id='word_1_35' title='bbox 3620 459 3778 498; x_wconf 53' lang='lat' dir='ltr'><strong>meos</strong></span> 
     </span>
    </p>
   </div>
   <div class='ocr_carea' id='block_1_5' title="bbox 563 509 2101 574">
    <p class='ocr_par' dir='ltr' id='par_1_5' title="bbox 563 509 2101 574">
     <span class='ocr_line' id='line_1_5' title="bbox 563 509 2101 574; baseline -0.003 -10"><span class='ocrx_word' id='word_1_36' title='bbox 563 519 935 564; x_wconf 77' lang='lat' dir='ltr'><strong>convertantur</strong></span> <span class='ocrx_word' id='word_1_37' title='bbox 959 509 1023 561; x_wconf 81' lang='lat' dir='ltr'><strong>ad</strong></span> <span class='ocrx_word' id='word_1_38' title='bbox 1056 509 1428 570; x_wconf 86' lang='lat' dir='ltr'><strong>perfectionem</strong></span> <span class='ocrx_word' id='word_1_39' title='bbox 1474 512 1553 564; x_wconf 85' lang='lat' dir='ltr'><strong>sui</strong></span> <span class='ocrx_word' id='word_1_40' title='bbox 1601 509 1857 574; x_wconf 81' lang='lat' dir='ltr'><strong>corporis,</strong></span> <span class='ocrx_word' id='word_1_41' title='bbox 1911 511 1960 561; x_wconf 89' lang='lat' dir='ltr'><strong>itl</strong></span> <span class='ocrx_word' id='word_1_42' title='bbox 2000 520 2101 572; x_wconf 88' lang='lat' dir='ltr'><strong>est,</strong></span> 
     </span>
    </p>
   </div>
   <div class='ocr_carea' id='block_1_6' title="bbox 566 579 2106 642">
    <p class='ocr_par' dir='ltr' id='par_1_6' title="bbox 566 579 2106 642">
     <span class='ocr_line' id='line_1_6' title="bbox 566 579 2106 642; baseline -0.001 -9"><span class='ocrx_word' id='word_1_43' title='bbox 566 580 815 633; x_wconf 58' lang='lat' dir='ltr'><strong>Ecclesia</strong></span> <span class='ocrx_word' id='word_1_44' title='bbox 838 594 956 632; x_wconf 87' lang='lat' dir='ltr'><strong>cum</strong></span> <span class='ocrx_word' id='word_1_45' title='bbox 983 579 1169 632; x_wconf 85' lang='lat' dir='ltr'><strong>electis</strong></span> <span class='ocrx_word' id='word_1_46' title='bbox 1196 580 1260 631; x_wconf 89' lang='lat' dir='ltr'><strong>de</strong></span> <span class='ocrx_word' id='word_1_47' title='bbox 1290 580 1490 642; x_wconf 71' lang='lat' dir='ltr'><strong>iudica,</strong></span> <span class='ocrx_word' id='word_1_48' title='bbox 1510 579 1564 631; x_wconf 89' lang='lat' dir='ltr'><strong>in</strong></span> <span class='ocrx_word' id='word_1_49' title='bbox 1592 595 1746 632; x_wconf 80' lang='lat' dir='ltr'><strong>unum</strong></span> <span class='ocrx_word' id='word_1_50' title='bbox 1774 579 1916 640; x_wconf 80' lang='lat' dir='ltr'><strong>ovile,</strong></span> <span class='ocrx_word' id='word_1_51' title='bbox 1947 580 1995 631; x_wconf 91' lang='lat' dir='ltr'><strong>id</strong></span> <span class='ocrx_word' id='word_1_52' title='bbox 2025 589 2106 632; x_wconf 85' lang='lat' dir='ltr'><strong>est</strong></span> 
     </span>
    </p>
   </div>
   <div class='ocr_carea' id='block_1_7' title="bbox 565 648 2106 715">
    <p class='ocr_par' dir='ltr' id='par_1_7' title="bbox 565 648 2106 715">
     <span class='ocr_line' id='line_1_7' title="bbox 565 648 2106 715; baseline 0 -14"><span class='ocrx_word' id='word_1_53' title='bbox 565 650 615 702; x_wconf 92' lang='lat' dir='ltr'><strong>in</strong></span> <span class='ocrx_word' id='word_1_54' title='bbox 644 663 798 701; x_wconf 83' lang='lat' dir='ltr'><strong>unam</strong></span> <span class='ocrx_word' id='word_1_55' title='bbox 829 648 945 701; x_wconf 85' lang='lat' dir='ltr'><strong>ﬁdei</strong></span> <span class='ocrx_word' id='word_1_56' title='bbox 983 648 1336 711; x_wconf 84' lang='lat' dir='ltr'><strong>concordiam,</strong></span> <span class='ocrx_word' id='word_1_57' title='bbox 1368 659 1420 701; x_wconf 90' lang='lat' dir='ltr'><strong>et</strong></span> <span class='ocrx_word' id='word_1_58' title='bbox 1452 651 1550 701; x_wconf 90' lang='lat' dir='ltr'><strong>sub</strong></span> <span class='ocrx_word' id='word_1_59' title='bbox 1595 663 1652 701; x_wconf 89' lang='lat' dir='ltr'><strong>se</strong></span> <span class='ocrx_word' id='word_1_60' title='bbox 1681 659 1837 715; x_wconf 90' lang='lat' dir='ltr'><strong>caput</strong></span> <span class='ocrx_word' id='word_1_61' title='bbox 1868 649 2106 715; x_wconf 69' lang='lat' dir='ltr'><strong>redigan-</strong></span> 
     </span>
    </p>
   </div>
   <div class='ocr_carea' id='block_1_8' title="bbox 564 717 2103 784">
    <p class='ocr_par' dir='ltr' id='par_1_8' title="bbox 564 717 2103 784">
     <span class='ocr_line' id='line_1_8' title="bbox 564 717 2103 784; baseline 0.001 -14"><span class='ocrx_word' id='word_1_62' title='bbox 564 727 667 772; x_wconf 91' lang='lat' dir='ltr'><strong>tur.</strong></span> <span class='ocrx_word' id='word_1_63' title='bbox 703 718 861 770; x_wconf 77' lang='lat' dir='ltr'><strong>Etsic</strong></span> <span class='ocrx_word' id='word_1_64' title='bbox 889 719 1221 770; x_wconf 73' lang='lat' dir='ltr'><strong>continuatur</strong></span> <span class='ocrx_word' id='word_1_65' title='bbox 1251 735 1261 770; x_wconf 94' lang='lat'><strong>:</strong></span> <span class='ocrx_word' id='word_1_66' title='bbox 1297 718 1534 771; x_wconf 87' lang='lat' dir='ltr'><strong>Perversi</strong></span> <span class='ocrx_word' id='word_1_67' title='bbox 1579 718 1814 784; x_wconf 87' lang='lat' dir='ltr'><strong>quidem,</strong></span> <span class='ocrx_word' id='word_1_68' title='bbox 1857 717 2103 779; x_wconf 87' lang='lat' dir='ltr'><strong>Domine.</strong></span> 
     </span>
    </p>
   </div>
   <div class='ocr_carea' id='block_1_9' title="bbox 561 786 2105 855">
    <p class='ocr_par' dir='ltr' id='par_1_9' title="bbox 561 786 2105 855">
     <span class='ocr_line' id='line_1_9' title="bbox 561 786 2105 855; baseline -0.001 -16"><span class='ocrx_word' id='word_1_69' title='bbox 561 787 652 855; x_wconf 89' lang='lat' dir='ltr'><strong>qui</strong></span> <span class='ocrx_word' id='word_1_70' title='bbox 676 787 846 839; x_wconf 83' lang='lat' dir='ltr'><strong>salvas</strong></span> <span class='ocrx_word' id='word_1_71' title='bbox 876 787 1120 855; x_wconf 86' lang='lat' dir='ltr'><strong>humiles,</strong></span> <span class='ocrx_word' id='word_1_72' title='bbox 1160 795 1214 838; x_wconf 90' lang='lat' dir='ltr'><strong>et</strong></span> <span class='ocrx_word' id='word_1_73' title='bbox 1244 789 1497 854; x_wconf 88' lang='lat' dir='ltr'><strong>superbos</strong></span> <span class='ocrx_word' id='word_1_74' title='bbox 1523 786 1760 843; x_wconf 80' lang='lat' dir='ltr'><strong>damnas.</strong></span> <span class='ocrx_word' id='word_1_75' title='bbox 1796 795 1845 840; x_wconf 89' lang='lat' dir='ltr'><strong>te</strong></span> <span class='ocrx_word' id='word_1_76' title='bbox 1891 801 2105 852; x_wconf 85' lang='lat' dir='ltr'><strong>perver-</strong></span> 
     </span>
    </p>
   </div>
   <div class='ocr_carea' id='block_1_10' title="bbox 562 854 2106 923">
    <p class='ocr_par' dir='ltr' id='par_1_10' title="bbox 562 854 2106 923">
     <span class='ocr_line' id='line_1_10' title="bbox 562 854 2106 923; baseline 0 -14"><span class='ocrx_word' id='word_1_77' title='bbox 562 854 678 909; x_wconf 75' lang='lat' dir='ltr'><strong>sum</strong></span> <span class='ocrx_word' id='word_1_78' title='bbox 710 865 910 919; x_wconf 85' lang='lat' dir='ltr'><strong>putant.</strong></span> <span class='ocrx_word' id='word_1_79' title='bbox 939 854 1040 908; x_wconf 86' lang='lat' dir='ltr'><strong>Sed</strong></span> <span class='ocrx_word' id='word_1_80' title='bbox 1071 866 1529 923; x_wconf 89' lang='lat' dir='ltr'><strong>quantumcunque</strong></span> <span class='ocrx_word' id='word_1_81' title='bbox 1561 856 1786 910; x_wconf 88' lang='lat' dir='ltr'><strong>videaris</strong></span> <span class='ocrx_word' id='word_1_82' title='bbox 1816 858 1892 908; x_wconf 85' lang='lat' dir='ltr'><strong>eis</strong></span> <span class='ocrx_word' id='word_1_83' title='bbox 1925 857 1977 908; x_wconf 89' lang='lat' dir='ltr'><strong>in</strong></span> <span class='ocrx_word' id='word_1_84' title='bbox 2007 856 2106 909; x_wconf 89' lang='lat' dir='ltr'><strong>hoc</strong></span> 
     </span>
    </p>
   </div>
   <div class='ocr_carea' id='block_1_11' title="bbox 566 925 2106 993">
    <p class='ocr_par' dir='ltr' id='par_1_11' title="bbox 566 925 2106 993">
     <span class='ocr_line' id='line_1_11' title="bbox 566 925 2106 993; baseline 0.001 -17"><span class='ocrx_word' id='word_1_85' title='bbox 566 941 881 992; x_wconf 72' lang='lat' dir='ltr'><strong>perversos,</strong></span> <span class='ocrx_word' id='word_1_86' title='bbox 933 936 984 976; x_wconf 91' lang='grc' dir='ltr'><strong>ιιι</strong></span> <span class='ocrx_word' id='word_1_87' title='bbox 1033 936 1201 977; x_wconf 85' lang='lat' dir='ltr'><strong>tamen</strong></span> <span class='ocrx_word' id='word_1_88' title='bbox 1244 941 1344 978; x_wconf 92' lang='lat' dir='ltr'><strong>non</strong></span> <span class='ocrx_word' id='word_1_89' title='bbox 1391 925 1614 980; x_wconf 78' lang='lat' dir='ltr'><strong>desiSIas</strong></span> <span class='ocrx_word' id='word_1_90' title='bbox 1661 935 1873 993; x_wconf 66' lang='lat' dir='ltr'><strong>proriter</strong></span> <span class='ocrx_word' id='word_1_91' title='bbox 1911 925 2009 978; x_wconf 87' lang='lat' dir='ltr'><strong>hoc</strong></span> <span class='ocrx_word' id='word_1_92' title='bbox 2040 927 2106 978; x_wconf 93' lang='lat' dir='ltr'><strong>ab</strong></span> 
     </span>
    </p>
   </div>
   <div class='ocr_carea' id='block_1_12' title="bbox 562 994 2100 1062">
    <p class='ocr_par' dir='ltr' id='par_1_12' title="bbox 562 994 2100 1062">
     <span class='ocr_line' id='line_1_12' title="bbox 562 994 2100 1062; baseline 0.002 -16"><span class='ocrx_word' id='word_1_93' title='bbox 562 1010 744 1047; x_wconf 84' lang='lat' dir='ltr'><strong>eorum</strong></span> <span class='ocrx_word' id='word_1_94' title='bbox 787 995 872 1062; x_wconf 90' lang='lat' dir='ltr'><strong>qui</strong></span> <span class='ocrx_word' id='word_1_95' title='bbox 919 995 1056 1060; x_wconf 78' lang='lat' dir='ltr'><strong>digni</strong></span> <span class='ocrx_word' id='word_1_96' title='bbox 1103 1004 1226 1048; x_wconf 89' lang='lat' dir='ltr'><strong>sunt</strong></span> <span class='ocrx_word' id='word_1_97' title='bbox 1269 996 1590 1056; x_wconf 76' lang='lat' dir='ltr'><strong>salvatione;</strong></span> <span class='ocrx_word' id='word_1_98' title='bbox 1637 996 1751 1060; x_wconf 82' lang='lat' dir='ltr'><strong>sed,</strong></span> <span class='ocrx_word' id='word_1_99' title='bbox 1783 1011 1815 1047; x_wconf 91' lang='grc' dir='ltr'>ο</span> <span class='ocrx_word' id='word_1_100' title='bbox 1860 994 2100 1055; x_wconf 84' lang='lat' dir='ltr'><strong>Domine.</strong></span> 
     </span>
    </p>
   </div>
   <div class='ocr_carea' id='block_1_13' title="bbox 567 1064 2105 1130">
    <p class='ocr_par' dir='ltr' id='par_1_13' title="bbox 567 1064 2105 1130">
     <span class='ocr_line' id='line_1_13' title="bbox 567 1064 2105 1130; baseline 0.001 -14"><span class='ocrx_word' id='word_1_101' title='bbox 567 1064 702 1116; x_wconf 77' lang='lat' dir='ltr'><strong>Deus</strong></span> <span class='ocrx_word' id='word_1_102' title='bbox 733 1080 891 1125; x_wconf 85' lang='lat' dir='ltr'><strong>meus,</strong></span> <span class='ocrx_word' id='word_1_103' title='bbox 921 1065 970 1118; x_wconf 91' lang='lat' dir='ltr'><strong>id</strong></span> <span class='ocrx_word' id='word_1_104' title='bbox 997 1075 1094 1126; x_wconf 86' lang='lat' dir='ltr'><strong>est,</strong></span> <span class='ocrx_word' id='word_1_105' title='bbox 1127 1079 1282 1130; x_wconf 85' lang='lat' dir='ltr'><strong>quem</strong></span> <span class='ocrx_word' id='word_1_106' title='bbox 1314 1067 1473 1118; x_wconf 86' lang='lat' dir='ltr'><strong>Deum</strong></span> <span class='ocrx_word' id='word_1_107' title='bbox 1523 1064 1646 1117; x_wconf 90' lang='lat' dir='ltr'><strong>mihi</strong></span> <span class='ocrx_word' id='word_1_108' title='bbox 1689 1065 1841 1126; x_wconf 84' lang='lat' dir='ltr'><strong>facio,</strong></span> <span class='ocrx_word' id='word_1_109' title='bbox 1875 1065 2105 1117; x_wconf 86' lang='lat' dir='ltr'><strong>illumina</strong></span> 
     </span>
    </p>
   </div>
   <div class='ocr_carea' id='block_1_14' title="bbox 563 1133 2102 1200">
    <p class='ocr_par' dir='ltr' id='par_1_14' title="bbox 563 1133 2102 1200">
     <span class='ocr_line' id='line_1_14' title="bbox 563 1133 2102 1200; baseline 0.001 -15"><span class='ocrx_word' id='word_1_110' title='bbox 563 1135 785 1186; x_wconf 78' lang='lat' dir='ltr'><strong>tenebras</strong></span> <span class='ocrx_word' id='word_1_111' title='bbox 830 1149 984 1196; x_wconf 78' lang='lat' dir='ltr'><strong>meas,</strong></span> <span class='ocrx_word' id='word_1_112' title='bbox 1035 1133 1082 1184; x_wconf 89' lang='lat' dir='ltr'><strong>id</strong></span> <span class='ocrx_word' id='word_1_113' title='bbox 1131 1146 1231 1192; x_wconf 83' lang='lat' dir='ltr'><strong>est,</strong></span> <span class='ocrx_word' id='word_1_114' title='bbox 1277 1135 1394 1187; x_wconf 89' lang='lat' dir='ltr'><strong>illos</strong></span> <span class='ocrx_word' id='word_1_115' title='bbox 1439 1135 1505 1187; x_wconf 89' lang='lat' dir='ltr'><strong>de</strong></span> <span class='ocrx_word' id='word_1_116' title='bbox 1542 1135 1805 1200; x_wconf 78' lang='lat' dir='ltr'><strong>gentibus.</strong></span> <span class='ocrx_word' id='word_1_117' title='bbox 1848 1135 1954 1197; x_wconf 87' lang='lat' dir='ltr'><strong>qui,</strong></span> <span class='ocrx_word' id='word_1_118' title='bbox 1984 1149 2102 1186; x_wconf 90' lang='lat' dir='ltr'><strong>cum</strong></span> 
     </span>
    </p>
   </div>
   <div class='ocr_carea' id='block_1_15' title="bbox 565 1203 2102 1269">
    <p class='ocr_par' dir='ltr' id='par_1_15' title="bbox 565 1203 2102 1269">
     <span class='ocr_line' id='line_1_15' title="bbox 565 1203 2102 1269; baseline 0 -14"><span class='ocrx_word' id='word_1_119' title='bbox 565 1203 718 1256; x_wconf 90' lang='lat' dir='ltr'><strong>modo</strong></span> <span class='ocrx_word' id='word_1_120' title='bbox 747 1204 851 1256; x_wconf 81' lang='lat' dir='ltr'><strong>sint</strong></span> <span class='ocrx_word' id='word_1_121' title='bbox 881 1203 1163 1264; x_wconf 86' lang='lat' dir='ltr'><strong>tenebrosi,</strong></span> <span class='ocrx_word' id='word_1_122' title='bbox 1194 1204 1347 1256; x_wconf 91' lang='lat' dir='ltr'><strong>futuri</strong></span> <span class='ocrx_word' id='word_1_123' title='bbox 1375 1213 1497 1256; x_wconf 84' lang='lat' dir='ltr'><strong>sunt</strong></span> <span class='ocrx_word' id='word_1_124' title='bbox 1531 1204 1654 1269; x_wconf 89' lang='lat' dir='ltr'><strong>mei,</strong></span> <span class='ocrx_word' id='word_1_125' title='bbox 1696 1203 1814 1255; x_wconf 88' lang='lat' dir='ltr'><strong>facti</strong></span> <span class='ocrx_word' id='word_1_126' title='bbox 1857 1203 1938 1254; x_wconf 82' lang='lat' dir='ltr'><strong>lux</strong></span> <span class='ocrx_word' id='word_1_127' title='bbox 1971 1218 1999 1254; x_wconf 89' lang='lat' dir='ltr'><strong>a</strong></span> <span class='ocrx_word' id='word_1_128' title='bbox 2032 1212 2102 1266; x_wconf 88' lang='lat' dir='ltr'><strong>te,</strong></span> 
     </span>
    </p>
   </div>
   <div class='ocr_carea' id='block_1_16' title="bbox 566 1271 2104 1340">
    <p class='ocr_par' dir='ltr' id='par_1_16' title="bbox 566 1271 2104 1340">
     <span class='ocr_line' id='line_1_16' title="bbox 566 1271 2104 1340; baseline -0.001 -16"><span class='ocrx_word' id='word_1_129' title='bbox 566 1274 799 1326; x_wconf 82' lang='lat' dir='ltr'><strong>Ilotnine.</strong></span> <span class='ocrx_word' id='word_1_130' title='bbox 837 1273 899 1325; x_wconf 87' lang='lat' dir='ltr'><strong>Et</strong></span> <span class='ocrx_word' id='word_1_131' title='bbox 940 1273 1102 1326; x_wconf 96' lang='lat' dir='ltr'><strong>debes</strong></span> <span class='ocrx_word' id='word_1_132' title='bbox 1144 1273 1457 1334; x_wconf 85' lang='lat' dir='ltr'><strong>illuminare,</strong></span> <span class='ocrx_word' id='word_1_133' title='bbox 1499 1274 1733 1339; x_wconf 84' lang='lat' dir='ltr'><strong>quoniam</strong></span> <span class='ocrx_word' id='word_1_134' title='bbox 1772 1283 1823 1322; x_wconf 92' lang='lat' dir='ltr'><strong>tu</strong></span> <span class='ocrx_word' id='word_1_135' title='bbox 1847 1271 1953 1340; x_wconf 88' lang='lat' dir='ltr'><strong>jam</strong></span> <span class='ocrx_word' id='word_1_136' title='bbox 1986 1273 2104 1323; x_wconf 74' lang='lat' dir='ltr'><strong>iliu-</strong></span> 
     </span>
    </p>
   </div>
   <div class='ocr_carea' id='block_1_17' title="bbox 559 1341 2103 1405">
    <p class='ocr_par' dir='ltr' id='par_1_17' title="bbox 559 1341 2103 1405">
     <span class='ocr_line' id='line_1_17' title="bbox 559 1341 2103 1405; baseline 0.001 -14"><span class='ocrx_word' id='word_1_137' title='bbox 559 1344 744 1404; x_wconf 85' lang='lat' dir='ltr'><strong>minas,</strong></span> <span class='ocrx_word' id='word_1_138' title='bbox 793 1343 841 1395; x_wconf 93' lang='lat' dir='ltr'><strong>id</strong></span> <span class='ocrx_word' id='word_1_139' title='bbox 890 1353 997 1403; x_wconf 90' lang='lat' dir='ltr'><strong>est.</strong></span> <span class='ocrx_word' id='word_1_140' title='bbox 1042 1343 1336 1394; x_wconf 86' lang='lat' dir='ltr'><strong>illuminasti</strong></span> <span class='ocrx_word' id='word_1_141' title='bbox 1384 1344 1635 1393; x_wconf 82' lang='lat' dir='ltr'><strong>lucernam</strong></span> <span class='ocrx_word' id='word_1_142' title='bbox 1678 1358 1856 1404; x_wconf 89' lang='lat' dir='ltr'><strong>meam,</strong></span> <span class='ocrx_word' id='word_1_143' title='bbox 1909 1341 1957 1392; x_wconf 91' lang='lat' dir='ltr'><strong>id</strong></span> <span class='ocrx_word' id='word_1_144' title='bbox 2003 1351 2103 1405; x_wconf 91' lang='lat' dir='ltr'><strong>est,</strong></span> 
     </span>
    </p>
   </div>
   <div class='ocr_carea' id='block_1_18' title="bbox 558 1411 2106 1480">
    <p class='ocr_par' dir='ltr' id='par_1_18' title="bbox 558 1411 2106 1480">
     <span class='ocr_line' id='line_1_18' title="bbox 558 1411 2106 1480; baseline 0.002 -20"><span class='ocrx_word' id='word_1_145' title='bbox 558 1412 825 1477; x_wconf 71' lang='lat' dir='ltr'><strong>apostolos</strong></span> <span class='ocrx_word' id='word_1_146' title='bbox 854 1419 909 1464; x_wconf 89' lang='lat' dir='ltr'><strong>et</strong></span> <span class='ocrx_word' id='word_1_147' title='bbox 933 1413 1182 1472; x_wconf 86' lang='lat' dir='ltr'><strong>quosdam</strong></span> <span class='ocrx_word' id='word_1_148' title='bbox 1209 1412 1274 1464; x_wconf 92' lang='lat' dir='ltr'><strong>de</strong></span> <span class='ocrx_word' id='word_1_149' title='bbox 1298 1412 1513 1475; x_wconf 75' lang='lat' dir='ltr'><strong>Judzcis,</strong></span> <span class='ocrx_word' id='word_1_150' title='bbox 1547 1427 1638 1478; x_wconf 89' lang='lat' dir='ltr'><strong>per</strong></span> <span class='ocrx_word' id='word_1_151' title='bbox 1659 1427 1880 1480; x_wconf 88' lang='lat' dir='ltr'><strong>quorum</strong></span> <span class='ocrx_word' id='word_1_152' title='bbox 1911 1411 2106 1464; x_wconf 87' lang='lat' dir='ltr'><strong>doctri-</strong></span> 
     </span>
    </p>
   </div>
   <div class='ocr_carea' id='block_1_19' title="bbox 563 1481 1532 1548">
    <p class='ocr_par' dir='ltr' id='par_1_19' title="bbox 563 1481 1532 1548">
     <span class='ocr_line' id='line_1_19' title="bbox 563 1481 1532 1548; baseline 0 -15"><span class='ocrx_word' id='word_1_153' title='bbox 563 1498 681 1533; x_wconf 89' lang='lat' dir='ltr'><strong>nam</strong></span> <span class='ocrx_word' id='word_1_154' title='bbox 709 1490 760 1532; x_wconf 84' lang='lat' dir='ltr'><strong>et</strong></span> <span class='ocrx_word' id='word_1_155' title='bbox 783 1483 1134 1548; x_wconf 78' lang='lat' dir='ltr'><strong>operatioiiem</strong></span> <span class='ocrx_word' id='word_1_156' title='bbox 1166 1482 1278 1533; x_wconf 86' lang='lat' dir='ltr'><strong>aliis</strong></span> <span class='ocrx_word' id='word_1_157' title='bbox 1306 1481 1532 1534; x_wconf 73' lang='lat' dir='ltr'><strong>reluceo.</strong></span> 
     </span>
    </p>
   </div>
   <div class='ocr_carea' id='block_1_20' title="bbox 633 1549 2103 1619">
    <p class='ocr_par' dir='ltr' id='par_1_20' title="bbox 633 1549 2103 1619">
     <span class='ocr_line' id='line_1_20' title="bbox 633 1549 2103 1619; baseline -0.001 -19"><span class='ocrx_word' id='word_1_158' title='bbox 633 1549 883 1613; x_wconf 80' lang='lat' dir='ltr'><strong>Quoniam</strong></span> <span class='ocrx_word' id='word_1_159' title='bbox 912 1551 963 1602; x_wconf 84' lang='lat' dir='ltr'><strong>in</strong></span> <span class='ocrx_word' id='word_1_160' title='bbox 999 1558 1047 1604; x_wconf 83' lang='lat' dir='ltr'><strong>te</strong></span> <span class='ocrx_word' id='word_1_161' title='bbox 1073 1553 1277 1619; x_wconf 62' lang='lat' dir='ltr'><strong>er-‘piur.</strong></span> <span class='ocrx_word' id='word_1_162' title='bbox 1310 1550 1444 1604; x_wconf 81' lang='lat' dir='ltr'><strong>Vere</strong></span> <span class='ocrx_word' id='word_1_163' title='bbox 1489 1551 1826 1615; x_wconf 86' lang='lat' dir='ltr'><strong>illttminabis,</strong></span> <span class='ocrx_word' id='word_1_164' title='bbox 1859 1550 2103 1614; x_wconf 88' lang='lat' dir='ltr'><strong>quoniam</strong></span> 
     </span>
    </p>
   </div>
   <div class='ocr_carea' id='block_1_21' title="bbox 564 1620 2100 1689">
    <p class='ocr_par' dir='ltr' id='par_1_21' title="bbox 564 1620 2100 1689">
     <span class='ocr_line' id='line_1_21' title="bbox 564 1620 2100 1689; baseline 0 -18"><span class='ocrx_word' id='word_1_165' title='bbox 564 1635 662 1686; x_wconf 69' lang='lat' dir='ltr'><strong>ego</strong></span> <span class='ocrx_word' id='word_1_166' title='bbox 693 1623 890 1689; x_wconf 89' lang='lat' dir='ltr'><strong>positus</strong></span> <span class='ocrx_word' id='word_1_167' title='bbox 919 1620 967 1673; x_wconf 93' lang='lat' dir='ltr'><strong>in</strong></span> <span class='ocrx_word' id='word_1_168' title='bbox 996 1632 1044 1672; x_wconf 89' lang='lat' dir='ltr'><strong>te</strong></span> <span class='ocrx_word' id='word_1_169' title='bbox 1072 1621 1285 1682; x_wconf 75' lang='lat' dir='ltr'><strong>eripior.</strong></span> <span class='ocrx_word' id='word_1_170' title='bbox 1318 1621 1367 1672; x_wconf 90' lang='lat' dir='ltr'><strong>id</strong></span> <span class='ocrx_word' id='word_1_171' title='bbox 1399 1631 1498 1682; x_wconf 87' lang='lat' dir='ltr'><strong>est,</strong></span> <span class='ocrx_word' id='word_1_172' title='bbox 1542 1623 1639 1670; x_wconf 87' lang='lat' dir='ltr'><strong>mei</strong></span> <span class='ocrx_word' id='word_1_173' title='bbox 1670 1630 1924 1685; x_wconf 59' lang='lat' dir='ltr'><strong>ponentes</strong></span> <span class='ocrx_word' id='word_1_174' title='bbox 1954 1635 2100 1675; x_wconf 78' lang='lat' dir='ltr'><strong>suem</strong></span> 
     </span>
    </p>
   </div>
   <div class='ocr_carea' id='block_1_22' title="bbox 559 1689 2103 1754">
    <p class='ocr_par' dir='ltr' id='par_1_22' title="bbox 559 1689 2103 1754">
     <span class='ocr_line' id='line_1_22' title="bbox 559 1689 2103 1754; baseline -0.003 -10"><span class='ocrx_word' id='word_1_175' title='bbox 559 1704 709 1744; x_wconf 82' lang='lat' dir='ltr'><strong>suam</strong></span> <span class='ocrx_word' id='word_1_176' title='bbox 740 1691 790 1742; x_wconf 91' lang='lat' dir='ltr'><strong>in</strong></span> <span class='ocrx_word' id='word_1_177' title='bbox 823 1700 872 1742; x_wconf 91' lang='lat' dir='ltr'><strong>te</strong></span> <span class='ocrx_word' id='word_1_178' title='bbox 898 1701 950 1743; x_wconf 89' lang='lat' dir='ltr'><strong>et</strong></span> <span class='ocrx_word' id='word_1_179' title='bbox 979 1689 1133 1741; x_wconf 87' lang='lat' dir='ltr'><strong>fidem</strong></span> <span class='ocrx_word' id='word_1_180' title='bbox 1165 1699 1303 1740; x_wconf 91' lang='lat' dir='ltr'><strong>tuam</strong></span> <span class='ocrx_word' id='word_1_181' title='bbox 1331 1690 1672 1754; x_wconf 63' lang='lat' dir='ltr'><strong>suscipientes</strong></span> <span class='ocrx_word' id='word_1_182' title='bbox 1700 1689 1989 1754; x_wconf 88' lang='lat' dir='ltr'><strong>eripientur</strong></span> <span class='ocrx_word' id='word_1_183' title='bbox 2011 1704 2103 1754; x_wconf 86' lang='lat' dir='ltr'><strong>per</strong></span> 
     </span>
    </p>
   </div>
   <div class='ocr_carea' id='block_1_23' title="bbox 561 1757 2102 1823">
    <p class='ocr_par' dir='ltr' id='par_1_23' title="bbox 561 1757 2102 1823">
     <span class='ocr_line' id='line_1_23' title="bbox 561 1757 2102 1823; baseline 0 -13"><span class='ocrx_word' id='word_1_184' title='bbox 561 1769 612 1811; x_wconf 92' lang='lat' dir='ltr'><strong>te</strong></span> <span class='ocrx_word' id='word_1_185' title='bbox 651 1775 678 1810; x_wconf 89' lang='lat' dir='ltr'><strong>a</strong></span> <span class='ocrx_word' id='word_1_186' title='bbox 728 1760 1032 1823; x_wconf 88' lang='lat' dir='ltr'><strong>tentatione,</strong></span> <span class='ocrx_word' id='word_1_187' title='bbox 1062 1773 1126 1812; x_wconf 90' lang='lat' dir='ltr'><strong>ne</strong></span> <span class='ocrx_word' id='word_1_188' title='bbox 1172 1758 1512 1811; x_wconf 88' lang='lat' dir='ltr'><strong>succumbant</strong></span> <span class='ocrx_word' id='word_1_189' title='bbox 1555 1758 1768 1811; x_wconf 90' lang='lat' dir='ltr'><strong>cuilibet</strong></span> <span class='ocrx_word' id='word_1_190' title='bbox 1806 1757 2102 1822; x_wconf 89' lang='lat' dir='ltr'><strong>tentationi,</strong></span> 
     </span>
    </p>
   </div>
   <div class='ocr_carea' id='block_1_24' title="bbox 560 1827 2105 1896">
    <p class='ocr_par' dir='ltr' id='par_1_24' title="bbox 560 1827 2105 1896">
     <span class='ocr_line' id='line_1_24' title="bbox 560 1827 2105 1896; baseline 0 -16"><span class='ocrx_word' id='word_1_191' title='bbox 560 1837 614 1880; x_wconf 90' lang='lat' dir='ltr'><strong>et</strong></span> <span class='ocrx_word' id='word_1_192' title='bbox 638 1827 1075 1896; x_wconf 85' lang='lat' dir='ltr'><strong>circumferautur</strong></span> <span class='ocrx_word' id='word_1_193' title='bbox 1105 1828 1171 1880; x_wconf 85' lang='lat' dir='ltr'><strong>ab</strong></span> <span class='ocrx_word' id='word_1_194' title='bbox 1199 1829 1340 1880; x_wconf 91' lang='lat' dir='ltr'><strong>omni</strong></span> <span class='ocrx_word' id='word_1_195' title='bbox 1369 1839 1524 1880; x_wconf 74' lang='lat' dir='ltr'><strong>Vento</strong></span> <span class='ocrx_word' id='word_1_196' title='bbox 1554 1829 1826 1891; x_wconf 71' lang='lat' dir='ltr'><strong>doctrinm,</strong></span> <span class='ocrx_word' id='word_1_197' title='bbox 1857 1837 1910 1881; x_wconf 88' lang='lat' dir='ltr'><strong>et</strong></span> <span class='ocrx_word' id='word_1_198' title='bbox 1940 1829 2105 1896; x_wconf 86' lang='lat' dir='ltr'><strong>persi-</strong></span> 
     </span>
    </p>
   </div>
   <div class='ocr_carea' id='block_1_25' title="bbox 562 1895 2101 1962">
    <p class='ocr_par' dir='ltr' id='par_1_25' title="bbox 562 1895 2101 1962">
     <span class='ocr_line' id='line_1_25' title="bbox 562 1895 2101 1962; baseline 0.001 -15"><span class='ocrx_word' id='word_1_199' title='bbox 562 1907 755 1950; x_wconf 79' lang='lat' dir='ltr'><strong>stentes</strong></span> <span class='ocrx_word' id='word_1_200' title='bbox 773 1895 824 1948; x_wconf 90' lang='lat' dir='ltr'><strong>in</strong></span> <span class='ocrx_word' id='word_1_201' title='bbox 843 1906 892 1950; x_wconf 93' lang='lat' dir='ltr'><strong>te</strong></span> <span class='ocrx_word' id='word_1_202' title='bbox 909 1897 1014 1950; x_wconf 92' lang='lat' dir='ltr'><strong>Deo</strong></span> <span class='ocrx_word' id='word_1_203' title='bbox 1032 1911 1168 1962; x_wconf 73' lang='lat' dir='ltr'><strong>meo,</strong></span> <span class='ocrx_word' id='word_1_204' title='bbox 1185 1913 1336 1961; x_wconf 89' lang='lat' dir='ltr'><strong>quem</strong></span> <span class='ocrx_word' id='word_1_205' title='bbox 1358 1908 1409 1951; x_wconf 94' lang='lat' dir='ltr'><strong>et</strong></span> <span class='ocrx_word' id='word_1_206' title='bbox 1427 1898 1521 1962; x_wconf 93' lang='lat' dir='ltr'><strong>ipsi</strong></span> <span class='ocrx_word' id='word_1_207' title='bbox 1541 1896 1728 1951; x_wconf 79' lang='lat' dir='ltr'><strong>facient</strong></span> <span class='ocrx_word' id='word_1_208' title='bbox 1751 1897 1911 1950; x_wconf 91' lang='lat' dir='ltr'><strong>Deum</strong></span> <span class='ocrx_word' id='word_1_209' title='bbox 1929 1895 2101 1962; x_wconf 82' lang='lat' dir='ltr'><strong>suum,</strong></span> 
     </span>
    </p>
   </div>
   <div class='ocr_carea' id='block_1_26' title="bbox 564 1966 2106 2033">
    <p class='ocr_par' dir='ltr' id='par_1_26' title="bbox 564 1966 2106 2033">
     <span class='ocr_line' id='line_1_26' title="bbox 564 1966 2106 2033; baseline 0.001 -15"><span class='ocrx_word' id='word_1_210' title='bbox 564 1966 1007 2033; x_wconf 78' lang='lat' dir='ltr'><strong>transgredientur</strong></span> <span class='ocrx_word' id='word_1_211' title='bbox 1024 1982 1227 2019; x_wconf 88' lang='lat' dir='ltr'><strong>murum</strong></span> <span class='ocrx_word' id='word_1_212' title='bbox 1256 1967 1419 2029; x_wconf 91' lang='lat' dir='ltr'><strong>illum,</strong></span> <span class='ocrx_word' id='word_1_213' title='bbox 1443 1967 1493 2018; x_wconf 90' lang='lat' dir='ltr'><strong>id</strong></span> <span class='ocrx_word' id='word_1_214' title='bbox 1512 1976 1611 2024; x_wconf 79' lang='lat' dir='ltr'><strong>est.</strong></span> <span class='ocrx_word' id='word_1_215' title='bbox 1635 1968 1960 2020; x_wconf 78' lang='lat' dir='ltr'><strong>obstarnlum</strong></span> <span class='ocrx_word' id='word_1_216' title='bbox 1981 1968 2106 2020; x_wconf 88' lang='lat' dir='ltr'><strong>illud</strong></span> 
     </span>
    </p>
   </div>
   <div class='ocr_carea' id='block_1_27' title="bbox 562 2035 2102 2103">
    <p class='ocr_par' dir='ltr' id='par_1_27' title="bbox 562 2035 2102 2103">
     <span class='ocr_line' id='line_1_27' title="bbox 562 2035 2102 2103; baseline 0.001 -19"><span class='ocrx_word' id='word_1_217' title='bbox 562 2037 700 2102; x_wconf 90' lang='lat' dir='ltr'><strong>quod</strong></span> <span class='ocrx_word' id='word_1_218' title='bbox 729 2044 935 2103; x_wconf 85' lang='lat' dir='ltr'><strong>peccata</strong></span> <span class='ocrx_word' id='word_1_219' title='bbox 967 2044 1392 2089; x_wconf 76' lang='lat' dir='ltr'><strong>construxerunt.</strong></span> <span class='ocrx_word' id='word_1_220' title='bbox 1425 2035 1487 2088; x_wconf 85' lang='lat' dir='ltr'><strong>Et</strong></span> <span class='ocrx_word' id='word_1_221' title='bbox 1509 2035 2102 2101; x_wconf 70' lang='lat' dir='ltr'><strong>cmlestcmlerusaleni,</strong></span> 
     </span>
    </p>
   </div>
   <div class='ocr_carea' id='block_1_28' title="bbox 563 2104 2107 2172">
    <p class='ocr_par' dir='ltr' id='par_1_28' title="bbox 563 2104 2107 2172">
     <span class='ocr_line' id='line_1_28' title="bbox 563 2104 2107 2172; baseline 0.001 -15"><span class='ocrx_word' id='word_1_222' title='bbox 563 2105 613 2158; x_wconf 89' lang='lat' dir='ltr'><strong>id</strong></span> <span class='ocrx_word' id='word_1_223' title='bbox 642 2115 742 2166; x_wconf 87' lang='lat' dir='ltr'><strong>est.</strong></span> <span class='ocrx_word' id='word_1_224' title='bbox 776 2104 1245 2159; x_wconf 87' lang='lat' dir='ltr'><strong>reconciliabuntur</strong></span> <span class='ocrx_word' id='word_1_225' title='bbox 1273 2106 1514 2172; x_wconf 77' lang='lat' dir='ltr'><strong>supernis</strong></span> <span class='ocrx_word' id='word_1_226' title='bbox 1534 2105 1736 2158; x_wconf 75' lang='lat' dir='ltr'><strong>civilius</strong></span> <span class='ocrx_word' id='word_1_227' title='bbox 1767 2120 1859 2171; x_wconf 90' lang='lat' dir='ltr'><strong>per</strong></span> <span class='ocrx_word' id='word_1_228' title='bbox 1886 2105 2107 2158; x_wconf 82' lang='lat' dir='ltr'><strong>virtutes</strong></span> 
     </span>
    </p>
   </div>
   <div class='ocr_carea' id='block_1_29' title="bbox 560 2174 2107 2243">
    <p class='ocr_par' dir='ltr' id='par_1_29' title="bbox 560 2174 2107 2243">
     <span class='ocr_line' id='line_1_29' title="bbox 560 2174 2107 2243; baseline 0.001 -17"><span class='ocrx_word' id='word_1_229' title='bbox 560 2185 615 2227; x_wconf 82' lang='lat' dir='ltr'><strong>et</strong></span> <span class='ocrx_word' id='word_1_230' title='bbox 659 2175 789 2228; x_wconf 89' lang='lat' dir='ltr'><strong>bona</strong></span> <span class='ocrx_word' id='word_1_231' title='bbox 821 2189 1000 2243; x_wconf 87' lang='lat' dir='ltr'><strong>opera.</strong></span> <span class='ocrx_word' id='word_1_232' title='bbox 1040 2191 1068 2228; x_wconf 87' lang='lat' dir='ltr'><strong>a</strong></span> <span class='ocrx_word' id='word_1_233' title='bbox 1115 2177 1304 2242; x_wconf 80' lang='lat' dir='ltr'><strong>quibus</strong></span> <span class='ocrx_word' id='word_1_234' title='bbox 1343 2175 1524 2228; x_wconf 83' lang='lat' dir='ltr'><strong>remeti</strong></span> <span class='ocrx_word' id='word_1_235' title='bbox 1556 2184 1608 2227; x_wconf 92' lang='lat' dir='ltr'><strong>et</strong></span> <span class='ocrx_word' id='word_1_236' title='bbox 1647 2174 1802 2228; x_wconf 83' lang='lat' dir='ltr'><strong>divisi</strong></span> <span class='ocrx_word' id='word_1_237' title='bbox 1828 2182 1977 2228; x_wconf 85' lang='lat' dir='ltr'><strong>erant</strong></span> <span class='ocrx_word' id='word_1_238' title='bbox 2014 2190 2107 2242; x_wconf 87' lang='lat' dir='ltr'><strong>per</strong></span> 
     </span>
    </p>
   </div>
   <div class='ocr_carea' id='block_1_30' title="bbox 563 2244 1717 2311">
    <p class='ocr_par' dir='ltr' id='par_1_30' title="bbox 563 2244 1717 2311">
     <span class='ocr_line' id='line_1_30' title="bbox 563 2244 1717 2311; baseline 0.004 -18"><span class='ocrx_word' id='word_1_239' title='bbox 563 2254 792 2311; x_wconf 74' lang='lat' dir='ltr'><strong>peccata,</strong></span> <span class='ocrx_word' id='word_1_240' title='bbox 826 2258 875 2299; x_wconf 90' lang='lat' dir='ltr'><strong>et</strong></span> <span class='ocrx_word' id='word_1_241' title='bbox 904 2247 1028 2298; x_wconf 88' lang='lat' dir='ltr'><strong>lient</strong></span> <span class='ocrx_word' id='word_1_242' title='bbox 1055 2260 1174 2298; x_wconf 89' lang='lat' dir='ltr'><strong>cum</strong></span> <span class='ocrx_word' id='word_1_243' title='bbox 1201 2245 1299 2298; x_wconf 82' lang='lat' dir='ltr'><strong>illis</strong></span> <span class='ocrx_word' id='word_1_244' title='bbox 1327 2244 1556 2299; x_wconf 80' lang='lat' dir='ltr'><strong>Ecclesia</strong></span> <span class='ocrx_word' id='word_1_245' title='bbox 1597 2260 1717 2298; x_wconf 90' lang='lat' dir='ltr'><strong>una.</strong></span> 
     </span>
    </p>
   </div>
   <div class='ocr_carea' id='block_1_31' title="bbox 633 2313 2107 2381">
    <p class='ocr_par' dir='ltr' id='par_1_31' title="bbox 633 2313 2107 2381">
     <span class='ocr_line' id='line_1_31' title="bbox 633 2313 2107 2381; baseline 0.001 -16"><span class='ocrx_word' id='word_1_246' title='bbox 633 2313 766 2367; x_wconf 80' lang='lat' dir='ltr'><strong>Deus</strong></span> <span class='ocrx_word' id='word_1_247' title='bbox 817 2331 970 2369; x_wconf 84' lang='lat' dir='ltr'><strong>meus.</strong></span> <span class='ocrx_word' id='word_1_248' title='bbox 1021 2314 1152 2368; x_wconf 76' lang='lat' dir='ltr'><strong>Vere</strong></span> <span class='ocrx_word' id='word_1_249' title='bbox 1182 2329 1272 2381; x_wconf 88' lang='lat' dir='ltr'><strong>per</strong></span> <span class='ocrx_word' id='word_1_250' title='bbox 1318 2325 1389 2379; x_wconf 88' lang='lat' dir='ltr'><strong>te,</strong></span> <span class='ocrx_word' id='word_1_251' title='bbox 1438 2314 1675 2375; x_wconf 87' lang='lat' dir='ltr'><strong>Domine,</strong></span> <span class='ocrx_word' id='word_1_252' title='bbox 1722 2313 2011 2379; x_wconf 80' lang='lat' dir='ltr'><strong>eripiantur</strong></span> <span class='ocrx_word' id='word_1_253' title='bbox 2054 2322 2107 2367; x_wconf 90' lang='grc' dir='ltr'><strong>ει</strong></span> 
     </span>
    </p>
   </div>
   <div class='ocr_carea' id='block_1_32' title="bbox 562 2382 2106 2452">
    <p class='ocr_par' dir='ltr' id='par_1_32' title="bbox 562 2382 2106 2452">
     <span class='ocr_line' id='line_1_32' title="bbox 562 2382 2106 2452; baseline 0.002 -19"><span class='ocrx_word' id='word_1_254' title='bbox 562 2385 1009 2451; x_wconf 69' lang='lat' dir='ltr'><strong>transgredientur</strong></span> <span class='ocrx_word' id='word_1_255' title='bbox 1058 2399 1303 2446; x_wconf 92' lang='lat' dir='ltr'><strong>murum,</strong></span> <span class='ocrx_word' id='word_1_256' title='bbox 1349 2384 1468 2452; x_wconf 84' lang='lat' dir='ltr'><strong>quia</strong></span> <span class='ocrx_word' id='word_1_257' title='bbox 1521 2392 1574 2435; x_wconf 89' lang='lat' dir='ltr'><strong>tu</strong></span> <span class='ocrx_word' id='word_1_258' title='bbox 1618 2382 1705 2452; x_wconf 80' lang='lat' dir='ltr'><strong>qui</strong></span> <span class='ocrx_word' id='word_1_259' title='bbox 1752 2397 1809 2436; x_wconf 84' lang='lat' dir='ltr'><strong>es</strong></span> <span class='ocrx_word' id='word_1_260' title='bbox 1856 2383 2106 2436; x_wconf 87' lang='lat' dir='ltr'><strong>Dominus</strong></span> 
     </span>
    </p>
   </div>
   <div class='ocr_carea' id='block_1_33' title="bbox 563 2450 2107 2520">
    <p class='ocr_par' dir='ltr' id='par_1_33' title="bbox 563 2450 2107 2520">
     <span class='ocr_line' id='line_1_33' title="bbox 563 2450 2107 2520; baseline 0.001 -16"><span class='ocrx_word' id='word_1_261' title='bbox 563 2469 730 2515; x_wconf 81' lang='lat' dir='ltr'><strong>meus,</strong></span> <span class='ocrx_word' id='word_1_262' title='bbox 758 2455 804 2506; x_wconf 90' lang='lat' dir='ltr'><strong>id</strong></span> <span class='ocrx_word' id='word_1_263' title='bbox 829 2462 925 2516; x_wconf 87' lang='lat' dir='ltr'><strong>est,</strong></span> <span class='ocrx_word' id='word_1_264' title='bbox 953 2468 1105 2520; x_wconf 88' lang='lat' dir='ltr'><strong>quem</strong></span> <span class='ocrx_word' id='word_1_265' title='bbox 1149 2450 1424 2506; x_wconf 82' lang='lat' dir='ltr'><strong>Dominum</strong></span> <span class='ocrx_word' id='word_1_266' title='bbox 1473 2452 1596 2506; x_wconf 91' lang='lat' dir='ltr'><strong>mihi</strong></span> <span class='ocrx_word' id='word_1_267' title='bbox 1635 2450 1790 2513; x_wconf 76' lang='lat' dir='ltr'><strong>facio.</strong></span> <span class='ocrx_word' id='word_1_268' title='bbox 1824 2453 2000 2517; x_wconf 77' lang='lat' dir='ltr'><strong>eripies</strong></span> <span class='ocrx_word' id='word_1_269' title='bbox 2029 2469 2107 2505; x_wconf 82' lang='lat' dir='ltr'><strong>me</strong></span> 
     </span>
    </p>
   </div>
   <div class='ocr_carea' id='block_1_34' title="bbox 563 2523 2107 2591">
    <p class='ocr_par' dir='ltr' id='par_1_34' title="bbox 563 2523 2107 2591">
     <span class='ocr_line' id='line_1_34' title="bbox 563 2523 2107 2591; baseline 0.001 -17"><span class='ocrx_word' id='word_1_270' title='bbox 563 2523 626 2574; x_wconf 82' lang='lat' dir='ltr'><strong>de</strong></span> <span class='ocrx_word' id='word_1_271' title='bbox 653 2523 1126 2576; x_wconf 77' lang='lat' dir='ltr'><strong>contradictionibus</strong></span> <span class='ocrx_word' id='word_1_272' title='bbox 1154 2523 1351 2575; x_wconf 82' lang='lat' dir='ltr'><strong>Jutlaici</strong></span> <span class='ocrx_word' id='word_1_273' title='bbox 1390 2523 1587 2591; x_wconf 86' lang='lat' dir='ltr'><strong>populi,</strong></span> <span class='ocrx_word' id='word_1_274' title='bbox 1617 2532 1669 2575; x_wconf 88' lang='lat' dir='ltr'><strong>et</strong></span> <span class='ocrx_word' id='word_1_275' title='bbox 1705 2523 1993 2576; x_wconf 87' lang='lat' dir='ltr'><strong>constitues</strong></span> <span class='ocrx_word' id='word_1_276' title='bbox 2025 2538 2107 2576; x_wconf 91' lang='lat' dir='ltr'><strong>me</strong></span> 
     </span>
    </p>
   </div>
   <div class='ocr_carea' id='block_1_35' title="bbox 564 2591 2109 2661">
    <p class='ocr_par' dir='ltr' id='par_1_35' title="bbox 564 2591 2109 2661">
     <span class='ocr_line' id='line_1_35' title="bbox 564 2591 2109 2661; baseline 0.001 -17"><span class='ocrx_word' id='word_1_277' title='bbox 564 2600 717 2657; x_wconf 86' lang='lat' dir='ltr'><strong>caput</strong></span> <span class='ocrx_word' id='word_1_278' title='bbox 746 2593 872 2660; x_wconf 82' lang='lat' dir='ltr'><strong>ipsis</strong></span> <span class='ocrx_word' id='word_1_279' title='bbox 899 2593 1156 2660; x_wconf 76' lang='lat' dir='ltr'><strong>gentibus.</strong></span> <span class='ocrx_word' id='word_1_280' title='bbox 1179 2591 1412 2656; x_wconf 85' lang='lat' dir='ltr'><strong>scilicet,</strong></span> <span class='ocrx_word' id='word_1_281' title='bbox 1442 2600 1496 2644; x_wconf 91' lang='lat' dir='ltr'><strong>ut</strong></span> <span class='ocrx_word' id='word_1_282' title='bbox 1539 2593 1663 2661; x_wconf 86' lang='lat' dir='ltr'><strong>mihi</strong></span> <span class='ocrx_word' id='word_1_283' title='bbox 1703 2591 2025 2661; x_wconf 75' lang='lat' dir='ltr'><strong>subiaceant,</strong></span> <span class='ocrx_word' id='word_1_284' title='bbox 2056 2601 2109 2645; x_wconf 90' lang='lat' dir='ltr'><strong>et</strong></span> 
     </span>
    </p>
   </div>
   <div class='ocr_carea' id='block_1_36' title="bbox 568 2660 2104 2729">
    <p class='ocr_par' dir='ltr' id='par_1_36' title="bbox 568 2660 2104 2729">
     <span class='ocr_line' id='line_1_36' title="bbox 568 2660 2104 2729; baseline 0.001 -16"><span class='ocrx_word' id='word_1_285' title='bbox 568 2677 653 2717; x_wconf 85' lang='lat' dir='ltr'><strong>me</strong></span> <span class='ocrx_word' id='word_1_286' title='bbox 693 2662 978 2715; x_wconf 86' lang='lat' dir='ltr'><strong>imitentur.</strong></span> <span class='ocrx_word' id='word_1_287' title='bbox 1030 2661 1122 2714; x_wconf 91' lang='lat' dir='ltr'><strong>lle</strong></span> <span class='ocrx_word' id='word_1_288' title='bbox 1172 2676 1353 2715; x_wconf 89' lang='lat' dir='ltr'><strong>versus</strong></span> <span class='ocrx_word' id='word_1_289' title='bbox 1404 2663 1555 2729; x_wconf 78' lang='lat' dir='ltr'><strong>longe</strong></span> <span class='ocrx_word' id='word_1_290' title='bbox 1587 2660 1808 2714; x_wconf 82' lang='lat' dir='ltr'><strong>inferius</strong></span> <span class='ocrx_word' id='word_1_291' title='bbox 1853 2660 2104 2727; x_wconf 84' lang='lat' dir='ltr'><strong>sequitur.</strong></span> 
     </span>
    </p>
   </div>
   <div class='ocr_carea' id='block_1_37' title="bbox 565 2730 2109 2797">
    <p class='ocr_par' dir='ltr' id='par_1_37' title="bbox 565 2730 2109 2797">
     <span class='ocr_line' id='line_1_37' title="bbox 565 2730 2109 2797; baseline 0.001 -15"><span class='ocrx_word' id='word_1_292' title='bbox 565 2732 714 2795; x_wconf 82' lang='lat' dir='ltr'><strong>Quod</strong></span> <span class='ocrx_word' id='word_1_293' title='bbox 740 2743 913 2784; x_wconf 84' lang='lat' dir='ltr'><strong>autem</strong></span> <span class='ocrx_word' id='word_1_294' title='bbox 947 2742 1021 2782; x_wconf 89' lang='lat' dir='ltr'><strong>tot</strong></span> <span class='ocrx_word' id='word_1_295' title='bbox 1047 2732 1345 2793; x_wconf 68' lang='lat' dir='ltr'><strong>interposita</strong></span> <span class='ocrx_word' id='word_1_296' title='bbox 1376 2741 1514 2790; x_wconf 89' lang='lat' dir='ltr'><strong>sunt,</strong></span> <span class='ocrx_word' id='word_1_297' title='bbox 1548 2730 1666 2782; x_wconf 85' lang='lat' dir='ltr'><strong>ideo</strong></span> <span class='ocrx_word' id='word_1_298' title='bbox 1696 2732 1882 2782; x_wconf 85' lang='lat' dir='ltr'><strong>factum</strong></span> <span class='ocrx_word' id='word_1_299' title='bbox 1925 2740 2023 2797; x_wconf 85' lang='lat' dir='ltr'><strong>est,</strong></span> <span class='ocrx_word' id='word_1_300' title='bbox 2055 2741 2109 2783; x_wconf 97' lang='grc' dir='ltr'><strong>ιιι</strong></span> 
     </span>
    </p>
   </div>
   <div class='ocr_carea' id='block_1_38' title="bbox 560 2798 2108 2869">
    <p class='ocr_par' dir='ltr' id='par_1_38' title="bbox 560 2798 2108 2869">
     <span class='ocr_line' id='line_1_38' title="bbox 560 2798 2108 2869; baseline -0.002 -16"><span class='ocrx_word' id='word_1_301' title='bbox 560 2811 717 2864; x_wconf 84' lang='lat' dir='ltr'><strong>caput</strong></span> <span class='ocrx_word' id='word_1_302' title='bbox 746 2801 910 2869; x_wconf 86' lang='lat' dir='ltr'><strong>ipsnm</strong></span> <span class='ocrx_word' id='word_1_303' title='bbox 939 2802 1169 2868; x_wconf 84' lang='lat' dir='ltr'><strong>pluribus</strong></span> <span class='ocrx_word' id='word_1_304' title='bbox 1201 2798 1367 2852; x_wconf 88' lang='lat' dir='ltr'><strong>modis</strong></span> <span class='ocrx_word' id='word_1_305' title='bbox 1395 2800 1722 2866; x_wconf 88' lang='lat' dir='ltr'><strong>comprobet,</strong></span> <span class='ocrx_word' id='word_1_306' title='bbox 1753 2801 1890 2866; x_wconf 92' lang='lat' dir='ltr'><strong>quod</strong></span> <span class='ocrx_word' id='word_1_307' title='bbox 1923 2803 2108 2854; x_wconf 77' lang='lat' dir='ltr'><strong>merito</strong></span> 
     </span>
    </p>
   </div>
   <div class='ocr_carea' id='block_1_39' title="bbox 567 2869 2108 2936">
    <p class='ocr_par' dir='ltr' id='par_1_39' title="bbox 567 2869 2108 2936">
     <span class='ocr_line' id='line_1_39' title="bbox 567 2869 2108 2936; baseline -0.001 -14"><span class='ocrx_word' id='word_1_308' title='bbox 567 2869 726 2924; x_wconf 89' lang='lat' dir='ltr'><strong>Deum</strong></span> <span class='ocrx_word' id='word_1_309' title='bbox 771 2886 921 2924; x_wconf 91' lang='lat' dir='ltr'><strong>suum</strong></span> <span class='ocrx_word' id='word_1_310' title='bbox 975 2869 1131 2922; x_wconf 84' lang='lat' dir='ltr'><strong>faciat</strong></span> <span class='ocrx_word' id='word_1_311' title='bbox 1177 2869 1470 2931; x_wconf 86' lang='lat' dir='ltr'><strong>Dominum,</strong></span> <span class='ocrx_word' id='word_1_312' title='bbox 1499 2880 1548 2922; x_wconf 89' lang='lat' dir='ltr'><strong>et</strong></span> <span class='ocrx_word' id='word_1_313' title='bbox 1596 2870 1672 2923; x_wconf 89' lang='lat' dir='ltr'><strong>sic</strong></span> <span class='ocrx_word' id='word_1_314' title='bbox 1705 2870 1844 2935; x_wconf 80' lang='lat' dir='ltr'><strong>ipsns</strong></span> <span class='ocrx_word' id='word_1_315' title='bbox 1888 2869 2108 2936; x_wconf 81' lang='lat' dir='ltr'><strong>gentiles</strong></span> 
     </span>
    </p>
   </div>
   <div class='ocr_carea' id='block_1_40' title="bbox 567 2939 2106 3006">
    <p class='ocr_par' dir='ltr' id='par_1_40' title="bbox 567 2939 2106 3006">
     <span class='ocr_line' id='line_1_40' title="bbox 567 2939 2106 3006; baseline 0.001 -15"><span class='ocrx_word' id='word_1_316' title='bbox 567 2941 822 3006; x_wconf 84' lang='lat' dir='ltr'><strong>hortetur,</strong></span> <span class='ocrx_word' id='word_1_317' title='bbox 854 2951 907 2993; x_wconf 91' lang='lat' dir='ltr'><strong>ut</strong></span> <span class='ocrx_word' id='word_1_318' title='bbox 936 2949 988 2993; x_wconf 83' lang='lat' dir='ltr'><strong>et</strong></span> <span class='ocrx_word' id='word_1_319' title='bbox 1009 2940 1105 3006; x_wconf 82' lang='lat' dir='ltr'><strong>ipsi</strong></span> <span class='ocrx_word' id='word_1_320' title='bbox 1141 2940 1298 2992; x_wconf 89' lang='lat' dir='ltr'><strong>Demu</strong></span> <span class='ocrx_word' id='word_1_321' title='bbox 1324 2954 1473 2990; x_wconf 91' lang='lat' dir='ltr'><strong>suum</strong></span> <span class='ocrx_word' id='word_1_322' title='bbox 1498 2953 1615 2991; x_wconf 91' lang='lat' dir='ltr'><strong>eum</strong></span> <span class='ocrx_word' id='word_1_323' title='bbox 1649 2940 1861 3006; x_wconf 75' lang='lat' dir='ltr'><strong>faciant,</strong></span> <span class='ocrx_word' id='word_1_324' title='bbox 1887 2949 1939 2992; x_wconf 87' lang='lat' dir='ltr'><strong>et</strong></span> <span class='ocrx_word' id='word_1_325' title='bbox 1970 2939 2106 2992; x_wconf 89' lang='lat' dir='ltr'><strong>idola</strong></span> 
     </span>
    </p>
   </div>
   <div class='ocr_carea' id='block_1_41' title="bbox 567 3007 2106 3078">
    <p class='ocr_par' dir='ltr' id='par_1_41' title="bbox 567 3007 2106 3078">
     <span class='ocr_line' id='line_1_41' title="bbox 567 3007 2106 3078; baseline 0.002 -20"><span class='ocrx_word' id='word_1_326' title='bbox 567 3023 699 3062; x_wconf 90' lang='lat' dir='ltr'><strong>vana</strong></span> <span class='ocrx_word' id='word_1_327' title='bbox 733 3019 1064 3078; x_wconf 81' lang='lat' dir='ltr'><strong>postponam.</strong></span> <span class='ocrx_word' id='word_1_328' title='bbox 1089 3011 1184 3076; x_wconf 88' lang='lat' dir='ltr'><strong>Qui</strong></span> <span class='ocrx_word' id='word_1_329' title='bbox 1227 3010 1472 3076; x_wconf 82' lang='lat' dir='ltr'><strong>gentiles,</strong></span> <span class='ocrx_word' id='word_1_330' title='bbox 1504 3007 1622 3076; x_wconf 86' lang='lat' dir='ltr'><strong>quia</strong></span> <span class='ocrx_word' id='word_1_331' title='bbox 1662 3010 2017 3078; x_wconf 75' lang='lat' dir='ltr'><strong>multipliciter</strong></span> <span class='ocrx_word' id='word_1_332' title='bbox 2057 3011 2106 3061; x_wconf 90' lang='lat' dir='ltr'><strong>in</strong></span> 
     </span>
    </p>
   </div>
   <div class='ocr_carea' id='block_1_42' title="bbox 565 3077 2106 3139">
    <p class='ocr_par' dir='ltr' id='par_1_42' title="bbox 565 3077 2106 3139">
     <span class='ocr_line' id='line_1_42' title="bbox 565 3077 2106 3139; baseline 0.001 -10"><span class='ocrx_word' id='word_1_333' title='bbox 565 3077 855 3134; x_wconf 82' lang='lat' dir='ltr'><strong>idolo’atria</strong></span> <span class='ocrx_word' id='word_1_334' title='bbox 884 3081 1274 3139; x_wconf 85' lang='lat' dir='ltr'><strong>aberraverant,</strong></span> <span class='ocrx_word' id='word_1_335' title='bbox 1327 3080 1390 3130; x_wconf 88' lang='lat' dir='ltr'><strong>ad</strong></span> <span class='ocrx_word' id='word_1_336' title='bbox 1440 3080 1637 3129; x_wconf 82' lang='lat' dir='ltr'><strong>cultum</strong></span> <span class='ocrx_word' id='word_1_337' title='bbox 1688 3077 1776 3128; x_wconf 84' lang='lat' dir='ltr'><strong>Dei</strong></span> <span class='ocrx_word' id='word_1_338' title='bbox 1821 3079 1927 3128; x_wconf 89' lang='lat' dir='ltr'><strong>veri</strong></span> <span class='ocrx_word' id='word_1_339' title='bbox 1960 3092 2106 3131; x_wconf 84' lang='lat' dir='ltr'><strong>revo-</strong></span> 
     </span>
    </p>
   </div>
   <div class='ocr_carea' id='block_1_43' title="bbox 560 3147 2105 3210">
    <p class='ocr_par' dir='ltr' id='par_1_43' title="bbox 560 3147 2105 3210">
     <span class='ocr_line' id='line_1_43' title="bbox 560 3147 2105 3210; baseline -0.001 -10"><span class='ocrx_word' id='word_1_340' title='bbox 560 3151 710 3203; x_wconf 83' lang='lat' dir='ltr'><strong>candi</strong></span> <span class='ocrx_word' id='word_1_341' title='bbox 734 3161 901 3210; x_wconf 83' lang='lat' dir='ltr'><strong>erant,</strong></span> <span class='ocrx_word' id='word_1_342' title='bbox 935 3160 988 3203; x_wconf 92' lang='lat' dir='ltr'><strong>et</strong></span> <span class='ocrx_word' id='word_1_343' title='bbox 1011 3151 1126 3202; x_wconf 84' lang='lat' dir='ltr'><strong>ideo</strong></span> <span class='ocrx_word' id='word_1_344' title='bbox 1155 3164 1258 3200; x_wconf 91' lang='lat' dir='ltr'><strong>non</strong></span> <span class='ocrx_word' id='word_1_345' title='bbox 1289 3147 1404 3199; x_wconf 88' lang='lat' dir='ltr'><strong>frus</strong></span> <span class='ocrx_word' id='word_1_346' title='bbox 1430 3162 1481 3197; x_wconf 91' lang='lat' dir='ltr'><strong>ra</strong></span> <span class='ocrx_word' id='word_1_347' title='bbox 1507 3148 1568 3197; x_wconf 85' lang='lat' dir='ltr'><strong>ad</strong></span> <span class='ocrx_word' id='word_1_348' title='bbox 1601 3147 2105 3200; x_wconf 70' lang='lat' dir='ltr'><strong>commendationem</strong></span> 
     </span>
    </p>
   </div>
   <div class='ocr_carea' id='block_1_44' title="bbox 565 3216 2107 3284">
    <p class='ocr_par' dir='ltr' id='par_1_44' title="bbox 565 3216 2107 3284">
     <span class='ocr_line' id='line_1_44' title="bbox 565 3216 2107 3284; baseline 0 -15"><span class='ocrx_word' id='word_1_349' title='bbox 565 3230 636 3270; x_wconf 83' lang='lat' dir='ltr'><strong>tet</strong></span> <span class='ocrx_word' id='word_1_350' title='bbox 670 3220 897 3273; x_wconf 79' lang='lat' dir='ltr'><strong>rationes</strong></span> <span class='ocrx_word' id='word_1_351' title='bbox 927 3216 1231 3283; x_wconf 88' lang='lat' dir='ltr'><strong>interponit.</strong></span> <span class='ocrx_word' id='word_1_352' title='bbox 1256 3227 1307 3270; x_wconf 90' lang='lat' dir='ltr'><strong>et</strong></span> <span class='ocrx_word' id='word_1_353' title='bbox 1332 3217 1590 3269; x_wconf 73' lang='lat' dir='ltr'><strong>convertit</strong></span> <span class='ocrx_word' id='word_1_354' title='bbox 1631 3231 1686 3269; x_wconf 88' lang='lat' dir='ltr'><strong>se</strong></span> <span class='ocrx_word' id='word_1_355' title='bbox 1714 3217 1774 3267; x_wconf 87' lang='lat' dir='ltr'><strong>ad</strong></span> <span class='ocrx_word' id='word_1_356' title='bbox 1815 3217 1955 3283; x_wconf 58' lang='lat' dir='ltr'><strong>ipsius</strong></span> <span class='ocrx_word' id='word_1_357' title='bbox 1978 3232 2107 3284; x_wconf 74' lang='lat' dir='ltr'><strong>gen~</strong></span> 
     </span>
    </p>
   </div>
   <div class='ocr_carea' id='block_1_45' title="bbox 564 3285 2103 3352">
    <p class='ocr_par' dir='ltr' id='par_1_45' title="bbox 564 3285 2103 3352">
     <span class='ocr_line' id='line_1_45' title="bbox 564 3285 2103 3352; baseline -0.001 -14"><span class='ocrx_word' id='word_1_358' title='bbox 564 3290 700 3342; x_wconf 91' lang='lat' dir='ltr'><strong>tiles.</strong></span> <span class='ocrx_word' id='word_1_359' title='bbox 747 3289 903 3352; x_wconf 79' lang='lat' dir='ltr'><strong>Quasi</strong></span> <span class='ocrx_word' id='word_1_360' title='bbox 956 3289 1138 3340; x_wconf 88' lang='lat' dir='ltr'><strong>dicat:</strong></span> <span class='ocrx_word' id='word_1_361' title='bbox 1173 3287 1354 3340; x_wconf 81' lang='lat' dir='ltr'><strong>Merito</strong></span> <span class='ocrx_word' id='word_1_362' title='bbox 1404 3285 1676 3338; x_wconf 90' lang='lat' dir='ltr'><strong>Dominum</strong></span> <span class='ocrx_word' id='word_1_363' title='bbox 1727 3285 1889 3338; x_wconf 89' lang='lat' dir='ltr'><strong>Deum</strong></span> <span class='ocrx_word' id='word_1_364' title='bbox 1934 3303 2103 3338; x_wconf 69' lang='lat' dir='ltr'><strong>meum</strong></span> 
     </span>
    </p>
   </div>
   <div class='ocr_carea' id='block_1_46' title="bbox 563 3357 2107 3426">
    <p class='ocr_par' dir='ltr' id='par_1_46' title="bbox 563 3357 2107 3426">
     <span class='ocr_line' id='line_1_46' title="bbox 563 3357 2107 3426; baseline -0.002 -16"><span class='ocrx_word' id='word_1_365' title='bbox 563 3358 715 3422; x_wconf 81' lang='lat' dir='ltr'><strong>facio,</strong></span> <span class='ocrx_word' id='word_1_366' title='bbox 748 3361 867 3426; x_wconf 81' lang='lat' dir='ltr'><strong>quia</strong></span> <span class='ocrx_word' id='word_1_367' title='bbox 901 3359 982 3411; x_wconf 92' lang='lat' dir='ltr'><strong>via</strong></span> <span class='ocrx_word' id='word_1_368' title='bbox 1006 3358 1138 3426; x_wconf 80' lang='lat' dir='ltr'><strong>ejus,</strong></span> <span class='ocrx_word' id='word_1_369' title='bbox 1165 3357 1243 3410; x_wconf 88' lang='lat' dir='ltr'><strong>vel</strong></span> <span class='ocrx_word' id='word_1_370' title='bbox 1275 3367 1528 3423; x_wconf 68' lang='lat' dir='ltr'><strong>praecepta</strong></span> <span class='ocrx_word' id='word_1_371' title='bbox 1560 3359 1673 3420; x_wconf 81' lang='lat' dir='ltr'><strong>ejus</strong></span> <span class='ocrx_word' id='word_1_372' title='bbox 1703 3365 1756 3408; x_wconf 91' lang='lat' dir='ltr'><strong>et</strong></span> <span class='ocrx_word' id='word_1_373' title='bbox 1783 3371 1960 3426; x_wconf 86' lang='lat' dir='ltr'><strong>opera.</strong></span> <span class='ocrx_word' id='word_1_374' title='bbox 1993 3357 2107 3420; x_wconf 87' lang='lat' dir='ltr'><strong>qui-</strong></span> 
     </span>
    </p>
   </div>
   <div class='ocr_carea' id='block_1_47' title="bbox 567 3425 2105 3495">
    <p class='ocr_par' dir='ltr' id='par_1_47' title="bbox 567 3425 2105 3495">
     <span class='ocr_line' id='line_1_47' title="bbox 567 3425 2105 3495; baseline -0.001 -15"><span class='ocrx_word' id='word_1_375' title='bbox 567 3428 660 3480; x_wconf 89' lang='lat' dir='ltr'><strong>bus</strong></span> <span class='ocrx_word' id='word_1_376' title='bbox 688 3425 948 3495; x_wconf 89' lang='lat' dir='ltr'><strong>adipsum</strong></span> <span class='ocrx_word' id='word_1_377' title='bbox 992 3425 1212 3485; x_wconf 86' lang='lat' dir='ltr'><strong>venitur.</strong></span> <span class='ocrx_word' id='word_1_378' title='bbox 1245 3443 1346 3480; x_wconf 86' lang='lat' dir='ltr'><strong>non</strong></span> <span class='ocrx_word' id='word_1_379' title='bbox 1374 3437 1493 3480; x_wconf 88' lang='lat' dir='ltr'><strong>sunt</strong></span> <span class='ocrx_word' id='word_1_380' title='bbox 1521 3428 1736 3494; x_wconf 86' lang='lat' dir='ltr'><strong>polluta,</strong></span> <span class='ocrx_word' id='word_1_381' title='bbox 1781 3425 1827 3477; x_wconf 89' lang='lat' dir='ltr'><strong>id</strong></span> <span class='ocrx_word' id='word_1_382' title='bbox 1873 3433 1973 3485; x_wconf 85' lang='lat' dir='ltr'><strong>est,</strong></span> <span class='ocrx_word' id='word_1_383' title='bbox 2005 3440 2105 3479; x_wconf 90' lang='lat' dir='ltr'><strong>non</strong></span> 
     </span>
    </p>
   </div>
   <div class='ocr_carea' id='block_1_48' title="bbox 566 3495 2106 3563">
    <p class='ocr_par' dir='ltr' id='par_1_48' title="bbox 566 3495 2106 3563">
     <span class='ocr_line' id='line_1_48' title="bbox 566 3495 2106 3563; baseline -0.001 -13"><span class='ocrx_word' id='word_1_384' title='bbox 566 3498 824 3563; x_wconf 83' lang='lat' dir='ltr'><strong>pertinent</strong></span> <span class='ocrx_word' id='word_1_385' title='bbox 855 3499 917 3550; x_wconf 86' lang='lat' dir='ltr'><strong>ad</strong></span> <span class='ocrx_word' id='word_1_386' title='bbox 943 3499 1318 3551; x_wconf 79' lang='lat' dir='ltr'><strong>immunditiam</strong></span> <span class='ocrx_word' id='word_1_387' title='bbox 1351 3499 1488 3562; x_wconf 79' lang='lat' dir='ltr'><strong>illam</strong></span> <span class='ocrx_word' id='word_1_388' title='bbox 1519 3512 1634 3562; x_wconf 79' lang='lat' dir='ltr'><strong>qua:</strong></span> <span class='ocrx_word' id='word_1_389' title='bbox 1656 3505 1734 3547; x_wconf 85' lang='lat' dir='ltr'><strong>est</strong></span> <span class='ocrx_word' id='word_1_390' title='bbox 1763 3495 1810 3544; x_wconf 91' lang='lat' dir='ltr'><strong>in</strong></span> <span class='ocrx_word' id='word_1_391' title='bbox 1837 3496 2106 3549; x_wconf 57' lang='lat' dir='ltr'><strong>sacriﬁciis</strong></span> 
     </span>
    </p>
   </div>
   <div class='ocr_carea' id='block_1_49' title="bbox 567 3565 2106 3634">
    <p class='ocr_par' dir='ltr' id='par_1_49' title="bbox 567 3565 2106 3634">
     <span class='ocr_line' id='line_1_49' title="bbox 567 3565 2106 3634; baseline 0.001 -18"><span class='ocrx_word' id='word_1_392' title='bbox 567 3567 843 3625; x_wconf 90' lang='lat' dir='ltr'><strong>idolorum.</strong></span> <span class='ocrx_word' id='word_1_393' title='bbox 875 3583 1096 3634; x_wconf 88' lang='lat' dir='ltr'><strong>quorum</strong></span> <span class='ocrx_word' id='word_1_394' title='bbox 1144 3582 1248 3619; x_wconf 75' lang='lat' dir='ltr'><strong>ara:</strong></span> <span class='ocrx_word' id='word_1_395' title='bbox 1292 3566 1448 3616; x_wconf 88' lang='lat' dir='ltr'><strong>etiam</strong></span> <span class='ocrx_word' id='word_1_396' title='bbox 1493 3580 1632 3630; x_wconf 67' lang='lat' dir='ltr'><strong>saepe</strong></span> <span class='ocrx_word' id='word_1_397' title='bbox 1665 3565 1891 3615; x_wconf 89' lang='lat' dir='ltr'><strong>humano</strong></span> <span class='ocrx_word' id='word_1_398' title='bbox 1920 3580 2106 3618; x_wconf 88' lang='lat' dir='ltr'><strong>cruore</strong></span> 
     </span>
    </p>
   </div>
   <div class='ocr_carea' id='block_1_50' title="bbox 569 3634 2102 3701">
    <p class='ocr_par' dir='ltr' id='par_1_50' title="bbox 569 3634 2102 3701">
     <span class='ocr_line' id='line_1_50' title="bbox 569 3634 2102 3701; baseline 0.001 -14"><span class='ocrx_word' id='word_1_399' title='bbox 569 3637 948 3701; x_wconf 85' lang='lat' dir='ltr'><strong>pollnebantnr.</strong></span> <span class='ocrx_word' id='word_1_400' title='bbox 979 3639 1070 3688; x_wconf 87' lang='lat' dir='ltr'><strong>sed</strong></span> <span class='ocrx_word' id='word_1_401' title='bbox 1119 3648 1237 3687; x_wconf 85' lang='lat' dir='ltr'><strong>sunt</strong></span> <span class='ocrx_word' id='word_1_402' title='bbox 1285 3635 1574 3700; x_wconf 85' lang='lat' dir='ltr'><strong>impolluta,</strong></span> <span class='ocrx_word' id='word_1_403' title='bbox 1604 3634 1651 3685; x_wconf 90' lang='lat' dir='ltr'><strong>id</strong></span> <span class='ocrx_word' id='word_1_404' title='bbox 1697 3645 1796 3696; x_wconf 86' lang='lat' dir='ltr'><strong>est,</strong></span> <span class='ocrx_word' id='word_1_405' title='bbox 1827 3634 1888 3684; x_wconf 81' lang='lat' dir='ltr'><strong>ad</strong></span> <span class='ocrx_word' id='word_1_406' title='bbox 1931 3650 2102 3688; x_wconf 83' lang='lat' dir='ltr'><strong>veram</strong></span> 
     </span>
    </p>
   </div>
   <div class='ocr_carea' id='block_1_51' title="bbox 570 3703 2101 3773">
    <p class='ocr_par' dir='ltr' id='par_1_51' title="bbox 570 3703 2101 3773">
     <span class='ocr_line' id='line_1_51' title="bbox 570 3703 2101 3773; baseline 0.001 -18"><span class='ocrx_word' id='word_1_407' title='bbox 570 3704 875 3757; x_wconf 86' lang='lat' dir='ltr'><strong>munditiam</strong></span> <span class='ocrx_word' id='word_1_408' title='bbox 903 3707 1233 3773; x_wconf 86' lang='lat' dir='ltr'><strong>pertinentia.</strong></span> <span class='ocrx_word' id='word_1_409' title='bbox 1265 3703 1352 3755; x_wconf 84' lang='lat' dir='ltr'><strong>Vel</strong></span> <span class='ocrx_word' id='word_1_410' title='bbox 1382 3718 1654 3773; x_wconf 88' lang='lat' dir='ltr'><strong>possumus</strong></span> <span class='ocrx_word' id='word_1_411' title='bbox 1683 3704 1758 3756; x_wconf 88' lang='lat' dir='ltr'><strong>sic</strong></span> <span class='ocrx_word' id='word_1_412' title='bbox 1780 3705 1951 3756; x_wconf 88' lang='lat' dir='ltr'><strong>dicere</strong></span> <span class='ocrx_word' id='word_1_413' title='bbox 1979 3704 2101 3757; x_wconf 76' lang='lat' dir='ltr'><strong>:Via</strong></span> 
     </span>
    </p>
   </div>
   <div class='ocr_carea' id='block_1_52' title="bbox 568 3772 2102 3841">
    <p class='ocr_par' dir='ltr' id='par_1_52' title="bbox 568 3772 2102 3841">
     <span class='ocr_line' id='line_1_52' title="bbox 568 3772 2102 3841; baseline 0 -15"><span class='ocrx_word' id='word_1_414' title='bbox 568 3774 770 3827; x_wconf 87' lang='lat' dir='ltr'><strong>Domini</strong></span> <span class='ocrx_word' id='word_1_415' title='bbox 801 3772 1072 3841; x_wconf 88' lang='lat' dir='ltr'><strong>perquam</strong></span> <span class='ocrx_word' id='word_1_416' title='bbox 1106 3778 1213 3841; x_wconf 90' lang='lat' dir='ltr'><strong>ipse</strong></span> <span class='ocrx_word' id='word_1_417' title='bbox 1241 3773 1440 3827; x_wconf 74' lang='lat' dir='ltr'><strong>scilicet</strong></span> <span class='ocrx_word' id='word_1_418' title='bbox 1467 3772 1529 3825; x_wconf 87' lang='lat' dir='ltr'><strong>ad</strong></span> <span class='ocrx_word' id='word_1_419' title='bbox 1559 3787 1651 3824; x_wconf 89' lang='lat' dir='ltr'><strong>nos</strong></span> <span class='ocrx_word' id='word_1_420' title='bbox 1676 3773 1896 3836; x_wconf 86' lang='lat' dir='ltr'><strong>accedit,</strong></span> <span class='ocrx_word' id='word_1_421' title='bbox 1928 3773 1976 3825; x_wconf 90' lang='lat' dir='ltr'><strong>id</strong></span> <span class='ocrx_word' id='word_1_422' title='bbox 2002 3785 2102 3838; x_wconf 89' lang='lat' dir='ltr'><strong>est,</strong></span> 
     </span>
    </p>
   </div>
   <div class='ocr_carea' id='block_1_53' title="bbox 567 3843 2106 3911">
    <p class='ocr_par' dir='ltr' id='par_1_53' title="bbox 567 3843 2106 3911">
     <span class='ocr_line' id='line_1_53' title="bbox 567 3843 2106 3911; baseline 0.001 -17"><span class='ocrx_word' id='word_1_423' title='bbox 567 3847 784 3898; x_wconf 83' lang='lat' dir='ltr'><strong>virtutes</strong></span> <span class='ocrx_word' id='word_1_424' title='bbox 810 3856 859 3896; x_wconf 83' lang='lat' dir='ltr'><strong>et</strong></span> <span class='ocrx_word' id='word_1_425' title='bbox 887 3844 1018 3897; x_wconf 87' lang='lat' dir='ltr'><strong>bona</strong></span> <span class='ocrx_word' id='word_1_426' title='bbox 1051 3859 1208 3911; x_wconf 80' lang='lat' dir='ltr'><strong>opera</strong></span> <span class='ocrx_word' id='word_1_427' title='bbox 1255 3852 1376 3894; x_wconf 90' lang='lat' dir='ltr'><strong>sunt</strong></span> <span class='ocrx_word' id='word_1_428' title='bbox 1415 3843 1706 3907; x_wconf 72' lang='lat' dir='ltr'><strong>impolluta,</strong></span> <span class='ocrx_word' id='word_1_429' title='bbox 1753 3844 1799 3892; x_wconf 88' lang='lat' dir='ltr'><strong>itl</strong></span> <span class='ocrx_word' id='word_1_430' title='bbox 1841 3852 1942 3905; x_wconf 87' lang='lat' dir='ltr'><strong>est,</strong></span> <span class='ocrx_word' id='word_1_431' title='bbox 1985 3859 2106 3896; x_wconf 85' lang='lat' dir='ltr'><strong>vere</strong></span> 
     </span>
    </p>
   </div>
   <div class='ocr_carea' id='block_1_54' title="bbox 564 3911 2102 3980">
    <p class='ocr_par' dir='ltr' id='par_1_54' title="bbox 564 3911 2102 3980">
     <span class='ocr_line' id='line_1_54' title="bbox 564 3911 2102 3980; baseline -0.001 -15"><span class='ocrx_word' id='word_1_432' title='bbox 564 3915 777 3968; x_wconf 83' lang='lat' dir='ltr'><strong>munda.</strong></span> <span class='ocrx_word' id='word_1_433' title='bbox 810 3913 927 3967; x_wconf 84' lang='lat' dir='ltr'><strong>Non</strong></span> <span class='ocrx_word' id='word_1_434' title='bbox 952 3915 1080 3967; x_wconf 85' lang='lat' dir='ltr'><strong>enim</strong></span> <span class='ocrx_word' id='word_1_435' title='bbox 1112 3914 1300 3965; x_wconf 82' lang='lat' dir='ltr'><strong>habitat</strong></span> <span class='ocrx_word' id='word_1_436' title='bbox 1335 3913 1385 3964; x_wconf 89' lang='lat' dir='ltr'><strong>in</strong></span> <span class='ocrx_word' id='word_1_437' title='bbox 1413 3928 1616 3980; x_wconf 87' lang='lat' dir='ltr'><strong>carpare</strong></span> <span class='ocrx_word' id='word_1_438' title='bbox 1653 3911 1848 3962; x_wconf 87' lang='lat' dir='ltr'><strong>subdito</strong></span> <span class='ocrx_word' id='word_1_439' title='bbox 1871 3913 2102 3978; x_wconf 80' lang='lat' dir='ltr'><strong>peccatis,</strong></span> 
     </span>
    </p>
   </div>
   <div class='ocr_carea' id='block_1_55' title="bbox 563 3982 2104 4052">
    <p class='ocr_par' dir='ltr' id='par_1_55' title="bbox 563 3982 2104 4052">
     <span class='ocr_line' id='line_1_55' title="bbox 563 3982 2104 4052; baseline 0.001 -19"><span class='ocrx_word' id='word_1_440' title='bbox 563 3994 606 4034; x_wconf 79' lang='lat' dir='ltr'><strong>et</strong></span> <span class='ocrx_word' id='word_1_441' title='bbox 635 3987 828 4052; x_wconf 81' lang='lat' dir='ltr'><strong>eloquia</strong></span> <span class='ocrx_word' id='word_1_442' title='bbox 877 3986 1038 4050; x_wconf 75' lang='lat' dir='ltr'><strong>ipsius</strong></span> <span class='ocrx_word' id='word_1_443' title='bbox 1071 3983 1274 4034; x_wconf 84' lang='lat' dir='ltr'><strong>Domini</strong></span> <span class='ocrx_word' id='word_1_444' title='bbox 1304 3993 1440 4052; x_wconf 83' lang='lat' dir='ltr'><strong>stitit</strong></span> <span class='ocrx_word' id='word_1_445' title='bbox 1481 3982 1778 4052; x_wconf 61' lang='lat' dir='ltr'><strong>examinata</strong></span> <span class='ocrx_word' id='word_1_446' title='bbox 1794 3996 1883 4048; x_wconf 86' lang='lat' dir='ltr'><strong>per</strong></span> <span class='ocrx_word' id='word_1_447' title='bbox 1915 3983 2104 4048; x_wconf 78' lang='lat' dir='ltr'><strong>ignem,</strong></span> 
     </span>
    </p>
   </div>
   <div class='ocr_carea' id='block_1_56' title="bbox 567 4050 2104 4118">
    <p class='ocr_par' dir='ltr' id='par_1_56' title="bbox 567 4050 2104 4118">
     <span class='ocr_line' id='line_1_56' title="bbox 567 4050 2104 4118; baseline 0.001 -16"><span class='ocrx_word' id='word_1_448' title='bbox 567 4053 616 4102; x_wconf 87' lang='lat' dir='ltr'><strong>id</strong></span> <span class='ocrx_word' id='word_1_449' title='bbox 642 4050 742 4107; x_wconf 66' lang='lat' dir='ltr'><strong>est.</strong></span> <span class='ocrx_word' id='word_1_450' title='bbox 775 4064 1028 4118; x_wconf 64' lang='lat' dir='ltr'><strong>tira&#39;cepta</strong></span> <span class='ocrx_word' id='word_1_451' title='bbox 1061 4052 1261 4104; x_wconf 81' lang='lat' dir='ltr'><strong>Domini</strong></span> <span class='ocrx_word' id='word_1_452' title='bbox 1292 4051 1486 4103; x_wconf 81' lang='lat' dir='ltr'><strong>faciunt</strong></span> <span class='ocrx_word' id='word_1_453' title='bbox 1513 4051 1662 4112; x_wconf 81' lang='lat' dir='ltr'><strong>tales,</strong></span> <span class='ocrx_word' id='word_1_454' title='bbox 1695 4050 1780 4117; x_wconf 87' lang='lat' dir='ltr'><strong>qui</strong></span> <span class='ocrx_word' id='word_1_455' title='bbox 1820 4062 1941 4104; x_wconf 90' lang='lat' dir='ltr'><strong>sunt</strong></span> <span class='ocrx_word' id='word_1_456' title='bbox 1963 4066 2104 4103; x_wconf 78' lang='grc' dir='ltr'>ειιιιιο</span> 
     </span>
    </p>
   </div>
   <div class='ocr_carea' id='block_1_57' title="bbox 575 4120 2104 4187">
    <p class='ocr_par' dir='ltr' id='par_1_57' title="bbox 575 4120 2104 4187">
     <span class='ocr_line' id='line_1_57' title="bbox 575 4120 2104 4187; baseline 0.005 -21"><span class='ocrx_word' id='word_1_457' title='bbox 575 4120 831 4184; x_wconf 80' lang='lat' dir='ltr'><strong>parabiles</strong></span> <span class='ocrx_word' id='word_1_458' title='bbox 858 4135 1070 4183; x_wconf 63' lang='lat' dir='ltr'><strong>argento</strong></span> <span class='ocrx_word' id='word_1_459' title='bbox 1095 4123 1392 4174; x_wconf 83' lang='lat' dir='ltr'><strong>examinato</strong></span> <span class='ocrx_word' id='word_1_460' title='bbox 1414 4135 1505 4186; x_wconf 90' lang='lat' dir='ltr'><strong>per</strong></span> <span class='ocrx_word' id='word_1_461' title='bbox 1528 4122 1720 4187; x_wconf 82' lang='lat' dir='ltr'><strong>ignem,</strong></span> <span class='ocrx_word' id='word_1_462' title='bbox 1746 4130 1798 4170; x_wconf 91' lang='lat' dir='ltr'><strong>ut</strong></span> <span class='ocrx_word' id='word_1_463' title='bbox 1819 4121 1924 4187; x_wconf 77' lang='lat' dir='ltr'><strong>jam</strong></span> <span class='ocrx_word' id='word_1_464' title='bbox 1948 4135 2104 4186; x_wconf 82' lang='lat' dir='ltr'><strong>supra</strong></span> 
     </span>
    </p>
   </div>
   <div class='ocr_carea' id='block_1_58' title="bbox 566 4189 2106 4258">
    <p class='ocr_par' dir='ltr' id='par_1_58' title="bbox 566 4189 2106 4258">
     <span class='ocr_line' id='line_1_58' title="bbox 566 4189 2106 4258; baseline 0.002 -19"><span class='ocrx_word' id='word_1_465' title='bbox 566 4189 760 4240; x_wconf 90' lang='lat' dir='ltr'><strong>dictum</strong></span> <span class='ocrx_word' id='word_1_466' title='bbox 790 4200 888 4242; x_wconf 81' lang='lat' dir='ltr'><strong>est.</strong></span> <span class='ocrx_word' id='word_1_467' title='bbox 923 4190 984 4242; x_wconf 78' lang='lat' dir='ltr'><strong>Et</strong></span> <span class='ocrx_word' id='word_1_468' title='bbox 1013 4191 1145 4242; x_wconf 90' lang='lat' dir='ltr'><strong>idem</strong></span> <span class='ocrx_word' id='word_1_469' title='bbox 1196 4190 1446 4241; x_wconf 81' lang='lat' dir='ltr'><strong>Dominus</strong></span> <span class='ocrx_word' id='word_1_470' title='bbox 1490 4201 1560 4239; x_wconf 83' lang='lat' dir='ltr'><strong>cst</strong></span> <span class='ocrx_word' id='word_1_471' title='bbox 1591 4199 1835 4258; x_wconf 79' lang='lat' dir='ltr'><strong>protector</strong></span> <span class='ocrx_word' id='word_1_472' title='bbox 1884 4193 2106 4242; x_wconf 86' lang='lat' dir='ltr'><strong>omnium</strong></span> 
     </span>
    </p>
   </div>
   <div class='ocr_carea' id='block_1_59' title="bbox 566 4259 2106 4327">
    <p class='ocr_par' dir='ltr' id='par_1_59' title="bbox 566 4259 2106 4327">
     <span class='ocr_line' id='line_1_59' title="bbox 566 4259 2106 4327; baseline 0.002 -19"><span class='ocrx_word' id='word_1_473' title='bbox 566 4259 617 4308; x_wconf 85' lang='lat' dir='ltr'><strong>iu</strong></span> <span class='ocrx_word' id='word_1_474' title='bbox 641 4273 692 4311; x_wconf 73' lang='lat' dir='ltr'><strong>se</strong></span> <span class='ocrx_word' id='word_1_475' title='bbox 721 4261 1044 4327; x_wconf 81' lang='lat' dir='ltr'><strong>spcrantium,</strong></span> <span class='ocrx_word' id='word_1_476' title='bbox 1079 4260 1309 4324; x_wconf 85' lang='lat' dir='ltr'><strong>abjector</strong></span> <span class='ocrx_word' id='word_1_477' title='bbox 1353 4273 1477 4309; x_wconf 79' lang='lat' dir='ltr'><strong>vero</strong></span> <span class='ocrx_word' id='word_1_478' title='bbox 1505 4268 1552 4310; x_wconf 90' lang='lat' dir='ltr'><strong>et</strong></span> <span class='ocrx_word' id='word_1_479' title='bbox 1593 4268 1918 4327; x_wconf 81' lang='lat' dir='ltr'><strong>centemptor</strong></span> <span class='ocrx_word' id='word_1_480' title='bbox 1957 4259 2022 4310; x_wconf 89' lang='lat' dir='ltr'><strong>de</strong></span> <span class='ocrx_word' id='word_1_481' title='bbox 2050 4274 2106 4312; x_wconf 88' lang='lat' dir='ltr'><strong>se</strong></span> 
     </span>
    </p>
   </div>
   <div class='ocr_carea' id='block_1_60' title="bbox 570 4325 2101 4394">
    <p class='ocr_par' dir='ltr' id='par_1_60' title="bbox 570 4325 2101 4394">
     <span class='ocr_line' id='line_1_60' title="bbox 570 4325 2101 4394; baseline 0.001 -16"><span class='ocrx_word' id='word_1_482' title='bbox 570 4325 1010 4393; x_wconf 56' lang='lat' dir='ltr'><strong>pra‘suineutium,</strong></span> <span class='ocrx_word' id='word_1_483' title='bbox 1043 4342 1250 4393; x_wconf 71' lang='lat' dir='ltr'><strong>promer</strong></span> <span class='ocrx_word' id='word_1_484' title='bbox 1275 4327 1411 4394; x_wconf 91' lang='lat' dir='ltr'><strong>quod</strong></span> <span class='ocrx_word' id='word_1_485' title='bbox 1445 4327 1629 4378; x_wconf 88' lang='lat' dir='ltr'><strong>merito</strong></span> <span class='ocrx_word' id='word_1_486' title='bbox 1666 4341 1722 4378; x_wconf 91' lang='lat' dir='ltr'><strong>es</strong></span> <span class='ocrx_word' id='word_1_487' title='bbox 1755 4325 1891 4378; x_wconf 74' lang='lat' dir='ltr'><strong>Deus</strong></span> <span class='ocrx_word' id='word_1_488' title='bbox 1934 4343 2101 4380; x_wconf 86' lang='lat' dir='ltr'><strong>meus.</strong></span> 
     </span>
    </p>
   </div>
   <div class='ocr_carea' id='block_1_61' title="bbox 569 4394 2103 4466">
    <p class='ocr_par' dir='ltr' id='par_1_61' title="bbox 569 4394 2103 4466">
     <span class='ocr_line' id='line_1_61' title="bbox 569 4394 2103 4466; baseline 0.001 -18"><span class='ocrx_word' id='word_1_489' title='bbox 569 4397 633 4448; x_wconf 79' lang='lat' dir='ltr'><strong>Et</strong></span> <span class='ocrx_word' id='word_1_490' title='bbox 662 4396 779 4450; x_wconf 90' lang='lat' dir='ltr'><strong>ideo</strong></span> <span class='ocrx_word' id='word_1_491' title='bbox 817 4399 991 4459; x_wconf 79' lang='lat' dir='ltr'><strong>etiam,</strong></span> <span class='ocrx_word' id='word_1_492' title='bbox 1022 4399 1258 4466; x_wconf 87' lang='lat' dir='ltr'><strong>quoniam</strong></span> <span class='ocrx_word' id='word_1_493' title='bbox 1295 4397 1404 4465; x_wconf 87' lang='lat' dir='ltr'><strong>quis</strong></span> <span class='ocrx_word' id='word_1_494' title='bbox 1445 4394 1576 4447; x_wconf 70' lang='lat' dir='ltr'><strong>Deus</strong></span> <span class='ocrx_word' id='word_1_495' title='bbox 1603 4395 1752 4461; x_wconf 85' lang='lat' dir='ltr'><strong>alter,</strong></span> <span class='ocrx_word' id='word_1_496' title='bbox 1783 4396 1830 4446; x_wconf 91' lang='lat' dir='ltr'><strong>id</strong></span> <span class='ocrx_word' id='word_1_497' title='bbox 1859 4405 1957 4458; x_wconf 89' lang='lat' dir='ltr'><strong>est,</strong></span> <span class='ocrx_word' id='word_1_498' title='bbox 1987 4397 2103 4464; x_wconf 90' lang='lat' dir='ltr'><strong>quis</strong></span> 
     </span>
    </p>
   </div>
   <div class='ocr_carea' id='block_1_62' title="bbox 569 4465 2104 4534">
    <p class='ocr_par' dir='ltr' id='par_1_62' title="bbox 569 4465 2104 4534">
     <span class='ocr_line' id='line_1_62' title="bbox 569 4465 2104 4534; baseline 0.003 -18"><span class='ocrx_word' id='word_1_499' title='bbox 569 4467 633 4519; x_wconf 90' lang='lat' dir='ltr'><strong>de</strong></span> <span class='ocrx_word' id='word_1_500' title='bbox 661 4466 900 4518; x_wconf 88' lang='lat' dir='ltr'><strong>otnnibus</strong></span> <span class='ocrx_word' id='word_1_501' title='bbox 930 4465 1039 4522; x_wconf 85' lang='lat' dir='ltr'><strong>illis</strong></span> <span class='ocrx_word' id='word_1_502' title='bbox 1058 4483 1187 4534; x_wconf 90' lang='lat' dir='ltr'><strong>quos</strong></span> <span class='ocrx_word' id='word_1_503' title='bbox 1218 4481 1308 4519; x_wconf 91' lang='lat' dir='ltr'><strong>vos</strong></span> <span class='ocrx_word' id='word_1_504' title='bbox 1338 4477 1520 4530; x_wconf 68' lang='lat' dir='ltr'><strong>gentes</strong></span> <span class='ocrx_word' id='word_1_505' title='bbox 1544 4465 1713 4518; x_wconf 87' lang='lat' dir='ltr'><strong>colitis</strong></span> <span class='ocrx_word' id='word_1_506' title='bbox 1746 4480 1840 4532; x_wconf 92' lang='lat' dir='ltr'><strong>pro</strong></span> <span class='ocrx_word' id='word_1_507' title='bbox 1877 4465 1996 4526; x_wconf 91' lang='lat' dir='ltr'><strong>diis.</strong></span> <span class='ocrx_word' id='word_1_508' title='bbox 2023 4477 2104 4520; x_wconf 88' lang='lat' dir='ltr'><strong>est</strong></span> 
     </span>
    </p>
   </div>
   <div class='ocr_carea' id='block_1_63' title="bbox 571 4535 2099 4602">
    <p class='ocr_par' dir='ltr' id='par_1_63' title="bbox 571 4535 2099 4602">
     <span class='ocr_line' id='line_1_63' title="bbox 571 4535 2099 4602; baseline 0.002 -17"><span class='ocrx_word' id='word_1_509' title='bbox 571 4535 816 4597; x_wconf 81' lang='lat' dir='ltr'><strong>Dominus</strong></span> <span class='ocrx_word' id='word_1_510' title='bbox 848 4547 1024 4597; x_wconf 64' lang='lat' dir='ltr'><strong>printer</strong></span> <span class='ocrx_word' id='word_1_511' title='bbox 1055 4538 1198 4588; x_wconf 87' lang='lat' dir='ltr'><strong>illum</strong></span> <span class='ocrx_word' id='word_1_512' title='bbox 1246 4535 1515 4587; x_wconf 86' lang='lat' dir='ltr'><strong>Dominum</strong></span> <span class='ocrx_word' id='word_1_513' title='bbox 1558 4537 1638 4587; x_wconf 93' lang='lat' dir='ltr'><strong>cui</strong></span> <span class='ocrx_word' id='word_1_514' title='bbox 1686 4551 1780 4586; x_wconf 90' lang='lat' dir='ltr'><strong>nos</strong></span> <span class='ocrx_word' id='word_1_515' title='bbox 1825 4535 1873 4586; x_wconf 91' lang='lat' dir='ltr'><strong>in</strong></span> <span class='ocrx_word' id='word_1_516' title='bbox 1916 4535 2099 4602; x_wconf 85' lang='lat' dir='ltr'><strong>spiritu</strong></span> 
     </span>
    </p>
   </div>
   <div class='ocr_carea' id='block_1_64' title="bbox 564 4604 2101 4671">
    <p class='ocr_par' dir='ltr' id='par_1_64' title="bbox 564 4604 2101 4671">
     <span class='ocr_line' id='line_1_64' title="bbox 564 4604 2101 4671; baseline 0.001 -18"><span class='ocrx_word' id='word_1_517' title='bbox 564 4607 852 4657; x_wconf 72' lang='lat' dir='ltr'><strong>servimus?</strong></span> <span class='ocrx_word' id='word_1_518' title='bbox 885 4607 982 4656; x_wconf 79' lang='lat' dir='ltr'><strong>Aut</strong></span> <span class='ocrx_word' id='word_1_519' title='bbox 1015 4608 1122 4671; x_wconf 83' lang='lat' dir='ltr'><strong>quis</strong></span> <span class='ocrx_word' id='word_1_520' title='bbox 1152 4605 1290 4657; x_wconf 84' lang='lat' dir='ltr'><strong>Deus</strong></span> <span class='ocrx_word' id='word_1_521' title='bbox 1319 4610 1446 4659; x_wconf 86' lang='lat' dir='ltr'><strong>alter</strong></span> <span class='ocrx_word' id='word_1_522' title='bbox 1473 4614 1550 4658; x_wconf 86' lang='lat' dir='ltr'><strong>est</strong></span> <span class='ocrx_word' id='word_1_523' title='bbox 1596 4620 1717 4656; x_wconf 81' lang='lat' dir='ltr'><strong>vere</strong></span> <span class='ocrx_word' id='word_1_524' title='bbox 1761 4604 1894 4653; x_wconf 75' lang='lat' dir='ltr'><strong>lit-us</strong></span> <span class='ocrx_word' id='word_1_525' title='bbox 1925 4615 2101 4667; x_wconf 62' lang='lat' dir='ltr'><strong>prater</strong></span> 
     </span>
    </p>
   </div>
   <div class='ocr_carea' id='block_1_65' title="bbox 567 4673 2102 4741">
    <p class='ocr_par' dir='ltr' id='par_1_65' title="bbox 567 4673 2102 4741">
     <span class='ocr_line' id='line_1_65' title="bbox 567 4673 2102 4741; baseline -0.004 -16"><span class='ocrx_word' id='word_1_526' title='bbox 567 4673 725 4726; x_wconf 81' lang='lat' dir='ltr'><strong>Deum</strong></span> <span class='ocrx_word' id='word_1_527' title='bbox 755 4688 996 4737; x_wconf 84' lang='lat' dir='ltr'><strong>nostrum,</strong></span> <span class='ocrx_word' id='word_1_528' title='bbox 1030 4679 1075 4724; x_wconf 87' lang='lat' dir='ltr'><strong>id</strong></span> <span class='ocrx_word' id='word_1_529' title='bbox 1101 4685 1200 4736; x_wconf 78' lang='lat' dir='ltr'><strong>est,</strong></span> <span class='ocrx_word' id='word_1_530' title='bbox 1231 4691 1381 4741; x_wconf 86' lang='lat' dir='ltr'><strong>quem</strong></span> <span class='ocrx_word' id='word_1_531' title='bbox 1415 4690 1504 4726; x_wconf 87' lang='lat' dir='ltr'><strong>nos</strong></span> <span class='ocrx_word' id='word_1_532' title='bbox 1530 4685 1645 4739; x_wconf 89' lang='lat' dir='ltr'><strong>post</strong></span> <span class='ocrx_word' id='word_1_533' title='bbox 1669 4678 1970 4724; x_wconf 79' lang='lat' dir='ltr'><strong>servitutem</strong></span> <span class='ocrx_word' id='word_1_534' title='bbox 2001 4676 2102 4722; x_wconf 86' lang='lat' dir='ltr'><strong>ho-</strong></span> 
     </span>
    </p>
   </div>
   <div class='ocr_carea' id='block_1_66' title="bbox 566 4743 2101 4807">
    <p class='ocr_par' dir='ltr' id='par_1_66' title="bbox 566 4743 2101 4807">
     <span class='ocr_line' id='line_1_66' title="bbox 566 4743 2101 4807; baseline -0.003 -11"><span class='ocrx_word' id='word_1_535' title='bbox 566 4759 684 4796; x_wconf 90' lang='lat' dir='ltr'><strong>nam</strong></span> <span class='ocrx_word' id='word_1_536' title='bbox 728 4757 1139 4797; x_wconf 82' lang='lat' dir='ltr'><strong>eonsummataui</strong></span> <span class='ocrx_word' id='word_1_537' title='bbox 1190 4744 1582 4804; x_wconf 77' lang='lat' dir='ltr'><strong>luereditatem,</strong></span> <span class='ocrx_word' id='word_1_538' title='bbox 1638 4758 1736 4807; x_wconf 77' lang='lat' dir='ltr'><strong>qua</strong></span> <span class='ocrx_word' id='word_1_539' title='bbox 1785 4743 2101 4792; x_wconf 66' lang='lat' dir='ltr'><strong>wtet&#39;iialitei&#39;</strong></span> 
     </span>
    </p>
   </div>
   <div class='ocr_carea' id='block_1_67' title="bbox 563 4811 2050 4881">
    <p class='ocr_par' dir='ltr' id='par_1_67' title="bbox 563 4811 2050 4881">
     <span class='ocr_line' id='line_1_67' title="bbox 563 4811 2050 4881; baseline -0.006 -18"><span class='ocrx_word' id='word_1_540' title='bbox 563 4828 860 4881; x_wconf 84' lang='lat' dir='ltr'><strong>pascamur.</strong></span> <span class='ocrx_word' id='word_1_541' title='bbox 895 4814 1149 4878; x_wconf 74' lang='lat' dir='ltr'><strong>recepturi</strong></span> <span class='ocrx_word' id='word_1_542' title='bbox 1183 4816 1391 4867; x_wconf 70' lang='lat' dir='ltr'><strong>:umus&#39;.’</strong></span> <span class='ocrx_word' id='word_1_543' title='bbox 1422 4813 1606 4879; x_wconf 86' lang='lat' dir='ltr'><strong>Utique</strong></span> <span class='ocrx_word' id='word_1_544' title='bbox 1638 4811 1828 4861; x_wconf 86' lang='lat' dir='ltr'><strong>nullus.</strong></span> <span class='ocrx_word' id='word_1_545' title='bbox 1911 4850 1916 4855; x_wconf 89' lang='lat'><strong>.</strong></span> <span class='ocrx_word' id='word_1_546' title='bbox 1982 4879 1990 4881; x_wconf 79' lang='lat'>_</span> <span class='ocrx_word' id='word_1_547' title='bbox 2045 4876 2050 4881; x_wconf 27' lang='lat' dir='ltr'><strong><em>I</em></strong></span> 
     </span>
    </p>
   </div>
   <div class='ocr_carea' id='block_1_68' title="bbox 593 4879 2101 4950">
    <p class='ocr_par' dir='ltr' id='par_1_68' title="bbox 593 4879 2101 4950">
     <span class='ocr_line' id='line_1_68' title="bbox 593 4879 2101 4950; baseline -0.002 -17"><span class='ocrx_word' id='word_1_548' title='bbox 593 4934 598 4939; x_wconf 79' lang='grc'><strong>,</strong></span> <span class='ocrx_word' id='word_1_549' title='bbox 639 4881 772 4934; x_wconf 80' lang='lat' dir='ltr'><strong>Deus</strong></span> <span class='ocrx_word' id='word_1_550' title='bbox 801 4885 881 4947; x_wconf 88' lang='lat' dir='ltr'><strong>qui</strong></span> <span class='ocrx_word' id='word_1_551' title='bbox 912 4885 1165 4950; x_wconf 75' lang='lat' dir='ltr'><strong>pra&#39;cinxit</strong></span> <span class='ocrx_word' id='word_1_552' title='bbox 1206 4901 1280 4934; x_wconf 80' lang='lat' dir='ltr'><strong>me</strong></span> <span class='ocrx_word' id='word_1_553' title='bbox 1309 4886 1500 4934; x_wconf 79' lang='lat' dir='ltr'><strong>virtute.</strong></span> <span class='ocrx_word' id='word_1_554' title='bbox 1532 4884 1648 4931; x_wconf 86' lang='lat' dir='ltr'><strong>ideo</strong></span> <span class='ocrx_word' id='word_1_555' title='bbox 1677 4891 1830 4931; x_wconf 83' lang='lat' dir='ltr'><strong>etiam</strong></span> <span class='ocrx_word' id='word_1_556' title='bbox 1860 4886 1951 4950; x_wconf 14' lang='lat' dir='ltr'><strong>est,</strong></span> <span class='ocrx_word' id='word_1_557' title='bbox 1972 4879 2101 4950; x_wconf 74' lang='lat' dir='ltr'><strong>Deus</strong></span> 
     </span>
    </p>
   </div>
   <div class='ocr_carea' id='block_1_69' title="bbox 564 4949 2100 5020">
    <p class='ocr_par' dir='ltr' id='par_1_69' title="bbox 564 4949 2100 5020">
     <span class='ocr_line' id='line_1_69' title="bbox 564 4949 2100 5020; baseline 0 -20"><span class='ocrx_word' id='word_1_558' title='bbox 564 4967 721 5013; x_wconf 85' lang='lat' dir='ltr'><strong>meus,</strong></span> <span class='ocrx_word' id='word_1_559' title='bbox 767 4952 883 5015; x_wconf 87' lang='lat' dir='ltr'><strong>quia</strong></span> <span class='ocrx_word' id='word_1_560' title='bbox 915 4949 1013 5004; x_wconf 69' lang='lat' dir='ltr'><strong>est</strong></span> <span class='ocrx_word' id='word_1_561' title='bbox 1056 4952 1144 5005; x_wconf 89' lang='lat' dir='ltr'><strong>ille</strong></span> <span class='ocrx_word' id='word_1_562' title='bbox 1189 4955 1341 5016; x_wconf 78' lang='lat' dir='ltr'><strong>lleus,</strong></span> <span class='ocrx_word' id='word_1_563' title='bbox 1372 4955 1453 5020; x_wconf 86' lang='lat' dir='ltr'><strong>qui</strong></span> <span class='ocrx_word' id='word_1_564' title='bbox 1503 4951 1762 5018; x_wconf 70' lang='lat' dir='ltr'><strong>prtu&#39;inxit</strong></span> <span class='ocrx_word' id='word_1_565' title='bbox 1807 4964 1901 5010; x_wconf 82' lang='lat' dir='ltr'><strong>me,</strong></span> <span class='ocrx_word' id='word_1_566' title='bbox 1943 4949 1990 4999; x_wconf 88' lang='lat' dir='ltr'><strong>id</strong></span> <span class='ocrx_word' id='word_1_567' title='bbox 2022 4959 2100 5020; x_wconf 85' lang='lat' dir='ltr'><strong>est</strong></span> 
     </span>
    </p>
   </div>
   <div class='ocr_carea' id='block_1_70' title="bbox 562 5019 2099 5088">
    <p class='ocr_par' dir='ltr' id='par_1_70' title="bbox 562 5019 2099 5088">
     <span class='ocr_line' id='line_1_70' title="bbox 562 5019 2099 5088; baseline -0.001 -17"><span class='ocrx_word' id='word_1_568' title='bbox 562 5037 730 5082; x_wconf 86' lang='lat' dir='ltr'><strong>iueos,</strong></span> <span class='ocrx_word' id='word_1_569' title='bbox 761 5023 957 5080; x_wconf 81' lang='lat' dir='ltr'><strong>iii-tute,</strong></span> <span class='ocrx_word' id='word_1_570' title='bbox 993 5022 1106 5082; x_wconf 88' lang='lat' dir='ltr'><strong>hac,</strong></span> <span class='ocrx_word' id='word_1_571' title='bbox 1139 5025 1353 5085; x_wconf 77' lang='lat' dir='ltr'><strong>scilicet,</strong></span> <span class='ocrx_word' id='word_1_572' title='bbox 1388 5035 1434 5073; x_wconf 92' lang='grc' dir='ltr'><strong>ιιι</strong></span> <span class='ocrx_word' id='word_1_573' title='bbox 1467 5036 1622 5088; x_wconf 83' lang='lat' dir='ltr'><strong>opera</strong></span> <span class='ocrx_word' id='word_1_574' title='bbox 1664 5035 1842 5072; x_wconf 87' lang='lat' dir='ltr'><strong>eorum</strong></span> <span class='ocrx_word' id='word_1_575' title='bbox 1873 5033 1972 5069; x_wconf 88' lang='lat' dir='ltr'><strong>non</strong></span> <span class='ocrx_word' id='word_1_576' title='bbox 2002 5019 2099 5069; x_wconf 77' lang='lat' dir='ltr'><strong>dif-</strong></span> 
     </span>
    </p>
   </div>
   <div class='ocr_carea' id='block_1_71' title="bbox 563 5088 2099 5156">
    <p class='ocr_par' dir='ltr' id='par_1_71' title="bbox 563 5088 2099 5156">
     <span class='ocr_line' id='line_1_71' title="bbox 563 5088 2099 5156; baseline -0.002 -16"><span class='ocrx_word' id='word_1_577' title='bbox 563 5090 780 5143; x_wconf 82' lang='lat' dir='ltr'><strong>ﬂuerent</strong></span> <span class='ocrx_word' id='word_1_578' title='bbox 815 5088 1118 5156; x_wconf 84' lang='lat' dir='ltr'><strong>cupiditate,</strong></span> <span class='ocrx_word' id='word_1_579' title='bbox 1145 5103 1187 5144; x_wconf 82' lang='lat' dir='ltr'><strong>et</strong></span> <span class='ocrx_word' id='word_1_580' title='bbox 1217 5098 1374 5156; x_wconf 81' lang='lat' dir='ltr'><strong>posuit</strong></span> <span class='ocrx_word' id='word_1_581' title='bbox 1399 5094 1528 5141; x_wconf 87' lang='lat' dir='ltr'><strong>viam</strong></span> <span class='ocrx_word' id='word_1_582' title='bbox 1557 5105 1735 5148; x_wconf 86' lang='lat' dir='ltr'><strong>meam,</strong></span> <span class='ocrx_word' id='word_1_583' title='bbox 1759 5090 1803 5137; x_wconf 89' lang='lat' dir='ltr'><strong>id</strong></span> <span class='ocrx_word' id='word_1_584' title='bbox 1832 5097 1931 5149; x_wconf 91' lang='grc' dir='ltr'>εει,</span> <span class='ocrx_word' id='word_1_585' title='bbox 1958 5104 2099 5138; x_wconf 88' lang='lat' dir='ltr'><strong>meo-</strong></span> 
     </span>
    </p>
   </div>
   <div class='ocr_carea' id='block_1_72' title="bbox 564 5157 2100 5225">
    <p class='ocr_par' dir='ltr' id='par_1_72' title="bbox 564 5157 2100 5225">
     <span class='ocr_line' id='line_1_72' title="bbox 564 5157 2100 5225; baseline 0.001 -15"><span class='ocrx_word' id='word_1_586' title='bbox 564 5175 701 5223; x_wconf 88' lang='lat' dir='ltr'><strong>rum,</strong></span> <span class='ocrx_word' id='word_1_587' title='bbox 730 5159 1138 5225; x_wconf 82' lang='lat' dir='ltr'><strong>innnaculatani,</strong></span> <span class='ocrx_word' id='word_1_588' title='bbox 1165 5162 1212 5211; x_wconf 92' lang='lat' dir='ltr'><strong>id</strong></span> <span class='ocrx_word' id='word_1_589' title='bbox 1251 5169 1350 5223; x_wconf 89' lang='lat' dir='ltr'><strong>est,</strong></span> <span class='ocrx_word' id='word_1_590' title='bbox 1383 5161 1643 5211; x_wconf 86' lang='lat' dir='ltr'><strong>constituit</strong></span> <span class='ocrx_word' id='word_1_591' title='bbox 1677 5158 1806 5209; x_wconf 86' lang='lat' dir='ltr'><strong>meis</strong></span> <span class='ocrx_word' id='word_1_592' title='bbox 1834 5157 1972 5221; x_wconf 83' lang='lat' dir='ltr'><strong>talia,</strong></span> <span class='ocrx_word' id='word_1_593' title='bbox 2009 5174 2100 5222; x_wconf 84' lang='lat' dir='ltr'><strong>per</strong></span> 
     </span>
    </p>
   </div>
   <div class='ocr_carea' id='block_1_73' title="bbox 559 5227 2094 5296">
    <p class='ocr_par' dir='ltr' id='par_1_73' title="bbox 559 5227 2094 5296">
     <span class='ocr_line' id='line_1_73' title="bbox 559 5227 2094 5296; baseline -0.001 -20"><span class='ocrx_word' id='word_1_594' title='bbox 559 5245 677 5294; x_wconf 68' lang='lat' dir='ltr'><strong>quae</strong></span> <span class='ocrx_word' id='word_1_595' title='bbox 724 5231 786 5281; x_wconf 85' lang='lat' dir='ltr'><strong>ad</strong></span> <span class='ocrx_word' id='word_1_596' title='bbox 840 5232 1002 5296; x_wconf 89' lang='lat' dir='ltr'><strong>ipsum</strong></span> <span class='ocrx_word' id='word_1_597' title='bbox 1054 5235 1291 5291; x_wconf 77' lang='lat' dir='ltr'><strong>veniant,</strong></span> <span class='ocrx_word' id='word_1_598' title='bbox 1337 5229 1568 5286; x_wconf 72' lang='grc' dir='ltr'>ειείιιειτι,</span> <span class='ocrx_word' id='word_1_599' title='bbox 1617 5227 1770 5279; x_wconf 85' lang='lat' dir='ltr'><strong>tidem</strong></span> <span class='ocrx_word' id='word_1_600' title='bbox 1817 5229 2094 5291; x_wconf 79' lang='lat' dir='ltr'><strong>sinceram,</strong></span> 
     </span>
    </p>
   </div>
   <div class='ocr_carea' id='block_1_74' title="bbox 559 5297 2098 5364">
    <p class='ocr_par' dir='ltr' id='par_1_74' title="bbox 559 5297 2098 5364">
     <span class='ocr_line' id='line_1_74' title="bbox 559 5297 2098 5364; baseline -0.001 -15"><span class='ocrx_word' id='word_1_601' title='bbox 559 5315 707 5361; x_wconf 84' lang='lat' dir='ltr'><strong>spem</strong></span> <span class='ocrx_word' id='word_1_602' title='bbox 762 5303 983 5364; x_wconf 85' lang='lat' dir='ltr'><strong>lirniani,</strong></span> <span class='ocrx_word' id='word_1_603' title='bbox 1025 5301 1327 5350; x_wconf 88' lang='lat' dir='ltr'><strong>cbaritatem</strong></span> <span class='ocrx_word' id='word_1_604' title='bbox 1371 5297 1669 5361; x_wconf 70' lang='lat' dir='ltr'><strong>perierim&quot;,</strong></span> <span class='ocrx_word' id='word_1_605' title='bbox 1712 5312 1825 5363; x_wconf 79' lang='lat' dir='ltr'><strong>qua:</strong></span> <span class='ocrx_word' id='word_1_606' title='bbox 1854 5307 1973 5348; x_wconf 87' lang='lat' dir='ltr'><strong>sunt</strong></span> <span class='ocrx_word' id='word_1_607' title='bbox 2005 5300 2098 5348; x_wconf 85' lang='lat' dir='ltr'><strong>itit-</strong></span> 
     </span>
    </p>
   </div>
   <div class='ocr_carea' id='block_1_75' title="bbox 561 5369 1577 5433">
    <p class='ocr_par' dir='ltr' id='par_1_75' title="bbox 561 5369 1577 5433">
     <span class='ocr_line' id='line_1_75' title="bbox 561 5369 1577 5433; baseline 0 -15"><span class='ocrx_word' id='word_1_608' title='bbox 561 5370 836 5433; x_wconf 74' lang='lat' dir='ltr'><strong>tuatrulnta,</strong></span> <span class='ocrx_word' id='word_1_609' title='bbox 871 5370 920 5420; x_wconf 88' lang='lat' dir='ltr'><strong>id</strong></span> <span class='ocrx_word' id='word_1_610' title='bbox 951 5381 1047 5427; x_wconf 86' lang='lat' dir='ltr'><strong>est,</strong></span> <span class='ocrx_word' id='word_1_611' title='bbox 1083 5369 1268 5418; x_wconf 88' lang='lat' dir='ltr'><strong>munda</strong></span> <span class='ocrx_word' id='word_1_612' title='bbox 1298 5376 1348 5418; x_wconf 91' lang='lat' dir='ltr'><strong>et</strong></span> <span class='ocrx_word' id='word_1_613' title='bbox 1377 5375 1577 5418; x_wconf 85' lang='lat' dir='ltr'><strong>sancta.</strong></span> 
     </span>
    </p>
   </div>
   <div class='ocr_carea' id='block_1_76' title="bbox 633 5433 2096 5504">
    <p class='ocr_par' dir='ltr' id='par_1_76' title="bbox 633 5433 2096 5504">
     <span class='ocr_line' id='line_1_76' title="bbox 633 5433 2096 5504; baseline -0.002 -16"><span class='ocrx_word' id='word_1_614' title='bbox 633 5439 731 5504; x_wconf 84' lang='lat' dir='ltr'><strong>Qui</strong></span> <span class='ocrx_word' id='word_1_615' title='bbox 761 5440 960 5504; x_wconf 66' lang='lat' dir='ltr'><strong>prrt&#39;erit</strong></span> <span class='ocrx_word' id='word_1_616' title='bbox 992 5440 1136 5504; x_wconf 82' lang='lat' dir='ltr'><strong>pedes</strong></span> <span class='ocrx_word' id='word_1_617' title='bbox 1162 5452 1314 5486; x_wconf 80' lang='lat' dir='ltr'><strong>meos.</strong></span> <span class='ocrx_word' id='word_1_618' title='bbox 1341 5436 1459 5487; x_wconf 89' lang='lat' dir='ltr'><strong>Ideo</strong></span> <span class='ocrx_word' id='word_1_619' title='bbox 1486 5438 1640 5487; x_wconf 85' lang='lat' dir='ltr'><strong>etiam</strong></span> <span class='ocrx_word' id='word_1_620' title='bbox 1669 5443 1747 5485; x_wconf 88' lang='lat' dir='ltr'><strong>est</strong></span> <span class='ocrx_word' id='word_1_621' title='bbox 1769 5433 1903 5486; x_wconf 88' lang='lat' dir='ltr'><strong>Deus</strong></span> <span class='ocrx_word' id='word_1_622' title='bbox 1928 5447 2096 5496; x_wconf 87' lang='lat' dir='ltr'><strong>meus,</strong></span> 
     </span>
    </p>
   </div>
   <div class='ocr_carea' id='block_1_77' title="bbox 559 5505 2094 5574">
    <p class='ocr_par' dir='ltr' id='par_1_77' title="bbox 559 5505 2094 5574">
     <span class='ocr_line' id='line_1_77' title="bbox 559 5505 2094 5574; baseline 0 -20"><span class='ocrx_word' id='word_1_623' title='bbox 559 5511 675 5570; x_wconf 84' lang='lat' dir='ltr'><strong>quia</strong></span> <span class='ocrx_word' id='word_1_624' title='bbox 708 5512 911 5574; x_wconf 68' lang='grc' dir='ltr'>ρειιειιι</span> <span class='ocrx_word' id='word_1_625' title='bbox 935 5509 1082 5574; x_wconf 79' lang='lat' dir='ltr'><strong>pedes</strong></span> <span class='ocrx_word' id='word_1_626' title='bbox 1115 5521 1265 5566; x_wconf 76' lang='lat' dir='ltr'><strong>nicas.</strong></span> <span class='ocrx_word' id='word_1_627' title='bbox 1297 5507 1345 5558; x_wconf 89' lang='lat' dir='ltr'><strong>id</strong></span> <span class='ocrx_word' id='word_1_628' title='bbox 1373 5515 1472 5568; x_wconf 82' lang='lat' dir='ltr'><strong>est,</strong></span> <span class='ocrx_word' id='word_1_629' title='bbox 1506 5505 2094 5574; x_wconf 74' lang='lat' dir='ltr'><strong>all&#39;ectionesmeorum.</strong></span> 
     </span>
    </p>
   </div>
   <div class='ocr_carea' id='block_1_78' title="bbox 562 5571 2097 5643">
    <p class='ocr_par' dir='ltr' id='par_1_78' title="bbox 562 5571 2097 5643">
     <span class='ocr_line' id='line_1_78' title="bbox 562 5571 2097 5643; baseline 0 -19"><span class='ocrx_word' id='word_1_630' title='bbox 562 5571 806 5641; x_wconf 32' lang='lat' dir='ltr'><strong>tanqu-itm-</strong></span> <span class='ocrx_word' id='word_1_631' title='bbox 825 5571 979 5643; x_wconf 75' lang='lat' dir='ltr'><strong>pcdes</strong></span> <span class='ocrx_word' id='word_1_632' title='bbox 1010 5590 1284 5634; x_wconf 76' lang='lat' dir='ltr'><strong>cervorum,</strong></span> <span class='ocrx_word' id='word_1_633' title='bbox 1310 5576 1358 5625; x_wconf 87' lang='lat' dir='ltr'><strong>id</strong></span> <span class='ocrx_word' id='word_1_634' title='bbox 1388 5584 1484 5634; x_wconf 89' lang='lat' dir='ltr'><strong>est,</strong></span> <span class='ocrx_word' id='word_1_635' title='bbox 1515 5575 1713 5625; x_wconf 84' lang='lat' dir='ltr'><strong>similes</strong></span> <span class='ocrx_word' id='word_1_636' title='bbox 1742 5571 1957 5638; x_wconf 81' lang='lat' dir='ltr'><strong>pedibus</strong></span> <span class='ocrx_word' id='word_1_637' title='bbox 1982 5587 2097 5624; x_wconf 88' lang='lat' dir='ltr'><strong>cer-</strong></span> 
     </span>
    </p>
   </div>
   <div class='ocr_carea' id='block_1_79' title="bbox 563 5642 2095 5707">
    <p class='ocr_par' dir='ltr' id='par_1_79' title="bbox 563 5642 2095 5707">
     <span class='ocr_line' id='line_1_79' title="bbox 563 5642 2095 5707; baseline -0.002 -19"><span class='ocrx_word' id='word_1_638' title='bbox 563 5663 760 5700; x_wconf 84' lang='lat' dir='ltr'><strong>\ttt&#39;tttll.</strong></span> <span class='ocrx_word' id='word_1_639' title='bbox 795 5642 1010 5698; x_wconf 59' lang='lat' dir='ltr'><strong>\t&#39;tlicel,</strong></span> <span class='ocrx_word' id='word_1_640' title='bbox 1045 5654 1098 5694; x_wconf 87' lang='lat' dir='ltr'><strong>ut</strong></span> <span class='ocrx_word' id='word_1_641' title='bbox 1126 5653 1298 5693; x_wconf 74' lang='lat' dir='ltr'><strong>essent</strong></span> <span class='ocrx_word' id='word_1_642' title='bbox 1324 5643 1482 5707; x_wconf 75' lang='lat' dir='ltr'><strong>agiles</strong></span> <span class='ocrx_word' id='word_1_643' title='bbox 1511 5644 1576 5692; x_wconf 85' lang='lat' dir='ltr'><strong>ad</strong></span> <span class='ocrx_word' id='word_1_644' title='bbox 1618 5642 1950 5691; x_wconf 58' lang='lat' dir='ltr'><strong>lrztltsiriendzt</strong></span> <span class='ocrx_word' id='word_1_645' title='bbox 1987 5643 2095 5690; x_wconf 69' lang='lat' dir='ltr'><strong>Iunt:</strong></span> 
     </span>
    </p>
   </div>
   <div class='ocr_carea' id='block_1_80' title="bbox 562 5712 2090 5775">
    <p class='ocr_par' dir='ltr' id='par_1_80' title="bbox 562 5712 2090 5775">
     <span class='ocr_line' id='line_1_80' title="bbox 562 5712 2090 5775; baseline -0.004 -12"><span class='ocrx_word' id='word_1_646' title='bbox 562 5725 781 5775; x_wconf 57' lang='grc' dir='ltr'>ιιτιιειιά,</span> <span class='ocrx_word' id='word_1_647' title='bbox 833 5717 1071 5765; x_wconf 60' lang='lat' dir='ltr'><strong>umbrosa</strong></span> <span class='ocrx_word' id='word_1_648' title='bbox 1123 5723 1174 5762; x_wconf 88' lang='lat' dir='ltr'><strong>ct</strong></span> <span class='ocrx_word' id='word_1_649' title='bbox 1224 5712 1492 5774; x_wconf 81' lang='lat' dir='ltr'><strong>lutulenta,</strong></span> <span class='ocrx_word' id='word_1_650' title='bbox 1541 5721 1589 5762; x_wconf 84' lang='lat' dir='ltr'><strong>cl</strong></span> <span class='ocrx_word' id='word_1_651' title='bbox 1637 5712 2090 5760; x_wconf 77' lang='lat' dir='ltr'><strong>ciuisccinleudum</strong></span> 
     </span>
    </p>
   </div>
   <div class='ocr_carea' id='block_1_81' title="bbox 2207 509 3774 576">
    <p class='ocr_par' dir='ltr' id='par_1_81' title="bbox 2207 509 3774 576">
     <span class='ocr_line' id='line_1_81' title="bbox 2207 509 3774 576; baseline -0.002 -13"><span class='ocrx_word' id='word_1_652' title='bbox 2207 527 2356 572; x_wconf 81' lang='lat' dir='ltr'><strong>super</strong></span> <span class='ocrx_word' id='word_1_653' title='bbox 2384 511 2594 569; x_wconf 71' lang='lat' dir='ltr'><strong>excelsa,</strong></span> <span class='ocrx_word' id='word_1_654' title='bbox 2624 509 2668 560; x_wconf 83' lang='lat' dir='ltr'><strong>id</strong></span> <span class='ocrx_word' id='word_1_655' title='bbox 2692 518 2789 570; x_wconf 88' lang='lat' dir='ltr'><strong>cst,</strong></span> <span class='ocrx_word' id='word_1_656' title='bbox 2816 509 2923 576; x_wconf 72' lang='lat' dir='ltr'><strong>ligil</strong></span> <span class='ocrx_word' id='word_1_657' title='bbox 2956 509 3299 563; x_wconf 88' lang='lat' dir='ltr'><strong>intentionem</strong></span> <span class='ocrx_word' id='word_1_658' title='bbox 3326 524 3586 563; x_wconf 81' lang='lat' dir='ltr'><strong>meorum</strong></span> <span class='ocrx_word' id='word_1_659' title='bbox 3617 528 3774 574; x_wconf 70' lang='grc' dir='ltr'>ειιρεγ</span> 
     </span>
    </p>
   </div>
   <div class='ocr_carea' id='block_1_82' title="bbox 2207 579 3782 636">
    <p class='ocr_par' dir='ltr' id='par_1_82' title="bbox 2207 579 3782 636">
     <span class='ocr_line' id='line_1_82' title="bbox 2207 579 3782 636; baseline 0 -4"><span class='ocrx_word' id='word_1_660' title='bbox 2207 582 2477 633; x_wconf 84' lang='lat' dir='ltr'><strong>ccelestem</strong></span> <span class='ocrx_word' id='word_1_661' title='bbox 2509 580 2908 636; x_wconf 83' lang='lat' dir='ltr'><strong>habitationem.</strong></span> <span class='ocrx_word' id='word_1_662' title='bbox 2942 589 2994 629; x_wconf 89' lang='grc' dir='ltr'><strong>ιιι</strong></span> <span class='ocrx_word' id='word_1_663' title='bbox 3025 579 3195 632; x_wconf 81' lang='lat' dir='ltr'><strong>adhuc</strong></span> <span class='ocrx_word' id='word_1_664' title='bbox 3227 583 3280 631; x_wconf 93' lang='lat' dir='ltr'><strong>in</strong></span> <span class='ocrx_word' id='word_1_665' title='bbox 3332 594 3508 632; x_wconf 82' lang='lat' dir='ltr'><strong>carne</strong></span> <span class='ocrx_word' id='word_1_666' title='bbox 3549 583 3599 632; x_wconf 82' lang='lat' dir='ltr'><strong>in</strong></span> <span class='ocrx_word' id='word_1_667' title='bbox 3628 590 3782 634; x_wconf 64' lang='lat' dir='ltr'><strong>aete-</strong></span> 
     </span>
    </p>
   </div>
   <div class='ocr_carea' id='block_1_83' title="bbox 2206 649 3782 711">
    <p class='ocr_par' dir='ltr' id='par_1_83' title="bbox 2206 649 3782 711">
     <span class='ocr_line' id='line_1_83' title="bbox 2206 649 3782 711; baseline -0.003 -9"><span class='ocrx_word' id='word_1_668' title='bbox 2206 650 2374 702; x_wconf 88' lang='lat' dir='ltr'><strong>stihus</strong></span> <span class='ocrx_word' id='word_1_669' title='bbox 2403 661 2575 702; x_wconf 89' lang='lat' dir='ltr'><strong>tamen</strong></span> <span class='ocrx_word' id='word_1_670' title='bbox 2609 657 3005 702; x_wconf 88' lang='lat' dir='ltr'><strong>conversentur.</strong></span> <span class='ocrx_word' id='word_1_671' title='bbox 3041 649 3104 698; x_wconf 75' lang='lat' dir='ltr'><strong>Et</strong></span> <span class='ocrx_word' id='word_1_672' title='bbox 3143 649 3262 701; x_wconf 87' lang='lat' dir='ltr'><strong>ideo</strong></span> <span class='ocrx_word' id='word_1_673' title='bbox 3291 665 3516 711; x_wconf 79' lang='lat' dir='ltr'><strong>quoque</strong></span> <span class='ocrx_word' id='word_1_674' title='bbox 3541 663 3618 703; x_wconf 73' lang='lat' dir='ltr'><strong>est</strong></span> <span class='ocrx_word' id='word_1_675' title='bbox 3650 654 3782 702; x_wconf 66' lang='lat' dir='ltr'><strong>Dem</strong></span> 
     </span>
    </p>
   </div>
   <div class='ocr_carea' id='block_1_84' title="bbox 2208 715 3776 786">
    <p class='ocr_par' dir='ltr' id='par_1_84' title="bbox 2208 715 3776 786">
     <span class='ocr_line' id='line_1_84' title="bbox 2208 715 3776 786; baseline 0 -16"><span class='ocrx_word' id='word_1_676' title='bbox 2208 715 2374 782; x_wconf 69' lang='lat' dir='ltr'><strong>meus&#39;,</strong></span> <span class='ocrx_word' id='word_1_677' title='bbox 2405 720 2491 786; x_wconf 87' lang='lat' dir='ltr'><strong>qui</strong></span> <span class='ocrx_word' id='word_1_678' title='bbox 2518 721 2658 771; x_wconf 82' lang='lat' dir='ltr'><strong>docet</strong></span> <span class='ocrx_word' id='word_1_679' title='bbox 2688 734 2865 769; x_wconf 87' lang='lat' dir='ltr'><strong>manus</strong></span> <span class='ocrx_word' id='word_1_680' title='bbox 2893 732 3027 768; x_wconf 82' lang='lat' dir='ltr'><strong>meas</strong></span> <span class='ocrx_word' id='word_1_681' title='bbox 3046 719 3112 768; x_wconf 88' lang='lat' dir='ltr'><strong>ad</strong></span> <span class='ocrx_word' id='word_1_682' title='bbox 3141 720 3404 779; x_wconf 71' lang='lat' dir='ltr'><strong>prmliurn,</strong></span> <span class='ocrx_word' id='word_1_683' title='bbox 3443 721 3493 771; x_wconf 90' lang='lat' dir='ltr'><strong>id</strong></span> <span class='ocrx_word' id='word_1_684' title='bbox 3528 731 3633 776; x_wconf 63' lang='lat' dir='ltr'><strong>est.</strong></span> <span class='ocrx_word' id='word_1_685' title='bbox 3662 737 3776 785; x_wconf 58' lang='lat' dir='ltr'><strong>quq</strong></span> 
     </span>
    </p>
   </div>
   <div class='ocr_carea' id='block_1_85' title="bbox 2207 788 3774 853">
    <p class='ocr_par' dir='ltr' id='par_1_85' title="bbox 2207 788 3774 853">
     <span class='ocr_line' id='line_1_85' title="bbox 2207 788 3774 853; baseline 0.001 -13"><span class='ocrx_word' id='word_1_686' title='bbox 2207 789 2359 842; x_wconf 87' lang='lat' dir='ltr'><strong>docet</strong></span> <span class='ocrx_word' id='word_1_687' title='bbox 2389 791 2507 841; x_wconf 87' lang='lat' dir='ltr'><strong>talia</strong></span> <span class='ocrx_word' id='word_1_688' title='bbox 2541 789 2674 839; x_wconf 88' lang='lat' dir='ltr'><strong>bona</strong></span> <span class='ocrx_word' id='word_1_689' title='bbox 2704 803 2860 851; x_wconf 84' lang='lat' dir='ltr'><strong>opera</strong></span> <span class='ocrx_word' id='word_1_690' title='bbox 2914 788 3105 846; x_wconf 71' lang='lat' dir='ltr'><strong>facere,</strong></span> <span class='ocrx_word' id='word_1_691' title='bbox 3135 791 3329 852; x_wconf 86' lang='lat' dir='ltr'><strong>quibus</strong></span> <span class='ocrx_word' id='word_1_692' title='bbox 3372 801 3639 853; x_wconf 83' lang='lat' dir='ltr'><strong>superent</strong></span> <span class='ocrx_word' id='word_1_693' title='bbox 3681 792 3774 842; x_wconf 82' lang='lat' dir='ltr'><strong>ini-</strong></span> 
     </span>
    </p>
   </div>
   <div class='ocr_carea' id='block_1_86' title="bbox 2209 857 3780 921">
    <p class='ocr_par' dir='ltr' id='par_1_86' title="bbox 2209 857 3780 921">
     <span class='ocr_line' id='line_1_86' title="bbox 2209 857 3780 921; baseline 0.003 -11"><span class='ocrx_word' id='word_1_694' title='bbox 2209 860 2396 921; x_wconf 90' lang='lat' dir='ltr'><strong>micos,</strong></span> <span class='ocrx_word' id='word_1_695' title='bbox 2423 867 2476 910; x_wconf 80' lang='lat' dir='ltr'><strong>et</strong></span> <span class='ocrx_word' id='word_1_696' title='bbox 2505 858 2845 913; x_wconf 78' lang='lat' dir='ltr'><strong>devoratores</strong></span> <span class='ocrx_word' id='word_1_697' title='bbox 2869 871 3013 916; x_wconf 85' lang='lat' dir='ltr'><strong>suos,</strong></span> <span class='ocrx_word' id='word_1_698' title='bbox 3038 858 3274 911; x_wconf 85' lang='lat' dir='ltr'><strong>volentes</strong></span> <span class='ocrx_word' id='word_1_699' title='bbox 3301 857 3382 911; x_wconf 91' lang='lat' dir='ltr'><strong>eis</strong></span> <span class='ocrx_word' id='word_1_700' title='bbox 3415 858 3780 914; x_wconf 69' lang='lat' dir='ltr'><strong>intercludere</strong></span> 
     </span>
    </p>
   </div>
   <div class='ocr_carea' id='block_1_87' title="bbox 2207 929 2730 990">
    <p class='ocr_par' dir='ltr' id='par_1_87' title="bbox 2207 929 2730 990">
     <span class='ocr_line' id='line_1_87' title="bbox 2207 929 2730 990; baseline 0 -10"><span class='ocrx_word' id='word_1_701' title='bbox 2207 943 2425 990; x_wconf 66' lang='lat' dir='ltr'><strong>regnum</strong></span> <span class='ocrx_word' id='word_1_702' title='bbox 2455 929 2730 980; x_wconf 66' lang='lat' dir='ltr'><strong>cmlorum.</strong></span> 
     </span>
    </p>
   </div>
   <div class='ocr_carea' id='block_1_88' title="bbox 2276 995 3778 1062">
    <p class='ocr_par' dir='ltr' id='par_1_88' title="bbox 2276 995 3778 1062">
     <span class='ocr_line' id='line_1_88' title="bbox 2276 995 3778 1062; baseline 0.001 -14"><span class='ocrx_word' id='word_1_703' title='bbox 2276 996 2341 1048; x_wconf 79' lang='lat' dir='ltr'><strong>Et</strong></span> <span class='ocrx_word' id='word_1_704' title='bbox 2372 998 2577 1062; x_wconf 83' lang='lat' dir='ltr'><strong>posuisti</strong></span> <span class='ocrx_word' id='word_1_705' title='bbox 2609 1004 2660 1047; x_wconf 81' lang='lat' dir='ltr'><strong>ut</strong></span> <span class='ocrx_word' id='word_1_706' title='bbox 2683 1011 2855 1047; x_wconf 87' lang='lat' dir='ltr'><strong>arcum</strong></span> <span class='ocrx_word' id='word_1_707' title='bbox 2882 1011 3089 1057; x_wconf 70' lang='lat' dir='ltr'><strong>meum,</strong></span> <span class='ocrx_word' id='word_1_708' title='bbox 3108 1007 3208 1050; x_wconf 87' lang='lat' dir='ltr'><strong>etc.</strong></span> <span class='ocrx_word' id='word_1_709' title='bbox 3236 995 3330 1048; x_wconf 85' lang='lat' dir='ltr'><strong>llic</strong></span> <span class='ocrx_word' id='word_1_710' title='bbox 3355 996 3710 1051; x_wconf 80' lang='lat' dir='ltr'><strong>familiariter</strong></span> <span class='ocrx_word' id='word_1_711' title='bbox 3729 1017 3778 1052; x_wconf 63' lang='grc' dir='ltr'>ιε</span> 
     </span>
    </p>
   </div>
   <div class='ocr_carea' id='block_1_89' title="bbox 2206 1065 3778 1133">
    <p class='ocr_par' dir='ltr' id='par_1_89' title="bbox 2206 1065 3778 1133">
     <span class='ocr_line' id='line_1_89' title="bbox 2206 1065 3778 1133; baseline 0 -16"><span class='ocrx_word' id='word_1_712' title='bbox 2206 1068 2463 1117; x_wconf 81' lang='lat' dir='ltr'><strong>Convertit</strong></span> <span class='ocrx_word' id='word_1_713' title='bbox 2484 1066 2547 1118; x_wconf 90' lang='lat' dir='ltr'><strong>ad</strong></span> <span class='ocrx_word' id='word_1_714' title='bbox 2575 1065 2847 1117; x_wconf 85' lang='lat' dir='ltr'><strong>Dominum</strong></span> <span class='ocrx_word' id='word_1_715' title='bbox 2874 1065 3101 1122; x_wconf 86' lang='lat' dir='ltr'><strong>l&#39;atrem.</strong></span> <span class='ocrx_word' id='word_1_716' title='bbox 3127 1075 3180 1115; x_wconf 91' lang='lat' dir='ltr'><strong>ut</strong></span> <span class='ocrx_word' id='word_1_717' title='bbox 3206 1080 3297 1131; x_wconf 76' lang='lat' dir='ltr'><strong>per</strong></span> <span class='ocrx_word' id='word_1_718' title='bbox 3319 1068 3421 1118; x_wconf 87' lang='lat' dir='ltr'><strong>hoc</strong></span> <span class='ocrx_word' id='word_1_719' title='bbox 3453 1070 3630 1133; x_wconf 78' lang='lat' dir='ltr'><strong>magis</strong></span> <span class='ocrx_word' id='word_1_720' title='bbox 3657 1070 3778 1121; x_wconf 76' lang='lat' dir='ltr'><strong>hor-</strong></span> 
     </span>
    </p>
   </div>
   <div class='ocr_carea' id='block_1_90' title="bbox 2208 1134 3774 1204">
    <p class='ocr_par' dir='ltr' id='par_1_90' title="bbox 2208 1134 3774 1204">
     <span class='ocr_line' id='line_1_90' title="bbox 2208 1134 3774 1204; baseline -0.008 -18"><span class='ocrx_word' id='word_1_721' title='bbox 2208 1143 2346 1186; x_wconf 88' lang='lat' dir='ltr'><strong>tetur</strong></span> <span class='ocrx_word' id='word_1_722' title='bbox 2374 1136 2511 1198; x_wconf 90' lang='lat' dir='ltr'><strong>illos,</strong></span> <span class='ocrx_word' id='word_1_723' title='bbox 2546 1144 2602 1186; x_wconf 91' lang='lat' dir='ltr'><strong>ut</strong></span> <span class='ocrx_word' id='word_1_724' title='bbox 2629 1145 2682 1188; x_wconf 88' lang='lat' dir='ltr'><strong>et</strong></span> <span class='ocrx_word' id='word_1_725' title='bbox 2711 1135 2809 1200; x_wconf 76' lang='lat' dir='ltr'><strong>ipsi</strong></span> <span class='ocrx_word' id='word_1_726' title='bbox 2843 1134 3002 1204; x_wconf 87' lang='lat' dir='ltr'><strong>Deum</strong></span> <span class='ocrx_word' id='word_1_727' title='bbox 3035 1148 3188 1184; x_wconf 76' lang='lat' dir='ltr'><strong>suum</strong></span> <span class='ocrx_word' id='word_1_728' title='bbox 3215 1136 3406 1187; x_wconf 82' lang='lat' dir='ltr'><strong>faciant</strong></span> <span class='ocrx_word' id='word_1_729' title='bbox 3435 1152 3585 1199; x_wconf 85' lang='lat' dir='ltr'><strong>eum,</strong></span> <span class='ocrx_word' id='word_1_730' title='bbox 3621 1151 3676 1190; x_wconf 61' lang='lat' dir='ltr'><strong>ei</strong></span> <span class='ocrx_word' id='word_1_731' title='bbox 3703 1143 3774 1192; x_wconf 57' lang='lat'><strong>5.2,:</strong></span> 
     </span>
    </p>
   </div>
   <div class='ocr_carea' id='block_1_91' title="bbox 2207 1204 3774 1267">
    <p class='ocr_par' dir='ltr' id='par_1_91' title="bbox 2207 1204 3774 1267">
     <span class='ocr_line' id='line_1_91' title="bbox 2207 1204 3774 1267; baseline 0.001 -13"><span class='ocrx_word' id='word_1_732' title='bbox 2207 1206 2318 1266; x_wconf 83' lang='lat' dir='ltr'><strong>ejus</strong></span> <span class='ocrx_word' id='word_1_733' title='bbox 2363 1205 2646 1258; x_wconf 75' lang='lat' dir='ltr'><strong>familiares</strong></span> <span class='ocrx_word' id='word_1_734' title='bbox 2686 1206 2824 1256; x_wconf 92' lang='lat' dir='ltr'><strong>liant.</strong></span> <span class='ocrx_word' id='word_1_735' title='bbox 2881 1204 3036 1266; x_wconf 78' lang='lat' dir='ltr'><strong>Quasi</strong></span> <span class='ocrx_word' id='word_1_736' title='bbox 3083 1204 3222 1255; x_wconf 80' lang='lat' dir='ltr'><strong>dicat</strong></span> <span class='ocrx_word' id='word_1_737' title='bbox 3271 1223 3282 1256; x_wconf 95' lang='lat'><strong>:</strong></span> <span class='ocrx_word' id='word_1_738' title='bbox 3333 1205 3509 1267; x_wconf 84' lang='lat' dir='ltr'><strong>Juste.</strong></span> <span class='ocrx_word' id='word_1_739' title='bbox 3551 1209 3774 1260; x_wconf 63' lang='lat' dir='ltr'><strong>Dominu-</strong></span> 
     </span>
    </p>
   </div>
   <div class='ocr_carea' id='block_1_92' title="bbox 2207 1272 3772 1343">
    <p class='ocr_par' dir='ltr' id='par_1_92' title="bbox 2207 1272 3772 1343">
     <span class='ocr_line' id='line_1_92' title="bbox 2207 1272 3772 1343; baseline 0.002 -19"><span class='ocrx_word' id='word_1_740' title='bbox 2207 1273 2380 1343; x_wconf 69' lang='lat' dir='ltr'><strong>l’ater,</strong></span> <span class='ocrx_word' id='word_1_741' title='bbox 2415 1282 2463 1325; x_wconf 90' lang='grc' dir='ltr'><strong>ιε</strong></span> <span class='ocrx_word' id='word_1_742' title='bbox 2492 1274 2656 1325; x_wconf 90' lang='lat' dir='ltr'><strong>Deum</strong></span> <span class='ocrx_word' id='word_1_743' title='bbox 2706 1287 2878 1326; x_wconf 89' lang='lat' dir='ltr'><strong>meum</strong></span> <span class='ocrx_word' id='word_1_744' title='bbox 2928 1272 3079 1335; x_wconf 83' lang='lat' dir='ltr'><strong>facio,</strong></span> <span class='ocrx_word' id='word_1_745' title='bbox 3114 1275 3231 1337; x_wconf 85' lang='lat' dir='ltr'><strong>quia</strong></span> <span class='ocrx_word' id='word_1_746' title='bbox 3261 1285 3314 1326; x_wconf 86' lang='lat' dir='ltr'><strong>to</strong></span> <span class='ocrx_word' id='word_1_747' title='bbox 3343 1287 3506 1327; x_wconf 79' lang='lat' dir='ltr'><strong>etiam</strong></span> <span class='ocrx_word' id='word_1_748' title='bbox 3552 1280 3772 1343; x_wconf 68' lang='lat' dir='ltr'><strong>powi-n</strong></span> 
     </span>
    </p>
   </div>
   <div class='ocr_carea' id='block_1_93' title="bbox 2207 1341 3770 1408">
    <p class='ocr_par' dir='ltr' id='par_1_93' title="bbox 2207 1341 3770 1408">
     <span class='ocr_line' id='line_1_93' title="bbox 2207 1341 3770 1408; baseline 0.003 -15"><span class='ocrx_word' id='word_1_749' title='bbox 2207 1341 2418 1394; x_wconf 81' lang='lat' dir='ltr'><strong>brachia</strong></span> <span class='ocrx_word' id='word_1_750' title='bbox 2451 1358 2586 1406; x_wconf 81' lang='lat' dir='ltr'><strong>mea,</strong></span> <span class='ocrx_word' id='word_1_751' title='bbox 2630 1343 2676 1394; x_wconf 91' lang='lat' dir='ltr'><strong>id</strong></span> <span class='ocrx_word' id='word_1_752' title='bbox 2717 1353 2818 1404; x_wconf 87' lang='grc' dir='ltr'>εει,</span> <span class='ocrx_word' id='word_1_753' title='bbox 2850 1358 3103 1404; x_wconf 81' lang='lat' dir='ltr'><strong>meorum,</strong></span> <span class='ocrx_word' id='word_1_754' title='bbox 3139 1353 3191 1394; x_wconf 93' lang='lat' dir='ltr'><strong>ut</strong></span> <span class='ocrx_word' id='word_1_755' title='bbox 3238 1360 3420 1395; x_wconf 84' lang='lat' dir='ltr'><strong>arctun</strong></span> <span class='ocrx_word' id='word_1_756' title='bbox 3464 1341 3694 1408; x_wconf 63' lang='lat' dir='ltr'><strong>aereum,</strong></span> <span class='ocrx_word' id='word_1_757' title='bbox 3726 1353 3770 1398; x_wconf 67' lang='lat' dir='ltr'><strong>ut</strong></span> 
     </span>
    </p>
   </div>
   <div class='ocr_carea' id='block_1_94' title="bbox 2205 1411 3773 1479">
    <p class='ocr_par' dir='ltr' id='par_1_94' title="bbox 2205 1411 3773 1479">
     <span class='ocr_line' id='line_1_94' title="bbox 2205 1411 3773 1479; baseline 0 -16"><span class='ocrx_word' id='word_1_758' title='bbox 2205 1422 2287 1463; x_wconf 85' lang='lat' dir='ltr'><strong>est</strong></span> <span class='ocrx_word' id='word_1_759' title='bbox 2316 1430 2329 1464; x_wconf 88' lang='lat'><strong>:</strong></span> <span class='ocrx_word' id='word_1_760' title='bbox 2364 1411 2530 1466; x_wconf 89' lang='lat' dir='ltr'><strong>fecisti</strong></span> <span class='ocrx_word' id='word_1_761' title='bbox 2560 1427 2707 1464; x_wconf 81' lang='grc' dir='ltr'>[ιιι-οε</span> <span class='ocrx_word' id='word_1_762' title='bbox 2737 1411 3023 1476; x_wconf 80' lang='lat' dir='ltr'><strong>amplexari</strong></span> <span class='ocrx_word' id='word_1_763' title='bbox 3058 1423 3300 1479; x_wconf 88' lang='lat' dir='ltr'><strong>tanquam</strong></span> <span class='ocrx_word' id='word_1_764' title='bbox 3349 1414 3589 1468; x_wconf 81' lang='lat' dir='ltr'><strong>brachiis</strong></span> <span class='ocrx_word' id='word_1_765' title='bbox 3638 1419 3773 1466; x_wconf 68' lang='grc' dir='ltr'>Ξιιῖλ-</span> 
     </span>
    </p>
   </div>
   <div class='ocr_carea' id='block_1_95' title="bbox 2207 1481 3770 1551">
    <p class='ocr_par' dir='ltr' id='par_1_95' title="bbox 2207 1481 3770 1551">
     <span class='ocr_line' id='line_1_95' title="bbox 2207 1481 3770 1551; baseline 0.004 -19"><span class='ocrx_word' id='word_1_766' title='bbox 2207 1481 2466 1548; x_wconf 79' lang='lat' dir='ltr'><strong>tigabiletu</strong></span> <span class='ocrx_word' id='word_1_767' title='bbox 2499 1483 2843 1534; x_wconf 89' lang='lat' dir='ltr'><strong>intentionem</strong></span> <span class='ocrx_word' id='word_1_768' title='bbox 2885 1482 3139 1534; x_wconf 88' lang='lat' dir='ltr'><strong>bonorum</strong></span> <span class='ocrx_word' id='word_1_769' title='bbox 3185 1498 3432 1548; x_wconf 86' lang='lat' dir='ltr'><strong>operum,</strong></span> <span class='ocrx_word' id='word_1_770' title='bbox 3464 1502 3587 1551; x_wconf 57' lang='lat' dir='ltr'><strong>quae</strong></span> <span class='ocrx_word' id='word_1_771' title='bbox 3631 1500 3770 1540; x_wconf 73' lang='lat' dir='ltr'><strong>recte</strong></span> 
     </span>
    </p>
   </div>
   <div class='ocr_carea' id='block_1_96' title="bbox 2204 1551 3767 1618">
    <p class='ocr_par' dir='ltr' id='par_1_96' title="bbox 2204 1551 3767 1618">
     <span class='ocr_line' id='line_1_96' title="bbox 2204 1551 3767 1618; baseline 0.003 -16"><span class='ocrx_word' id='word_1_772' title='bbox 2204 1551 2507 1617; x_wconf 81' lang='lat' dir='ltr'><strong>designatur</strong></span> <span class='ocrx_word' id='word_1_773' title='bbox 2558 1567 2648 1618; x_wconf 89' lang='lat' dir='ltr'><strong>per</strong></span> <span class='ocrx_word' id='word_1_774' title='bbox 2694 1565 2869 1618; x_wconf 87' lang='lat' dir='ltr'><strong>arcum</strong></span> <span class='ocrx_word' id='word_1_775' title='bbox 2916 1566 3128 1603; x_wconf 63' lang='lat' dir='ltr'><strong>arreum.</strong></span> <span class='ocrx_word' id='word_1_776' title='bbox 3177 1553 3232 1604; x_wconf 90' lang='lat' dir='ltr'><strong>Si</strong></span> <span class='ocrx_word' id='word_1_777' title='bbox 3282 1556 3422 1605; x_wconf 87' lang='lat' dir='ltr'><strong>enim</strong></span> <span class='ocrx_word' id='word_1_778' title='bbox 3469 1556 3585 1607; x_wconf 78' lang='lat' dir='ltr'><strong>ﬁeri</strong></span> <span class='ocrx_word' id='word_1_779' title='bbox 3617 1574 3767 1608; x_wconf 67' lang='lat' dir='ltr'><strong>arcus</strong></span> 
     </span>
    </p>
   </div>
   <div class='ocr_carea' id='block_1_97' title="bbox 2205 1617 3768 1686">
    <p class='ocr_par' dir='ltr' id='par_1_97' title="bbox 2205 1617 3768 1686">
     <span class='ocr_line' id='line_1_97' title="bbox 2205 1617 3768 1686; baseline 0.002 -15"><span class='ocrx_word' id='word_1_780' title='bbox 2205 1635 2374 1672; x_wconf 67' lang='lat' dir='ltr'><strong>aereus</strong></span> <span class='ocrx_word' id='word_1_781' title='bbox 2415 1617 2614 1686; x_wconf 81' lang='lat' dir='ltr'><strong>posset,</strong></span> <span class='ocrx_word' id='word_1_782' title='bbox 2660 1617 2992 1680; x_wconf 73' lang='lat' dir='ltr'><strong>infatigabilis</strong></span> <span class='ocrx_word' id='word_1_783' title='bbox 3018 1629 3179 1675; x_wconf 75' lang='lat' dir='ltr'><strong>esset.</strong></span> <span class='ocrx_word' id='word_1_784' title='bbox 3213 1623 3302 1673; x_wconf 85' lang='lat' dir='ltr'><strong>Est</strong></span> <span class='ocrx_word' id='word_1_785' title='bbox 3347 1633 3528 1675; x_wconf 85' lang='lat' dir='ltr'><strong>autem</strong></span> <span class='ocrx_word' id='word_1_786' title='bbox 3581 1627 3706 1677; x_wconf 85' lang='lat' dir='ltr'><strong>simi</strong></span> <span class='ocrx_word' id='word_1_787' title='bbox 3735 1647 3768 1674; x_wconf 75' lang='grc' dir='ltr'><strong>ε-</strong></span> 
     </span>
    </p>
   </div>
   <div class='ocr_carea' id='block_1_98' title="bbox 2213 1688 3761 1756">
    <p class='ocr_par' dir='ltr' id='par_1_98' title="bbox 2213 1688 3761 1756">
     <span class='ocr_line' id='line_1_98' title="bbox 2213 1688 3761 1756; baseline 0.003 -16"><span class='ocrx_word' id='word_1_788' title='bbox 2213 1688 2339 1741; x_wconf 91' lang='lat' dir='ltr'><strong>tudo</strong></span> <span class='ocrx_word' id='word_1_789' title='bbox 2365 1691 2448 1741; x_wconf 94' lang='lat' dir='ltr'><strong>hic</strong></span> <span class='ocrx_word' id='word_1_790' title='bbox 2471 1690 2536 1740; x_wconf 93' lang='lat' dir='ltr'><strong>ab</strong></span> <span class='ocrx_word' id='word_1_791' title='bbox 2563 1688 2891 1753; x_wconf 79' lang='lat' dir='ltr'><strong>impossibili.</strong></span> <span class='ocrx_word' id='word_1_792' title='bbox 2923 1698 2967 1740; x_wconf 86' lang='lat' dir='ltr'><strong>et</strong></span> <span class='ocrx_word' id='word_1_793' title='bbox 2997 1691 3154 1742; x_wconf 88' lang='lat' dir='ltr'><strong>etiam</strong></span> <span class='ocrx_word' id='word_1_794' title='bbox 3184 1693 3366 1742; x_wconf 81' lang='lat' dir='ltr'><strong>dedisti</strong></span> <span class='ocrx_word' id='word_1_795' title='bbox 3397 1693 3546 1751; x_wconf 79' lang='lat' dir='ltr'><strong>mihi,</strong></span> <span class='ocrx_word' id='word_1_796' title='bbox 3579 1694 3631 1746; x_wconf 81' lang='lat' dir='ltr'><strong>id</strong></span> <span class='ocrx_word' id='word_1_797' title='bbox 3663 1707 3761 1756; x_wconf 61' lang='lat' dir='ltr'><strong>est,</strong></span> 
     </span>
    </p>
   </div>
   <div class='ocr_carea' id='block_1_99' title="bbox 2139 1758 3772 1831">
    <p class='ocr_par' dir='ltr' id='par_1_99' title="bbox 2139 1758 3772 1831">
     <span class='ocr_line' id='line_1_99' title="bbox 2139 1758 3772 1831; baseline 0.003 -22"><span class='ocrx_word' id='word_1_798' title='bbox 2139 1771 2183 1831; x_wconf 78' lang='grc' dir='ltr'><strong>Β</strong></span> <span class='ocrx_word' id='word_1_799' title='bbox 2212 1760 2362 1831; x_wconf 79' lang='lat' dir='ltr'><strong>meis,</strong></span> <span class='ocrx_word' id='word_1_800' title='bbox 2402 1758 2758 1831; x_wconf 76' lang='lat' dir='ltr'><strong>protectiouem</strong></span> <span class='ocrx_word' id='word_1_801' title='bbox 2801 1759 2976 1831; x_wconf 76' lang='lat' dir='ltr'><strong>silutis</strong></span> <span class='ocrx_word' id='word_1_802' title='bbox 3021 1771 3138 1820; x_wconf 55' lang='lat' dir='ltr'><strong>tuae,</strong></span> <span class='ocrx_word' id='word_1_803' title='bbox 3173 1760 3222 1811; x_wconf 88' lang='lat' dir='ltr'><strong>id</strong></span> <span class='ocrx_word' id='word_1_804' title='bbox 3264 1772 3366 1831; x_wconf 90' lang='lat' dir='ltr'><strong>est.</strong></span> <span class='ocrx_word' id='word_1_805' title='bbox 3399 1764 3560 1813; x_wconf 84' lang='lat' dir='ltr'><strong>talem</strong></span> <span class='ocrx_word' id='word_1_806' title='bbox 3593 1769 3772 1828; x_wconf 69' lang='lat' dir='ltr'><strong>protr:</strong></span> 
     </span>
    </p>
   </div>
   <div class='ocr_carea' id='block_1_100' title="bbox 2207 1829 3763 1894">
    <p class='ocr_par' dir='ltr' id='par_1_100' title="bbox 2207 1829 3763 1894">
     <span class='ocr_line' id='line_1_100' title="bbox 2207 1829 3763 1894; baseline 0.004 -15"><span class='ocrx_word' id='word_1_807' title='bbox 2207 1829 2432 1880; x_wconf 88' lang='lat' dir='ltr'><strong>ctionem</strong></span> <span class='ocrx_word' id='word_1_808' title='bbox 2460 1843 2488 1880; x_wconf 68' lang='grc' dir='ltr'><strong>ιι</strong></span> <span class='ocrx_word' id='word_1_809' title='bbox 2512 1829 2671 1890; x_wconf 78' lang='lat' dir='ltr'><strong>vitiis,</strong></span> <span class='ocrx_word' id='word_1_810' title='bbox 2702 1829 2906 1894; x_wconf 83' lang='lat' dir='ltr'><strong>qualem</strong></span> <span class='ocrx_word' id='word_1_811' title='bbox 2933 1840 3198 1881; x_wconf 83' lang='lat' dir='ltr'><strong>uterentur</strong></span> <span class='ocrx_word' id='word_1_812' title='bbox 3223 1830 3306 1894; x_wconf 90' lang='lat' dir='ltr'><strong>qui</strong></span> <span class='ocrx_word' id='word_1_813' title='bbox 3339 1833 3618 1883; x_wconf 80' lang='lat' dir='ltr'><strong>salvantur</strong></span> <span class='ocrx_word' id='word_1_814' title='bbox 3645 1850 3671 1884; x_wconf 81' lang='lat' dir='ltr'><strong>a</strong></span> <span class='ocrx_word' id='word_1_815' title='bbox 3699 1849 3763 1886; x_wconf 72' lang='grc' dir='ltr'>ιε.</span> 
     </span>
    </p>
   </div>
   <div class='ocr_carea' id='block_1_101' title="bbox 2209 1897 3760 1964">
    <p class='ocr_par' dir='ltr' id='par_1_101' title="bbox 2209 1897 3760 1964">
     <span class='ocr_line' id='line_1_101' title="bbox 2209 1897 3760 1964; baseline -0.002 -15"><span class='ocrx_word' id='word_1_816' title='bbox 2209 1897 2272 1951; x_wconf 74' lang='lat' dir='ltr'><strong>Et</strong></span> <span class='ocrx_word' id='word_1_817' title='bbox 2302 1899 2350 1948; x_wconf 94' lang='lat' dir='ltr'><strong>in</strong></span> <span class='ocrx_word' id='word_1_818' title='bbox 2382 1899 2482 1950; x_wconf 91' lang='lat' dir='ltr'><strong>hoc</strong></span> <span class='ocrx_word' id='word_1_819' title='bbox 2506 1909 2586 1949; x_wconf 79' lang='lat' dir='ltr'><strong>est</strong></span> <span class='ocrx_word' id='word_1_820' title='bbox 2627 1898 2712 1950; x_wconf 87' lang='lat' dir='ltr'><strong>illa</strong></span> <span class='ocrx_word' id='word_1_821' title='bbox 2741 1898 3013 1964; x_wconf 87' lang='lat' dir='ltr'><strong>protectio,</strong></span> <span class='ocrx_word' id='word_1_822' title='bbox 3043 1899 3160 1964; x_wconf 86' lang='lat' dir='ltr'><strong>quia</strong></span> <span class='ocrx_word' id='word_1_823' title='bbox 3191 1900 3371 1952; x_wconf 71' lang='lat' dir='ltr'><strong>dextra</strong></span> <span class='ocrx_word' id='word_1_824' title='bbox 3418 1910 3530 1957; x_wconf 76' lang='lat' dir='ltr'><strong>tua,</strong></span> <span class='ocrx_word' id='word_1_825' title='bbox 3575 1903 3622 1952; x_wconf 70' lang='grc' dir='ltr'><strong>ιιι</strong></span> <span class='ocrx_word' id='word_1_826' title='bbox 3666 1919 3760 1958; x_wconf 58' lang='grc' dir='ltr'>θεῖ,</span> 
     </span>
    </p>
   </div>
   <div class='ocr_carea' id='block_1_102' title="bbox 2207 1966 3762 2034">
    <p class='ocr_par' dir='ltr' id='par_1_102' title="bbox 2207 1966 3762 2034">
     <span class='ocr_line' id='line_1_102' title="bbox 2207 1966 3762 2034; baseline 0.004 -15"><span class='ocrx_word' id='word_1_827' title='bbox 2207 1966 2353 2019; x_wconf 75' lang='lat' dir='ltr'><strong>favor</strong></span> <span class='ocrx_word' id='word_1_828' title='bbox 2378 1968 2557 2034; x_wconf 77' lang='lat' dir='ltr'><strong>gratiae</strong></span> <span class='ocrx_word' id='word_1_829' title='bbox 2585 1977 2706 2023; x_wconf 72' lang='lat' dir='ltr'><strong>tute.</strong></span> <span class='ocrx_word' id='word_1_830' title='bbox 2730 1969 2944 2033; x_wconf 80' lang='lat' dir='ltr'><strong>suscepit</strong></span> <span class='ocrx_word' id='word_1_831' title='bbox 2975 1985 3048 2020; x_wconf 85' lang='lat' dir='ltr'><strong>me</strong></span> <span class='ocrx_word' id='word_1_832' title='bbox 3089 1967 3504 2024; x_wconf 75' lang='lat' dir='ltr'><strong>d~-fendeudum.</strong></span> <span class='ocrx_word' id='word_1_833' title='bbox 3543 1969 3609 2022; x_wconf 84' lang='lat' dir='ltr'><strong>Et</strong></span> <span class='ocrx_word' id='word_1_834' title='bbox 3653 1974 3762 2024; x_wconf 68' lang='grc' dir='ltr'>ἰιιτιο</span> 
     </span>
    </p>
   </div>
   <div class='ocr_carea' id='block_1_103' title="bbox 2207 2037 3762 2106">
    <p class='ocr_par' dir='ltr' id='par_1_103' title="bbox 2207 2037 3762 2106">
     <span class='ocr_line' id='line_1_103' title="bbox 2207 2037 3762 2106; baseline 0.003 -20"><span class='ocrx_word' id='word_1_835' title='bbox 2207 2037 2474 2102; x_wconf 77' lang='lat' dir='ltr'><strong>disciplina</strong></span> <span class='ocrx_word' id='word_1_836' title='bbox 2518 2047 2622 2100; x_wconf 86' lang='lat' dir='ltr'><strong>tua,</strong></span> <span class='ocrx_word' id='word_1_837' title='bbox 2662 2038 2712 2090; x_wconf 89' lang='lat' dir='ltr'><strong>id</strong></span> <span class='ocrx_word' id='word_1_838' title='bbox 2761 2046 2865 2106; x_wconf 75' lang='lat' dir='ltr'><strong>est,</strong></span> <span class='ocrx_word' id='word_1_839' title='bbox 2908 2037 3117 2103; x_wconf 70' lang='lat' dir='ltr'><strong>paterna</strong></span> <span class='ocrx_word' id='word_1_840' title='bbox 3167 2039 3367 2103; x_wconf 72' lang='lat' dir='ltr'><strong>ﬂagella</strong></span> <span class='ocrx_word' id='word_1_841' title='bbox 3419 2052 3533 2098; x_wconf 85' lang='lat' dir='ltr'><strong>tua.</strong></span> <span class='ocrx_word' id='word_1_842' title='bbox 3581 2044 3762 2106; x_wconf 63' lang='lat' dir='ltr'><strong>quibus</strong></span> 
     </span>
    </p>
   </div>
   <div class='ocr_carea' id='block_1_104' title="bbox 2206 2105 3760 2174">
    <p class='ocr_par' dir='ltr' id='par_1_104' title="bbox 2206 2105 3760 2174">
     <span class='ocr_line' id='line_1_104' title="bbox 2206 2105 3760 2174; baseline 0.002 -18"><span class='ocrx_word' id='word_1_843' title='bbox 2206 2121 2419 2158; x_wconf 90' lang='lat' dir='ltr'><strong>onmem</strong></span> <span class='ocrx_word' id='word_1_844' title='bbox 2462 2106 2622 2159; x_wconf 82' lang='lat' dir='ltr'><strong>tilium</strong></span> <span class='ocrx_word' id='word_1_845' title='bbox 2673 2105 2894 2173; x_wconf 88' lang='lat' dir='ltr'><strong>corripis</strong></span> <span class='ocrx_word' id='word_1_846' title='bbox 2942 2122 3093 2172; x_wconf 89' lang='lat' dir='ltr'><strong>quem</strong></span> <span class='ocrx_word' id='word_1_847' title='bbox 3142 2108 3473 2174; x_wconf 68' lang='lat' dir='ltr'><strong>diligis,iiia,</strong></span> <span class='ocrx_word' id='word_1_848' title='bbox 3531 2105 3760 2174; x_wconf 78' lang='lat' dir='ltr'><strong>inquam,</strong></span> 
     </span>
    </p>
   </div>
   <div class='ocr_carea' id='block_1_105' title="bbox 2207 2175 3758 2243">
    <p class='ocr_par' dir='ltr' id='par_1_105' title="bbox 2207 2175 3758 2243">
     <span class='ocr_line' id='line_1_105' title="bbox 2207 2175 3758 2243; baseline 0.003 -20"><span class='ocrx_word' id='word_1_849' title='bbox 2207 2175 2499 2239; x_wconf 52' lang='lat' dir='ltr'><strong>disciplina,</strong></span> <span class='ocrx_word' id='word_1_850' title='bbox 2549 2192 2648 2229; x_wconf 89' lang='lat' dir='ltr'><strong>non</strong></span> <span class='ocrx_word' id='word_1_851' title='bbox 2700 2177 2902 2243; x_wconf 89' lang='lat' dir='ltr'><strong>patiens</strong></span> <span class='ocrx_word' id='word_1_852' title='bbox 2947 2189 3032 2229; x_wconf 90' lang='lat' dir='ltr'><strong>me</strong></span> <span class='ocrx_word' id='word_1_853' title='bbox 3073 2191 3274 2240; x_wconf 86' lang='lat' dir='ltr'><strong>errare,</strong></span> <span class='ocrx_word' id='word_1_854' title='bbox 3325 2181 3553 2232; x_wconf 70' lang='lat' dir='ltr'><strong>correxit</strong></span> <span class='ocrx_word' id='word_1_855' title='bbox 3596 2199 3666 2231; x_wconf 82' lang='lat' dir='ltr'><strong>me</strong></span> <span class='ocrx_word' id='word_1_856' title='bbox 3713 2201 3758 2230; x_wconf 72' lang='lat' dir='ltr'><strong>Mt</strong></span> 
     </span>
    </p>
   </div>
   <div class='ocr_carea' id='block_1_106' title="bbox 2207 2245 3758 2316">
    <p class='ocr_par' dir='ltr' id='par_1_106' title="bbox 2207 2245 3758 2316">
     <span class='ocr_line' id='line_1_106' title="bbox 2207 2245 3758 2316; baseline 0.005 -25"><span class='ocrx_word' id='word_1_857' title='bbox 2207 2245 2377 2308; x_wconf 83' lang='lat' dir='ltr'><strong>ﬁnem,</strong></span> <span class='ocrx_word' id='word_1_858' title='bbox 2426 2246 2475 2297; x_wconf 82' lang='lat' dir='ltr'><strong>id</strong></span> <span class='ocrx_word' id='word_1_859' title='bbox 2517 2257 2617 2316; x_wconf 86' lang='lat' dir='ltr'><strong>est,</strong></span> <span class='ocrx_word' id='word_1_860' title='bbox 2645 2245 2949 2316; x_wconf 12' lang='lat' dir='ltr'><strong>direxitime</strong></span> <span class='ocrx_word' id='word_1_861' title='bbox 2991 2245 3065 2316; x_wconf 80' lang='lat' dir='ltr'><strong>ita</strong></span> <span class='ocrx_word' id='word_1_862' title='bbox 3113 2245 3163 2299; x_wconf 92' lang='lat' dir='ltr'><strong>in</strong></span> <span class='ocrx_word' id='word_1_863' title='bbox 3205 2249 3361 2308; x_wconf 88' lang='lat' dir='ltr'><strong>meis,</strong></span> <span class='ocrx_word' id='word_1_864' title='bbox 3407 2261 3464 2300; x_wconf 91' lang='lat' dir='ltr'><strong>ut</strong></span> <span class='ocrx_word' id='word_1_865' title='bbox 3515 2252 3758 2316; x_wconf 70' lang='lat' dir='ltr'><strong>quidquid</strong></span> 
     </span>
    </p>
   </div>
   <div class='ocr_carea' id='block_1_107' title="bbox 2206 2314 3756 2384">
    <p class='ocr_par' dir='ltr' id='par_1_107' title="bbox 2206 2314 3756 2384">
     <span class='ocr_line' id='line_1_107' title="bbox 2206 2314 3756 2384; baseline 0.004 -20"><span class='ocrx_word' id='word_1_866' title='bbox 2206 2330 2416 2380; x_wconf 81' lang='lat' dir='ltr'><strong>agerem</strong></span> <span class='ocrx_word' id='word_1_867' title='bbox 2449 2315 2698 2368; x_wconf 88' lang='lat' dir='ltr'><strong>referrem</strong></span> <span class='ocrx_word' id='word_1_868' title='bbox 2726 2317 2781 2368; x_wconf 88' lang='lat' dir='ltr'><strong>in</strong></span> <span class='ocrx_word' id='word_1_869' title='bbox 2809 2315 2949 2367; x_wconf 90' lang='lat' dir='ltr'><strong>illum</strong></span> <span class='ocrx_word' id='word_1_870' title='bbox 2979 2314 3134 2368; x_wconf 83' lang='lat' dir='ltr'><strong>ﬁnem</strong></span> <span class='ocrx_word' id='word_1_871' title='bbox 3162 2332 3267 2384; x_wconf 89' lang='lat' dir='ltr'><strong>quo</strong></span> <span class='ocrx_word' id='word_1_872' title='bbox 3297 2318 3391 2370; x_wconf 87' lang='lat' dir='ltr'><strong>tibi</strong></span> <span class='ocrx_word' id='word_1_873' title='bbox 3421 2314 3756 2378; x_wconf 61' lang='lat' dir='ltr'><strong>eniteretur,</strong></span> 
     </span>
    </p>
   </div>
   <div class='ocr_carea' id='block_1_108' title="bbox 2207 2384 3759 2452">
    <p class='ocr_par' dir='ltr' id='par_1_108' title="bbox 2207 2384 3759 2452">
     <span class='ocr_line' id='line_1_108' title="bbox 2207 2384 3759 2452; baseline 0.003 -18"><span class='ocrx_word' id='word_1_874' title='bbox 2207 2397 2258 2435; x_wconf 87' lang='lat' dir='ltr'><strong>et</strong></span> <span class='ocrx_word' id='word_1_875' title='bbox 2290 2385 2396 2451; x_wconf 85' lang='lat' dir='ltr'><strong>ipsa</strong></span> <span class='ocrx_word' id='word_1_876' title='bbox 2441 2387 2624 2437; x_wconf 77' lang='lat' dir='ltr'><strong>eadem</strong></span> <span class='ocrx_word' id='word_1_877' title='bbox 2673 2384 2944 2451; x_wconf 87' lang='lat' dir='ltr'><strong>disciplina</strong></span> <span class='ocrx_word' id='word_1_878' title='bbox 2991 2395 3097 2442; x_wconf 87' lang='lat' dir='ltr'><strong>tua,</strong></span> <span class='ocrx_word' id='word_1_879' title='bbox 3143 2401 3262 2452; x_wconf 77' lang='lat' dir='ltr'><strong>qua:</strong></span> <span class='ocrx_word' id='word_1_880' title='bbox 3293 2402 3379 2439; x_wconf 90' lang='lat' dir='ltr'><strong>me</strong></span> <span class='ocrx_word' id='word_1_881' title='bbox 3409 2391 3459 2436; x_wconf 88' lang='lat' dir='ltr'><strong>in</strong></span> <span class='ocrx_word' id='word_1_882' title='bbox 3501 2387 3656 2438; x_wconf 80' lang='lat' dir='ltr'><strong>tinem</strong></span> <span class='ocrx_word' id='word_1_883' title='bbox 3687 2393 3759 2438; x_wconf 80' lang='grc' dir='ltr'>ιιι-</span> 
     </span>
    </p>
   </div>
   <div class='ocr_carea' id='block_1_109' title="bbox 2207 2454 3754 2521">
    <p class='ocr_par' dir='ltr' id='par_1_109' title="bbox 2207 2454 3754 2521">
     <span class='ocr_line' id='line_1_109' title="bbox 2207 2454 3754 2521; baseline 0 -15"><span class='ocrx_word' id='word_1_884' title='bbox 2207 2457 2367 2516; x_wconf 83' lang='lat' dir='ltr'><strong>rexit,</strong></span> <span class='ocrx_word' id='word_1_885' title='bbox 2398 2454 2606 2507; x_wconf 80' lang='lat' dir='ltr'><strong>docebit</strong></span> <span class='ocrx_word' id='word_1_886' title='bbox 2635 2469 2716 2505; x_wconf 61' lang='lat' dir='ltr'><strong>me</strong></span> <span class='ocrx_word' id='word_1_887' title='bbox 2739 2456 3098 2506; x_wconf 86' lang='lat' dir='ltr'><strong>conservando</strong></span> <span class='ocrx_word' id='word_1_888' title='bbox 3125 2469 3208 2507; x_wconf 88' lang='lat' dir='ltr'><strong>me</strong></span> <span class='ocrx_word' id='word_1_889' title='bbox 3231 2457 3282 2507; x_wconf 88' lang='lat' dir='ltr'><strong>in</strong></span> <span class='ocrx_word' id='word_1_890' title='bbox 3313 2454 3468 2508; x_wconf 82' lang='lat' dir='ltr'><strong>bonis</strong></span> <span class='ocrx_word' id='word_1_891' title='bbox 3492 2459 3754 2521; x_wconf 66' lang='lat' dir='ltr'><strong>opeiiéms,</strong></span> 
     </span>
    </p>
   </div>
   <div class='ocr_carea' id='block_1_110' title="bbox 2205 2521 3756 2588">
    <p class='ocr_par' dir='ltr' id='par_1_110' title="bbox 2205 2521 3756 2588">
     <span class='ocr_line' id='line_1_110' title="bbox 2205 2521 3756 2588; baseline 0 -14"><span class='ocrx_word' id='word_1_892' title='bbox 2205 2523 2270 2574; x_wconf 89' lang='lat' dir='ltr'><strong>ad</strong></span> <span class='ocrx_word' id='word_1_893' title='bbox 2301 2525 2442 2575; x_wconf 90' lang='lat' dir='ltr'><strong>illum</strong></span> <span class='ocrx_word' id='word_1_894' title='bbox 2489 2523 2644 2575; x_wconf 86' lang='lat' dir='ltr'><strong>finem</strong></span> <span class='ocrx_word' id='word_1_895' title='bbox 2688 2521 2975 2588; x_wconf 85' lang='lat' dir='ltr'><strong>pervenire.</strong></span> <span class='ocrx_word' id='word_1_896' title='bbox 3023 2523 3085 2575; x_wconf 86' lang='lat' dir='ltr'><strong>Et</strong></span> <span class='ocrx_word' id='word_1_897' title='bbox 3128 2523 3247 2575; x_wconf 89' lang='lat' dir='ltr'><strong>ideo</strong></span> <span class='ocrx_word' id='word_1_898' title='bbox 3278 2524 3478 2576; x_wconf 88' lang='lat' dir='ltr'><strong>merito</strong></span> <span class='ocrx_word' id='word_1_899' title='bbox 3519 2541 3581 2577; x_wconf 86' lang='lat' dir='ltr'><strong>es</strong></span> <span class='ocrx_word' id='word_1_900' title='bbox 3631 2527 3756 2577; x_wconf 62' lang='lat' dir='ltr'><strong>Deus</strong></span> 
     </span>
    </p>
   </div>
   <div class='ocr_carea' id='block_1_111' title="bbox 2210 2591 3755 2672">
    <p class='ocr_par' dir='ltr' id='par_1_111' title="bbox 2210 2591 3755 2672">
     <span class='ocr_line' id='line_1_111' title="bbox 2210 2591 3755 2672; baseline 0.003 -30"><span class='ocrx_word' id='word_1_901' title='bbox 2210 2603 2465 2672; x_wconf 30' lang='lat' dir='ltr'><strong>meusnet</strong></span> <span class='ocrx_word' id='word_1_902' title='bbox 2494 2603 2704 2659; x_wconf 76' lang='lat' dir='ltr'><strong>propter</strong></span> <span class='ocrx_word' id='word_1_903' title='bbox 2740 2592 2839 2672; x_wconf 73' lang='lat' dir='ltr'><strong>hoc</strong></span> <span class='ocrx_word' id='word_1_904' title='bbox 2868 2591 3045 2670; x_wconf 77' lang='lat' dir='ltr'><strong>etiam,</strong></span> <span class='ocrx_word' id='word_1_905' title='bbox 3066 2592 3193 2672; x_wconf 55' lang='lat' dir='ltr'><strong>quia</strong></span> <span class='ocrx_word' id='word_1_906' title='bbox 3219 2603 3270 2642; x_wconf 91' lang='lat' dir='ltr'><strong>tu</strong></span> <span class='ocrx_word' id='word_1_907' title='bbox 3303 2593 3540 2672; x_wconf 71' lang='lat' dir='ltr'><strong>dilatasti</strong></span> <span class='ocrx_word' id='word_1_908' title='bbox 3565 2612 3755 2662; x_wconf 69' lang='lat' dir='ltr'><strong>gressus</strong></span> 
     </span>
    </p>
   </div>
   <div class='ocr_carea' id='block_1_112' title="bbox 2206 2661 3752 2729">
    <p class='ocr_par' dir='ltr' id='par_1_112' title="bbox 2206 2661 3752 2729">
     <span class='ocr_line' id='line_1_112' title="bbox 2206 2661 3752 2729; baseline 0.002 -19"><span class='ocrx_word' id='word_1_909' title='bbox 2206 2676 2362 2725; x_wconf 88' lang='lat' dir='ltr'><strong>meos,</strong></span> <span class='ocrx_word' id='word_1_910' title='bbox 2388 2661 2558 2724; x_wconf 86' lang='lat' dir='ltr'><strong>idest,</strong></span> <span class='ocrx_word' id='word_1_911' title='bbox 2585 2663 2855 2729; x_wconf 77' lang='lat' dir='ltr'><strong>gressibus</strong></span> <span class='ocrx_word' id='word_1_912' title='bbox 2882 2661 3032 2724; x_wconf 90' lang='lat' dir='ltr'><strong>meis,</strong></span> <span class='ocrx_word' id='word_1_913' title='bbox 3066 2661 3114 2714; x_wconf 83' lang='lat' dir='ltr'><strong>id</strong></span> <span class='ocrx_word' id='word_1_914' title='bbox 3145 2670 3247 2722; x_wconf 85' lang='lat' dir='ltr'><strong>est.</strong></span> <span class='ocrx_word' id='word_1_915' title='bbox 3281 2665 3539 2727; x_wconf 83' lang='lat' dir='ltr'><strong>apostolis</strong></span> <span class='ocrx_word' id='word_1_916' title='bbox 3568 2661 3622 2716; x_wconf 78' lang='lat' dir='ltr'><strong>et</strong></span> <span class='ocrx_word' id='word_1_917' title='bbox 3649 2669 3752 2714; x_wconf 56' lang='lat' dir='ltr'><strong>aliis</strong></span> 
     </span>
    </p>
   </div>
   <div class='ocr_carea' id='block_1_113' title="bbox 2207 2730 3753 2800">
    <p class='ocr_par' dir='ltr' id='par_1_113' title="bbox 2207 2730 3753 2800">
     <span class='ocr_line' id='line_1_113' title="bbox 2207 2730 3753 2800; baseline 0.003 -21"><span class='ocrx_word' id='word_1_918' title='bbox 2207 2731 2537 2796; x_wconf 62' lang='lat' dir='ltr'><strong>praeconibus</strong></span> <span class='ocrx_word' id='word_1_919' title='bbox 2577 2730 2727 2792; x_wconf 82' lang='lat' dir='ltr'><strong>int-is,</strong></span> <span class='ocrx_word' id='word_1_920' title='bbox 2778 2745 2868 2798; x_wconf 82' lang='lat' dir='ltr'><strong>per</strong></span> <span class='ocrx_word' id='word_1_921' title='bbox 2911 2745 3042 2800; x_wconf 85' lang='lat' dir='ltr'><strong>quos</strong></span> <span class='ocrx_word' id='word_1_922' title='bbox 3086 2731 3149 2783; x_wconf 87' lang='lat' dir='ltr'><strong>ad</strong></span> <span class='ocrx_word' id='word_1_923' title='bbox 3196 2732 3441 2784; x_wconf 88' lang='lat' dir='ltr'><strong>notitiam</strong></span> <span class='ocrx_word' id='word_1_924' title='bbox 3490 2734 3753 2785; x_wconf 79' lang='lat' dir='ltr'><strong>lieniinnin</strong></span> 
     </span>
    </p>
   </div>
   <div class='ocr_carea' id='block_1_114' title="bbox 2206 2799 3752 2864">
    <p class='ocr_par' dir='ltr' id='par_1_114' title="bbox 2206 2799 3752 2864">
     <span class='ocr_line' id='line_1_114' title="bbox 2206 2799 3752 2864; baseline 0 -14"><span class='ocrx_word' id='word_1_925' title='bbox 2206 2799 2438 2864; x_wconf 78' lang='lat' dir='ltr'><strong>gradior.</strong></span> <span class='ocrx_word' id='word_1_926' title='bbox 2487 2801 2759 2854; x_wconf 86' lang='lat' dir='ltr'><strong>dilatatqu</strong></span> <span class='ocrx_word' id='word_1_927' title='bbox 2807 2815 2897 2854; x_wconf 88' lang='lat' dir='ltr'><strong>cor</strong></span> <span class='ocrx_word' id='word_1_928' title='bbox 2935 2801 3160 2860; x_wconf 88' lang='lat' dir='ltr'><strong>dedisti.</strong></span> <span class='ocrx_word' id='word_1_929' title='bbox 3193 2802 3422 2862; x_wconf 89' lang='lat' dir='ltr'><strong>scilicet,</strong></span> <span class='ocrx_word' id='word_1_930' title='bbox 3470 2812 3525 2854; x_wconf 91' lang='lat' dir='ltr'><strong>ut</strong></span> <span class='ocrx_word' id='word_1_931' title='bbox 3559 2805 3752 2854; x_wconf 65' lang='grc' dir='ltr'>ιι-ιειιιιι</span> 
     </span>
    </p>
   </div>
   <div class='ocr_carea' id='block_1_115' title="bbox 2211 2871 3754 2937">
    <p class='ocr_par' dir='ltr' id='par_1_115' title="bbox 2211 2871 3754 2937">
     <span class='ocr_line' id='line_1_115' title="bbox 2211 2871 3754 2937; baseline 0.001 -16"><span class='ocrx_word' id='word_1_932' title='bbox 2211 2871 2466 2936; x_wconf 76' lang='lat' dir='ltr'><strong>passionis</strong></span> <span class='ocrx_word' id='word_1_933' title='bbox 2498 2887 2595 2924; x_wconf 83' lang='lat' dir='ltr'><strong>cor</strong></span> <span class='ocrx_word' id='word_1_934' title='bbox 2634 2887 2812 2924; x_wconf 84' lang='lat' dir='ltr'><strong>eorum</strong></span> <span class='ocrx_word' id='word_1_935' title='bbox 2861 2887 2962 2922; x_wconf 90' lang='lat' dir='ltr'><strong>non</strong></span> <span class='ocrx_word' id='word_1_936' title='bbox 2993 2878 3316 2936; x_wconf 76' lang='lat' dir='ltr'><strong>angustaret,</strong></span> <span class='ocrx_word' id='word_1_937' title='bbox 3350 2872 3445 2924; x_wconf 86' lang='lat' dir='ltr'><strong>sed</strong></span> <span class='ocrx_word' id='word_1_938' title='bbox 3474 2875 3754 2937; x_wconf 72' lang='lat' dir='ltr'><strong>gauderent</strong></span> 
     </span>
    </p>
   </div>
   <div class='ocr_carea' id='block_1_116' title="bbox 2210 2940 3750 3003">
    <p class='ocr_par' dir='ltr' id='par_1_116' title="bbox 2210 2940 3750 3003">
     <span class='ocr_line' id='line_1_116' title="bbox 2210 2940 3750 3003; baseline 0.001 -14"><span class='ocrx_word' id='word_1_939' title='bbox 2210 2940 2257 2990; x_wconf 92' lang='lat' dir='ltr'><strong>in</strong></span> <span class='ocrx_word' id='word_1_940' title='bbox 2290 2940 2733 3002; x_wconf 85' lang='lat' dir='ltr'><strong>tribulationibus,</strong></span> <span class='ocrx_word' id='word_1_941' title='bbox 2757 2950 2810 2994; x_wconf 92' lang='lat' dir='ltr'><strong>et</strong></span> <span class='ocrx_word' id='word_1_942' title='bbox 2830 2940 3002 2992; x_wconf 89' lang='lat' dir='ltr'><strong>cordis</strong></span> <span class='ocrx_word' id='word_1_943' title='bbox 3029 2942 3357 2993; x_wconf 76' lang='lat' dir='ltr'><strong>affectionem</strong></span> <span class='ocrx_word' id='word_1_944' title='bbox 3387 2944 3750 3003; x_wconf 74' lang='lat' dir='ltr'><strong>extenderent,</strong></span> 
     </span>
    </p>
   </div>
   <div class='ocr_carea' id='block_1_117' title="bbox 2208 3009 3751 3076">
    <p class='ocr_par' dir='ltr' id='par_1_117' title="bbox 2208 3009 3751 3076">
     <span class='ocr_line' id='line_1_117' title="bbox 2208 3009 3751 3076; baseline 0.003 -18"><span class='ocrx_word' id='word_1_945' title='bbox 2208 3009 2273 3060; x_wconf 87' lang='lat' dir='ltr'><strong>ad</strong></span> <span class='ocrx_word' id='word_1_946' title='bbox 2302 3009 2554 3062; x_wconf 88' lang='lat' dir='ltr'><strong>orandum</strong></span> <span class='ocrx_word' id='word_1_947' title='bbox 2598 3011 2754 3062; x_wconf 75' lang='lat' dir='ltr'><strong>etiam</strong></span> <span class='ocrx_word' id='word_1_948' title='bbox 2796 3023 2889 3076; x_wconf 75' lang='lat' dir='ltr'><strong>pio</strong></span> <span class='ocrx_word' id='word_1_949' title='bbox 2941 3009 3399 3075; x_wconf 85' lang='lat' dir='ltr'><strong>persecutoribus;</strong></span> <span class='ocrx_word' id='word_1_950' title='bbox 3429 3022 3484 3061; x_wconf 89' lang='lat' dir='ltr'><strong>et</strong></span> <span class='ocrx_word' id='word_1_951' title='bbox 3514 3012 3580 3061; x_wconf 80' lang='grc' dir='ltr'><strong>ιιι</strong></span> <span class='ocrx_word' id='word_1_952' title='bbox 3629 3014 3751 3062; x_wconf 75' lang='lat' dir='ltr'><strong>dita-</strong></span> 
     </span>
    </p>
   </div>
   <div class='ocr_carea' id='block_1_118' title="bbox 2215 3077 3750 3142">
    <p class='ocr_par' dir='ltr' id='par_1_118' title="bbox 2215 3077 3750 3142">
     <span class='ocr_line' id='line_1_118' title="bbox 2215 3077 3750 3142; baseline 0 -14"><span class='ocrx_word' id='word_1_953' title='bbox 2215 3077 2334 3130; x_wconf 87' lang='lat' dir='ltr'><strong>tasti</strong></span> <span class='ocrx_word' id='word_1_954' title='bbox 2361 3093 2471 3141; x_wconf 85' lang='lat' dir='ltr'><strong>cor,</strong></span> <span class='ocrx_word' id='word_1_955' title='bbox 2496 3089 2552 3131; x_wconf 92' lang='lat' dir='ltr'><strong>ut</strong></span> <span class='ocrx_word' id='word_1_956' title='bbox 2577 3080 2761 3132; x_wconf 90' lang='lat' dir='ltr'><strong>subtus</strong></span> <span class='ocrx_word' id='word_1_957' title='bbox 2792 3092 2875 3131; x_wconf 89' lang='lat' dir='ltr'><strong>me</strong></span> <span class='ocrx_word' id='word_1_958' title='bbox 2904 3087 3099 3139; x_wconf 88' lang='lat' dir='ltr'><strong>essent,</strong></span> <span class='ocrx_word' id='word_1_959' title='bbox 3135 3079 3181 3130; x_wconf 85' lang='lat' dir='ltr'><strong>id</strong></span> <span class='ocrx_word' id='word_1_960' title='bbox 3214 3088 3314 3142; x_wconf 79' lang='lat' dir='ltr'><strong>est,</strong></span> <span class='ocrx_word' id='word_1_961' title='bbox 3347 3090 3402 3131; x_wconf 92' lang='lat' dir='ltr'><strong>ut</strong></span> <span class='ocrx_word' id='word_1_962' title='bbox 3435 3095 3537 3131; x_wconf 88' lang='lat' dir='ltr'><strong>non</strong></span> <span class='ocrx_word' id='word_1_963' title='bbox 3575 3096 3750 3133; x_wconf 53' lang='lat' dir='ltr'><strong>seem.~</strong></span> 
     </span>
    </p>
   </div>
   <div class='ocr_carea' id='block_1_119' title="bbox 2213 3147 3748 3218">
    <p class='ocr_par' dir='ltr' id='par_1_119' title="bbox 2213 3147 3748 3218">
     <span class='ocr_line' id='line_1_119' title="bbox 2213 3147 3748 3218; baseline 0 -20"><span class='ocrx_word' id='word_1_964' title='bbox 2213 3150 2335 3200; x_wconf 89' lang='lat' dir='ltr'><strong>dum</strong></span> <span class='ocrx_word' id='word_1_965' title='bbox 2355 3163 2526 3210; x_wconf 87' lang='lat' dir='ltr'><strong>suam,</strong></span> <span class='ocrx_word' id='word_1_966' title='bbox 2550 3147 2640 3200; x_wconf 76' lang='lat' dir='ltr'><strong>sud</strong></span> <span class='ocrx_word' id='word_1_967' title='bbox 2665 3149 2950 3218; x_wconf 83' lang='lat' dir='ltr'><strong>secundum</strong></span> <span class='ocrx_word' id='word_1_968' title='bbox 2976 3163 3147 3218; x_wconf 65' lang='lat' dir='ltr'><strong>meant</strong></span> <span class='ocrx_word' id='word_1_969' title='bbox 3165 3149 3496 3218; x_wconf 77' lang='lat' dir='ltr'><strong>voluntatem</strong></span> <span class='ocrx_word' id='word_1_970' title='bbox 3520 3166 3748 3218; x_wconf 63' lang='lat' dir='ltr'><strong>agervan,</strong></span> 
     </span>
    </p>
   </div>
   <div class='ocr_carea' id='block_1_120' title="bbox 2209 3216 3748 3285">
    <p class='ocr_par' dir='ltr' id='par_1_120' title="bbox 2209 3216 3748 3285">
     <span class='ocr_line' id='line_1_120' title="bbox 2209 3216 3748 3285; baseline 0.001 -17"><span class='ocrx_word' id='word_1_971' title='bbox 2209 3226 2264 3268; x_wconf 88' lang='lat' dir='ltr'><strong>et</strong></span> <span class='ocrx_word' id='word_1_972' title='bbox 2310 3218 2580 3284; x_wconf 69' lang='lat' dir='ltr'><strong>prmceptis</strong></span> <span class='ocrx_word' id='word_1_973' title='bbox 2621 3217 2750 3269; x_wconf 82' lang='lat' dir='ltr'><strong>meis</strong></span> <span class='ocrx_word' id='word_1_974' title='bbox 2795 3216 3087 3269; x_wconf 88' lang='lat' dir='ltr'><strong>obedircnt.</strong></span> <span class='ocrx_word' id='word_1_975' title='bbox 3133 3216 3246 3270; x_wconf 82' lang='lat' dir='ltr'><strong>Non</strong></span> <span class='ocrx_word' id='word_1_976' title='bbox 3295 3235 3424 3271; x_wconf 90' lang='lat' dir='ltr'><strong>vero</strong></span> <span class='ocrx_word' id='word_1_977' title='bbox 3476 3216 3630 3285; x_wconf 74' lang='lat' dir='ltr'><strong>supra</strong></span> <span class='ocrx_word' id='word_1_978' title='bbox 3676 3238 3748 3270; x_wconf 74' lang='lat' dir='ltr'><strong>tne</strong></span> 
     </span>
    </p>
   </div>
   <div class='ocr_carea' id='block_1_121' title="bbox 2209 3287 3747 3352">
    <p class='ocr_par' dir='ltr' id='par_1_121' title="bbox 2209 3287 3747 3352">
     <span class='ocr_line' id='line_1_121' title="bbox 2209 3287 3747 3352; baseline 0.002 -16"><span class='ocrx_word' id='word_1_979' title='bbox 2209 3296 2408 3343; x_wconf 72' lang='lat' dir='ltr'><strong>essent.</strong></span> <span class='ocrx_word' id='word_1_980' title='bbox 2441 3289 2522 3340; x_wconf 89' lang='lat' dir='ltr'><strong>vel</strong></span> <span class='ocrx_word' id='word_1_981' title='bbox 2566 3287 2690 3339; x_wconf 91' lang='lat' dir='ltr'><strong>mihi</strong></span> <span class='ocrx_word' id='word_1_982' title='bbox 2724 3297 2978 3352; x_wconf 67' lang='lat' dir='ltr'><strong>prtecepta</strong></span> <span class='ocrx_word' id='word_1_983' title='bbox 3008 3289 3214 3348; x_wconf 88' lang='lat' dir='ltr'><strong>darent,</strong></span> <span class='ocrx_word' id='word_1_984' title='bbox 3254 3289 3392 3340; x_wconf 66' lang='lat' dir='ltr'><strong>sicut</strong></span> <span class='ocrx_word' id='word_1_985' title='bbox 3421 3288 3542 3341; x_wconf 77' lang='lat' dir='ltr'><strong>fecit</strong></span> <span class='ocrx_word' id='word_1_986' title='bbox 3572 3290 3747 3341; x_wconf 64' lang='lat' dir='ltr'><strong>l’e’rus</strong></span> 
     </span>
    </p>
   </div>
   <div class='ocr_carea' id='block_1_122' title="bbox 2209 3354 3747 3425">
    <p class='ocr_par' dir='ltr' id='par_1_122' title="bbox 2209 3354 3747 3425">
     <span class='ocr_line' id='line_1_122' title="bbox 2209 3354 3747 3425; baseline 0 -17"><span class='ocrx_word' id='word_1_987' title='bbox 2209 3371 2347 3419; x_wconf 88' lang='lat' dir='ltr'><strong>cum,</strong></span> <span class='ocrx_word' id='word_1_988' title='bbox 2389 3354 2606 3408; x_wconf 85' lang='lat' dir='ltr'><strong>Domino</strong></span> <span class='ocrx_word' id='word_1_989' title='bbox 2647 3357 2851 3409; x_wconf 81' lang='lat' dir='ltr'><strong>dicente</strong></span> <span class='ocrx_word' id='word_1_990' title='bbox 2903 3374 2914 3407; x_wconf 91' lang='lat'><strong>:</strong></span> <span class='ocrx_word' id='word_1_991' title='bbox 2961 3355 3088 3408; x_wconf 82' lang='lat' dir='ltr'><strong>Ecce</strong></span> <span class='ocrx_word' id='word_1_992' title='bbox 3126 3359 3445 3409; x_wconf 81' lang='lat' dir='ltr'><strong>ascendimus</strong></span> <span class='ocrx_word' id='word_1_993' title='bbox 3505 3358 3747 3425; x_wconf 63' lang='lat' dir='ltr'><strong>Jerosuly-</strong></span> 
     </span>
    </p>
   </div>
   <div class='ocr_carea' id='block_1_123' title="bbox 2211 3426 3746 3493">
    <p class='ocr_par' dir='ltr' id='par_1_123' title="bbox 2211 3426 3746 3493">
     <span class='ocr_line' id='line_1_123' title="bbox 2211 3426 3746 3493; baseline -0.002 -17"><span class='ocrx_word' id='word_1_994' title='bbox 2211 3442 2359 3486; x_wconf 79' lang='lat' dir='ltr'><strong>moui,</strong></span> <span class='ocrx_word' id='word_1_995' title='bbox 2411 3436 2463 3479; x_wconf 89' lang='lat' dir='ltr'><strong>et</strong></span> <span class='ocrx_word' id='word_1_996' title='bbox 2509 3426 2724 3490; x_wconf 73' lang='lat' dir='ltr'><strong>reliqua,</strong></span> <span class='ocrx_word' id='word_1_997' title='bbox 2769 3436 3012 3492; x_wconf 88' lang='lat' dir='ltr'><strong>tanquam</strong></span> <span class='ocrx_word' id='word_1_998' title='bbox 3064 3428 3238 3478; x_wconf 83' lang='lat' dir='ltr'><strong>volens</strong></span> <span class='ocrx_word' id='word_1_999' title='bbox 3289 3443 3518 3493; x_wconf 72' lang='lat' dir='ltr'><strong>praeesse</strong></span> <span class='ocrx_word' id='word_1_1000' title='bbox 3560 3430 3610 3478; x_wconf 84' lang='lat' dir='ltr'><strong>in</strong></span> <span class='ocrx_word' id='word_1_1001' title='bbox 3667 3449 3746 3475; x_wconf 71' lang='grc' dir='ltr'>..ιι-</span> 
     </span>
    </p>
   </div>
   <div class='ocr_carea' id='block_1_124' title="bbox 2208 3493 3744 3560">
    <p class='ocr_par' dir='ltr' id='par_1_124' title="bbox 2208 3493 3744 3560">
     <span class='ocr_line' id='line_1_124' title="bbox 2208 3493 3744 3560; baseline -0.001 -13"><span class='ocrx_word' id='word_1_1002' title='bbox 2208 3496 2391 3559; x_wconf 90' lang='lat' dir='ltr'><strong>ceudo,</strong></span> <span class='ocrx_word' id='word_1_1003' title='bbox 2440 3495 2571 3548; x_wconf 75' lang='lat' dir='ltr'><strong>dixit.</strong></span> <span class='ocrx_word' id='word_1_1004' title='bbox 2619 3513 2633 3549; x_wconf 87' lang='lat'><strong>:</strong></span> <span class='ocrx_word' id='word_1_1005' title='bbox 2686 3493 2939 3560; x_wconf 80' lang='lat' dir='ltr'><strong>Propitius</strong></span> <span class='ocrx_word' id='word_1_1006' title='bbox 2983 3504 3087 3548; x_wconf 84' lang='lat' dir='ltr'><strong>esto</strong></span> <span class='ocrx_word' id='word_1_1007' title='bbox 3135 3497 3245 3555; x_wconf 87' lang='lat' dir='ltr'><strong>tibi,</strong></span> <span class='ocrx_word' id='word_1_1008' title='bbox 3297 3495 3533 3554; x_wconf 84' lang='lat' dir='ltr'><strong>Domine,</strong></span> <span class='ocrx_word' id='word_1_1009' title='bbox 3576 3514 3636 3548; x_wconf 79' lang='lat' dir='ltr'><strong>ne</strong></span> <span class='ocrx_word' id='word_1_1010' title='bbox 3665 3499 3744 3558; x_wconf 72' lang='lat' dir='ltr'><strong>ﬁet</strong></span> 
     </span>
    </p>
   </div>
   <div class='ocr_carea' id='block_1_125' title="bbox 2208 3565 3743 3633">
    <p class='ocr_par' dir='ltr' id='par_1_125' title="bbox 2208 3565 3743 3633">
     <span class='ocr_line' id='line_1_125' title="bbox 2208 3565 3743 3633; baseline 0.001 -17"><span class='ocrx_word' id='word_1_1011' title='bbox 2208 3566 2363 3618; x_wconf 78' lang='lat' dir='ltr'><strong>istud.</strong></span> <span class='ocrx_word' id='word_1_1012' title='bbox 2417 3565 2566 3619; x_wconf 89' lang='lat' dir='ltr'><strong>Unde</strong></span> <span class='ocrx_word' id='word_1_1013' title='bbox 2612 3581 2640 3616; x_wconf 86' lang='lat' dir='ltr'><strong>a</strong></span> <span class='ocrx_word' id='word_1_1014' title='bbox 2687 3566 2903 3616; x_wconf 83' lang='lat' dir='ltr'><strong>Domino</strong></span> <span class='ocrx_word' id='word_1_1015' title='bbox 2945 3580 3101 3633; x_wconf 76' lang='lat' dir='ltr'><strong>grave</strong></span> <span class='ocrx_word' id='word_1_1016' title='bbox 3154 3581 3467 3630; x_wconf 61' lang='lat' dir='ltr'><strong>reqmnsum</strong></span> <span class='ocrx_word' id='word_1_1017' title='bbox 3525 3568 3743 3632; x_wconf 84' lang='lat' dir='ltr'><strong>pertulit,</strong></span> 
     </span>
    </p>
   </div>
   <div class='ocr_carea' id='block_1_126' title="bbox 2207 3634 3743 3697">
    <p class='ocr_par' dir='ltr' id='par_1_126' title="bbox 2207 3634 3743 3697">
     <span class='ocr_line' id='line_1_126' title="bbox 2207 3634 3743 3697; baseline -0.004 -11"><span class='ocrx_word' id='word_1_1018' title='bbox 2207 3650 2324 3687; x_wconf 92' lang='lat' dir='ltr'><strong>cum</strong></span> <span class='ocrx_word' id='word_1_1019' title='bbox 2369 3635 2498 3688; x_wconf 79' lang='lat' dir='ltr'><strong>dixit</strong></span> <span class='ocrx_word' id='word_1_1020' title='bbox 2539 3653 2550 3687; x_wconf 92' lang='lat'>:</span> <span class='ocrx_word' id='word_1_1021' title='bbox 2606 3634 2741 3686; x_wconf 78' lang='lat' dir='ltr'><strong>Vade</strong></span> <span class='ocrx_word' id='word_1_1022' title='bbox 2784 3644 2934 3697; x_wconf 83' lang='lat' dir='ltr'><strong>retro,</strong></span> <span class='ocrx_word' id='word_1_1023' title='bbox 2973 3639 3182 3687; x_wconf 58' lang='lat' dir='ltr'><strong>eiatunn.</strong></span> <span class='ocrx_word' id='word_1_1024' title='bbox 3228 3637 3386 3697; x_wconf 73' lang='lat' dir='ltr'><strong>Qna-i</strong></span> <span class='ocrx_word' id='word_1_1025' title='bbox 3429 3637 3604 3686; x_wconf 81' lang='lat' dir='ltr'><strong>dicat:</strong></span> <span class='ocrx_word' id='word_1_1026' title='bbox 3641 3637 3743 3685; x_wconf 61' lang='lat' dir='ltr'><strong>Not.</strong></span> 
     </span>
    </p>
   </div>
   <div class='ocr_carea' id='block_1_127' title="bbox 2247 3704 3740 3772">
    <p class='ocr_par' dir='ltr' id='par_1_127' title="bbox 2247 3704 3740 3772">
     <span class='ocr_line' id='line_1_127' title="bbox 2247 3704 3740 3772; baseline -0.002 -16"><span class='ocrx_word' id='word_1_1027' title='bbox 2247 3717 2467 3772; x_wconf 66' lang='lat' dir='ltr'><strong>Recepta</strong></span> <span class='ocrx_word' id='word_1_1028' title='bbox 2493 3704 2618 3756; x_wconf 88' lang='lat' dir='ltr'><strong>mihi</strong></span> <span class='ocrx_word' id='word_1_1029' title='bbox 2641 3705 2786 3766; x_wconf 84' lang='lat' dir='ltr'><strong>dare,</strong></span> <span class='ocrx_word' id='word_1_1030' title='bbox 2812 3718 2962 3767; x_wconf 86' lang='lat' dir='ltr'><strong>quem</strong></span> <span class='ocrx_word' id='word_1_1031' title='bbox 2991 3705 3156 3768; x_wconf 86' lang='lat' dir='ltr'><strong>potius</strong></span> <span class='ocrx_word' id='word_1_1032' title='bbox 3184 3705 3428 3755; x_wconf 75' lang='lat' dir='ltr'><strong>Convenit</strong></span> <span class='ocrx_word' id='word_1_1033' title='bbox 3451 3705 3740 3756; x_wconf 67' lang='lat' dir='ltr'><strong>inferi-rein</strong></span> 
     </span>
    </p>
   </div>
   <div class='ocr_carea' id='block_1_128' title="bbox 2208 3720 3741 3836">
    <p class='ocr_par' dir='ltr' id='par_1_128' title="bbox 2208 3720 3741 3836">
     <span class='ocr_line' id='line_1_128' title="bbox 2208 3720 3740 3826; baseline -0.002 -70"><span class='ocrx_word' id='word_1_1034' title='bbox 2208 3720 2467 3826; x_wconf 70' lang='lat' dir='ltr'><strong>praecepta</strong></span> <span class='ocrx_word' id='word_1_1035' title='bbox 2493 3720 2618 3756; x_wconf 88' lang='lat' dir='ltr'><strong>mtnt</strong></span> <span class='ocrx_word' id='word_1_1036' title='bbox 2641 3720 2786 3766; x_wconf 77' lang='lat' dir='ltr'><strong>dare,</strong></span> <span class='ocrx_word' id='word_1_1037' title='bbox 2812 3720 2962 3767; x_wconf 82' lang='lat' dir='ltr'><strong>quem</strong></span> <span class='ocrx_word' id='word_1_1038' title='bbox 2991 3720 3156 3768; x_wconf 82' lang='lat' dir='ltr'><strong>pomis</strong></span> <span class='ocrx_word' id='word_1_1039' title='bbox 3184 3720 3428 3755; x_wconf 66' lang='lat' dir='ltr'><strong>convertit</strong></span> <span class='ocrx_word' id='word_1_1040' title='bbox 3451 3720 3740 3756; x_wconf 71' lang='lat' dir='ltr'><strong>lﬂlt‘rl&#39;Tt&#39;llt</strong></span> 
     </span>
     <span class='ocr_line' id='line_1_129' title="bbox 2229 3773 3741 3836; baseline -0.002 -11"><span class='ocrx_word' id='word_1_1041' title='bbox 2229 3790 2380 3826; x_wconf 89' lang='lat' dir='ltr'><strong>ocum</strong></span> <span class='ocrx_word' id='word_1_1042' title='bbox 2430 3784 2628 3836; x_wconf 90' lang='lat' dir='ltr'><strong>tenere,</strong></span> <span class='ocrx_word' id='word_1_1043' title='bbox 2660 3781 2712 3823; x_wconf 89' lang='lat' dir='ltr'><strong>et</strong></span> <span class='ocrx_word' id='word_1_1044' title='bbox 2755 3775 2885 3824; x_wconf 84' lang='lat' dir='ltr'><strong>meis</strong></span> <span class='ocrx_word' id='word_1_1045' title='bbox 2932 3774 3202 3836; x_wconf 67' lang='lat' dir='ltr'><strong>praeceptis</strong></span> <span class='ocrx_word' id='word_1_1046' title='bbox 3246 3773 3487 3824; x_wconf 82' lang='lat' dir='ltr'><strong>obedire.</strong></span> <span class='ocrx_word' id='word_1_1047' title='bbox 3534 3776 3741 3826; x_wconf 62' lang='grc' dir='ltr'>δαιειιηι</span> 
     </span>
    </p>
   </div>
   <div class='ocr_carea' id='block_1_129' title="bbox 2205 3843 3742 3911">
    <p class='ocr_par' dir='ltr' id='par_1_129' title="bbox 2205 3843 3742 3911">
     <span class='ocr_line' id='line_1_130' title="bbox 2205 3843 3742 3911; baseline 0 -17"><span class='ocrx_word' id='word_1_1048' title='bbox 2205 3844 2344 3895; x_wconf 87' lang='lat' dir='ltr'><strong>enim</strong></span> <span class='ocrx_word' id='word_1_1049' title='bbox 2398 3844 2628 3894; x_wconf 86' lang='lat' dir='ltr'><strong>deorsum</strong></span> <span class='ocrx_word' id='word_1_1050' title='bbox 2656 3843 2816 3910; x_wconf 81' lang='lat' dir='ltr'><strong>ﬂuens</strong></span> <span class='ocrx_word' id='word_1_1051' title='bbox 2846 3843 3232 3908; x_wconf 86' lang='lat' dir='ltr'><strong>interpretatur.</strong></span> <span class='ocrx_word' id='word_1_1052' title='bbox 3281 3845 3344 3894; x_wconf 72' lang='lat' dir='ltr'><strong>lit</strong></span> <span class='ocrx_word' id='word_1_1053' title='bbox 3381 3845 3502 3911; x_wconf 87' lang='lat' dir='ltr'><strong>quia</strong></span> <span class='ocrx_word' id='word_1_1054' title='bbox 3528 3845 3742 3894; x_wconf 68' lang='lat' dir='ltr'><strong>dilatam</strong></span> 
     </span>
    </p>
   </div>
   <div class='ocr_carea' id='block_1_130' title="bbox 2207 3912 3741 3981">
    <p class='ocr_par' dir='ltr' id='par_1_130' title="bbox 2207 3912 3741 3981">
     <span class='ocr_line' id='line_1_131' title="bbox 2207 3912 3741 3981; baseline 0.002 -21"><span class='ocrx_word' id='word_1_1055' title='bbox 2207 3929 2405 3981; x_wconf 79' lang='lat' dir='ltr'><strong>gressus</strong></span> <span class='ocrx_word' id='word_1_1056' title='bbox 2429 3928 2579 3970; x_wconf 83' lang='lat' dir='ltr'><strong>meos.</strong></span> <span class='ocrx_word' id='word_1_1057' title='bbox 2609 3912 2726 3964; x_wconf 86' lang='lat' dir='ltr'><strong>ideo</strong></span> <span class='ocrx_word' id='word_1_1058' title='bbox 2752 3912 2976 3981; x_wconf 70' lang='lat' dir='ltr'><strong>vestigia,</strong></span> <span class='ocrx_word' id='word_1_1059' title='bbox 3012 3912 3060 3964; x_wconf 92' lang='lat' dir='ltr'><strong>id</strong></span> <span class='ocrx_word' id='word_1_1060' title='bbox 3089 3922 3188 3974; x_wconf 82' lang='lat' dir='ltr'><strong>est,</strong></span> <span class='ocrx_word' id='word_1_1061' title='bbox 3219 3913 3364 3978; x_wconf 60' lang='lat' dir='ltr'><strong>signa</strong></span> <span class='ocrx_word' id='word_1_1062' title='bbox 3397 3916 3483 3965; x_wconf 71' lang='lat' dir='ltr'><strong>illa</strong></span> <span class='ocrx_word' id='word_1_1063' title='bbox 3516 3929 3626 3978; x_wconf 66' lang='lat' dir='ltr'><strong>qua:</strong></span> <span class='ocrx_word' id='word_1_1064' title='bbox 3651 3929 3741 3973; x_wconf 70' lang='lat' dir='ltr'><strong>ego</strong></span> 
     </span>
    </p>
   </div>
   <div class='ocr_carea' id='block_1_131' title="bbox 2208 3981 3738 4048">
    <p class='ocr_par' dir='ltr' id='par_1_131' title="bbox 2208 3981 3738 4048">
     <span class='ocr_line' id='line_1_132' title="bbox 2208 3981 3738 4048; baseline -0.004 -14"><span class='ocrx_word' id='word_1_1065' title='bbox 2208 3984 2354 4034; x_wconf 79' lang='lat' dir='ltr'><strong>lactis</strong></span> <span class='ocrx_word' id='word_1_1066' title='bbox 2378 3990 2432 4034; x_wconf 90' lang='lat' dir='ltr'><strong>et</strong></span> <span class='ocrx_word' id='word_1_1067' title='bbox 2456 3981 2608 4034; x_wconf 81' lang='lat' dir='ltr'><strong>dictis</strong></span> <span class='ocrx_word' id='word_1_1068' title='bbox 2636 3981 2872 4048; x_wconf 88' lang='lat' dir='ltr'><strong>impressi</strong></span> <span class='ocrx_word' id='word_1_1069' title='bbox 2915 3981 3048 4040; x_wconf 84' lang='lat' dir='ltr'><strong>aliis,</strong></span> <span class='ocrx_word' id='word_1_1070' title='bbox 3076 3982 3138 4032; x_wconf 84' lang='lat' dir='ltr'><strong>ad</strong></span> <span class='ocrx_word' id='word_1_1071' title='bbox 3173 3998 3256 4034; x_wconf 90' lang='lat' dir='ltr'><strong>me</strong></span> <span class='ocrx_word' id='word_1_1072' title='bbox 3289 3985 3616 4041; x_wconf 85' lang='lat' dir='ltr'><strong>imitandum,</strong></span> <span class='ocrx_word' id='word_1_1073' title='bbox 3648 3998 3738 4031; x_wconf 78' lang='grc' dir='ltr'>ιιιιιι</span> 
     </span>
    </p>
   </div>
   <div class='ocr_carea' id='block_1_132' title="bbox 2205 4051 3739 4118">
    <p class='ocr_par' dir='ltr' id='par_1_132' title="bbox 2205 4051 3739 4118">
     <span class='ocr_line' id='line_1_133' title="bbox 2205 4051 3739 4118; baseline 0 -15"><span class='ocrx_word' id='word_1_1074' title='bbox 2205 4062 2320 4103; x_wconf 85' lang='lat' dir='ltr'><strong>sunt</strong></span> <span class='ocrx_word' id='word_1_1075' title='bbox 2348 4051 2621 4118; x_wconf 81' lang='lat' dir='ltr'><strong>inﬁrmata,</strong></span> <span class='ocrx_word' id='word_1_1076' title='bbox 2650 4051 2700 4103; x_wconf 88' lang='lat' dir='ltr'><strong>id</strong></span> <span class='ocrx_word' id='word_1_1077' title='bbox 2743 4057 2841 4116; x_wconf 84' lang='lat' dir='ltr'><strong>est,</strong></span> <span class='ocrx_word' id='word_1_1078' title='bbox 2874 4051 3140 4104; x_wconf 61' lang='lat' dir='ltr'><strong>debititata</strong></span> <span class='ocrx_word' id='word_1_1079' title='bbox 3187 4055 3235 4103; x_wconf 89' lang='lat' dir='ltr'><strong>in</strong></span> <span class='ocrx_word' id='word_1_1080' title='bbox 3283 4053 3381 4112; x_wconf 86' lang='lat' dir='ltr'><strong>cis,</strong></span> <span class='ocrx_word' id='word_1_1081' title='bbox 3413 4056 3503 4106; x_wconf 82' lang='lat' dir='ltr'><strong>sed</strong></span> <span class='ocrx_word' id='word_1_1082' title='bbox 3535 4055 3739 4103; x_wconf 58' lang='lat' dir='ltr'><strong>viriliter</strong></span> 
     </span>
    </p>
   </div>
   <div class='ocr_carea' id='block_1_133' title="bbox 2206 4121 3739 4187">
    <p class='ocr_par' dir='ltr' id='par_1_133' title="bbox 2206 4121 3739 4187">
     <span class='ocr_line' id='line_1_134' title="bbox 2206 4121 3739 4187; baseline -0.002 -14"><span class='ocrx_word' id='word_1_1083' title='bbox 2206 4130 2533 4184; x_wconf 87' lang='lat' dir='ltr'><strong>conservata,</strong></span> <span class='ocrx_word' id='word_1_1084' title='bbox 2562 4131 2612 4171; x_wconf 88' lang='lat' dir='ltr'><strong>et</strong></span> <span class='ocrx_word' id='word_1_1085' title='bbox 2643 4134 2732 4186; x_wconf 89' lang='lat' dir='ltr'><strong>per</strong></span> <span class='ocrx_word' id='word_1_1086' title='bbox 2775 4123 2870 4170; x_wconf 88' lang='lat' dir='ltr'><strong>hos</strong></span> <span class='ocrx_word' id='word_1_1087' title='bbox 2917 4123 3044 4173; x_wconf 71' lang='lat' dir='ltr'><strong>talos</strong></span> <span class='ocrx_word' id='word_1_1088' title='bbox 3080 4135 3294 4187; x_wconf 76' lang='lat' dir='ltr'><strong>gressus</strong></span> <span class='ocrx_word' id='word_1_1089' title='bbox 3341 4136 3622 4187; x_wconf 79' lang='lat' dir='ltr'><strong>persequar</strong></span> <span class='ocrx_word' id='word_1_1090' title='bbox 3652 4121 3739 4171; x_wconf 70' lang='lat' dir='ltr'><strong>ini-</strong></span> 
     </span>
    </p>
   </div>
   <div class='ocr_carea' id='block_1_134' title="bbox 2206 4190 3739 4255">
    <p class='ocr_par' dir='ltr' id='par_1_134' title="bbox 2206 4190 3739 4255">
     <span class='ocr_line' id='line_1_135' title="bbox 2206 4190 3739 4255; baseline -0.004 -14"><span class='ocrx_word' id='word_1_1091' title='bbox 2206 4190 2372 4241; x_wconf 89' lang='lat' dir='ltr'><strong>mices</strong></span> <span class='ocrx_word' id='word_1_1092' title='bbox 2399 4202 2563 4249; x_wconf 90' lang='lat' dir='ltr'><strong>meos,</strong></span> <span class='ocrx_word' id='word_1_1093' title='bbox 2595 4198 2646 4240; x_wconf 92' lang='lat' dir='ltr'><strong>et</strong></span> <span class='ocrx_word' id='word_1_1094' title='bbox 2668 4203 2901 4239; x_wconf 89' lang='lat' dir='ltr'><strong>meorum</strong></span> <span class='ocrx_word' id='word_1_1095' title='bbox 2935 4191 3064 4239; x_wconf 82' lang='lat' dir='ltr'><strong>bena</strong></span> <span class='ocrx_word' id='word_1_1096' title='bbox 3099 4194 3489 4255; x_wconf 81' lang='lat' dir='ltr'><strong>persecutione,</strong></span> <span class='ocrx_word' id='word_1_1097' title='bbox 3519 4199 3574 4242; x_wconf 90' lang='lat' dir='ltr'><strong>et</strong></span> <span class='ocrx_word' id='word_1_1098' title='bbox 3606 4205 3739 4240; x_wconf 64' lang='lat' dir='ltr'><strong>cum-</strong></span> 
     </span>
    </p>
   </div>
   <div class='ocr_carea' id='block_1_135' title="bbox 2208 4257 3736 4324">
    <p class='ocr_par' dir='ltr' id='par_1_135' title="bbox 2208 4257 3736 4324">
     <span class='ocr_line' id='line_1_136' title="bbox 2208 4257 3736 4324; baseline -0.001 -16"><span class='ocrx_word' id='word_1_1099' title='bbox 2208 4257 2524 4324; x_wconf 85' lang='lat' dir='ltr'><strong>prehendam</strong></span> <span class='ocrx_word' id='word_1_1100' title='bbox 2559 4257 2675 4308; x_wconf 88' lang='lat' dir='ltr'><strong>illos</strong></span> <span class='ocrx_word' id='word_1_1101' title='bbox 2704 4258 2753 4309; x_wconf 90' lang='lat' dir='ltr'><strong>in</strong></span> <span class='ocrx_word' id='word_1_1102' title='bbox 2795 4257 2951 4308; x_wconf 89' lang='lat' dir='ltr'><strong>bono.</strong></span> <span class='ocrx_word' id='word_1_1103' title='bbox 2985 4257 3046 4309; x_wconf 82' lang='lat' dir='ltr'><strong>Et</strong></span> <span class='ocrx_word' id='word_1_1104' title='bbox 3083 4275 3184 4309; x_wconf 90' lang='lat' dir='ltr'><strong>non</strong></span> <span class='ocrx_word' id='word_1_1105' title='bbox 3214 4272 3496 4310; x_wconf 83' lang='lat' dir='ltr'><strong>convertar</strong></span> <span class='ocrx_word' id='word_1_1106' title='bbox 3524 4261 3584 4309; x_wconf 79' lang='lat' dir='ltr'><strong>ad</strong></span> <span class='ocrx_word' id='word_1_1107' title='bbox 3615 4261 3643 4308; x_wconf 85' lang='lat' dir='ltr'><strong>li</strong></span> <span class='ocrx_word' id='word_1_1108' title='bbox 3664 4274 3736 4307; x_wconf 76' lang='lat' dir='ltr'><strong>mc</strong></span> 
     </span>
    </p>
   </div>
   <div class='ocr_carea' id='block_1_136' title="bbox 2209 4325 3738 4396">
    <p class='ocr_par' dir='ltr' id='par_1_136' title="bbox 2209 4325 3738 4396">
     <span class='ocr_line' id='line_1_137' title="bbox 2209 4325 3738 4396; baseline -0.002 -17"><span class='ocrx_word' id='word_1_1109' title='bbox 2209 4325 2624 4394; x_wconf 84' lang='lat' dir='ltr'><strong>persecutionem</strong></span> <span class='ocrx_word' id='word_1_1110' title='bbox 2657 4327 2820 4378; x_wconf 87' lang='lat' dir='ltr'><strong>dooec</strong></span> <span class='ocrx_word' id='word_1_1111' title='bbox 2853 4326 3095 4379; x_wconf 82' lang='lat' dir='ltr'><strong>deficiant</strong></span> <span class='ocrx_word' id='word_1_1112' title='bbox 3128 4329 3176 4378; x_wconf 93' lang='lat' dir='ltr'><strong>in</strong></span> <span class='ocrx_word' id='word_1_1113' title='bbox 3210 4331 3309 4382; x_wconf 91' lang='lat' dir='ltr'><strong>hoc</strong></span> <span class='ocrx_word' id='word_1_1114' title='bbox 3338 4329 3480 4396; x_wconf 86' lang='lat' dir='ltr'><strong>quod</strong></span> <span class='ocrx_word' id='word_1_1115' title='bbox 3511 4340 3624 4379; x_wconf 82' lang='lat' dir='ltr'><strong>sunt</strong></span> <span class='ocrx_word' id='word_1_1116' title='bbox 3653 4331 3738 4378; x_wconf 64' lang='lat' dir='ltr'><strong>ini.</strong></span> 
     </span>
    </p>
   </div>
   <div class='ocr_carea' id='block_1_137' title="bbox 2208 4396 3734 4469">
    <p class='ocr_par' dir='ltr' id='par_1_137' title="bbox 2208 4396 3734 4469">
     <span class='ocr_line' id='line_1_138' title="bbox 2208 4396 3734 4469; baseline 0 -23"><span class='ocrx_word' id='word_1_1117' title='bbox 2208 4397 2360 4469; x_wconf 82' lang='lat' dir='ltr'><strong>ui_ici._</strong></span> <span class='ocrx_word' id='word_1_1118' title='bbox 2388 4396 2447 4449; x_wconf 79' lang='lat' dir='ltr'><strong>Et</strong></span> <span class='ocrx_word' id='word_1_1119' title='bbox 2491 4398 2590 4448; x_wconf 90' lang='lat' dir='ltr'><strong>hoc</strong></span> <span class='ocrx_word' id='word_1_1120' title='bbox 2632 4396 3085 4469; x_wconf 82' lang='lat' dir='ltr'><strong>mododelicicnt,</strong></span> <span class='ocrx_word' id='word_1_1121' title='bbox 3128 4413 3247 4469; x_wconf 82' lang='lat' dir='ltr'><strong>quia</strong></span> <span class='ocrx_word' id='word_1_1122' title='bbox 3296 4415 3396 4468; x_wconf 72' lang='lat' dir='ltr'><strong>ego</strong></span> <span class='ocrx_word' id='word_1_1123' title='bbox 3441 4399 3734 4469; x_wconf 76' lang='lat' dir='ltr'><strong>confringant</strong></span> 
     </span>
    </p>
   </div>
   <div class='ocr_carea' id='block_1_138' title="bbox 2133 4446 3734 4534">
    <p class='ocr_par' dir='ltr' id='par_1_138' title="bbox 2133 4446 3734 4534">
     <span class='ocr_line' id='line_1_139' title="bbox 2133 4446 3734 4534; baseline 0.002 -17"><span class='ocrx_word' id='word_1_1124' title='bbox 2133 4446 2180 4506; x_wconf 84' lang='grc' dir='ltr'>ι)</span> <span class='ocrx_word' id='word_1_1125' title='bbox 2206 4446 2325 4517; x_wconf 68' lang='lat' dir='ltr'><strong>illos</strong></span> <span class='ocrx_word' id='word_1_1126' title='bbox 2351 4446 2670 4533; x_wconf 51' lang='lat' dir='ltr'><strong>iii—quosunt</strong></span> <span class='ocrx_word' id='word_1_1127' title='bbox 2693 4446 3547 4534; x_wconf 38' lang='lat' dir='ltr'><strong>ea.isiussi;pernimium;</strong></span> <span class='ocrx_word' id='word_1_1128' title='bbox 3571 4446 3734 4527; x_wconf 48' lang='lat' dir='ltr'><strong>ait},</strong></span> 
     </span>
    </p>
   </div>
   <div class='ocr_carea' id='block_1_139' title="bbox 2204 4536 3729 4603">
    <p class='ocr_par' dir='ltr' id='par_1_139' title="bbox 2204 4536 3729 4603">
     <span class='ocr_line' id='line_1_140' title="bbox 2204 4536 3729 4603; baseline 0 -18"><span class='ocrx_word' id='word_1_1129' title='bbox 2204 4551 2289 4586; x_wconf 86' lang='lat' dir='ltr'><strong>nec</strong></span> <span class='ocrx_word' id='word_1_1130' title='bbox 2316 4545 2547 4603; x_wconf 78' lang='lat' dir='ltr'><strong>poterunt</strong></span> <span class='ocrx_word' id='word_1_1131' title='bbox 2576 4547 2727 4598; x_wconf 79' lang='lat' dir='ltr'><strong>stare,</strong></span> <span class='ocrx_word' id='word_1_1132' title='bbox 2757 4536 2806 4588; x_wconf 84' lang='lat' dir='ltr'><strong>id</strong></span> <span class='ocrx_word' id='word_1_1133' title='bbox 2833 4548 2932 4600; x_wconf 87' lang='lat' dir='ltr'><strong>est,</strong></span> <span class='ocrx_word' id='word_1_1134' title='bbox 2966 4539 3234 4600; x_wconf 85' lang='lat' dir='ltr'><strong>resistere,</strong></span> <span class='ocrx_word' id='word_1_1135' title='bbox 3267 4537 3367 4603; x_wconf 66' lang='lat' dir='ltr'><strong>ipsi</strong></span> <span class='ocrx_word' id='word_1_1136' title='bbox 3401 4541 3595 4589; x_wconf 81' lang='lat' dir='ltr'><strong>inimici</strong></span> <span class='ocrx_word' id='word_1_1137' title='bbox 3624 4553 3729 4600; x_wconf 80' lang='lat' dir='ltr'><strong>me:,</strong></span> 
     </span>
    </p>
   </div>
   <div class='ocr_carea' id='block_1_140' title="bbox 2203 4605 3733 4670">
    <p class='ocr_par' dir='ltr' id='par_1_140' title="bbox 2203 4605 3733 4670">
     <span class='ocr_line' id='line_1_141' title="bbox 2203 4605 3733 4670; baseline 0.001 -16"><span class='ocrx_word' id='word_1_1138' title='bbox 2203 4606 2404 4668; x_wconf 82' lang='lat' dir='ltr'><strong>Spiritui</strong></span> <span class='ocrx_word' id='word_1_1139' title='bbox 2460 4606 2727 4670; x_wconf 72' lang='lat' dir='ltr'><strong>sapientia:</strong></span> <span class='ocrx_word' id='word_1_1140' title='bbox 2783 4605 2868 4670; x_wconf 84' lang='lat' dir='ltr'><strong>qui</strong></span> <span class='ocrx_word' id='word_1_1141' title='bbox 2909 4607 3134 4670; x_wconf 87' lang='lat' dir='ltr'><strong>loquitur</strong></span> <span class='ocrx_word' id='word_1_1142' title='bbox 3176 4607 3227 4656; x_wconf 87' lang='lat' dir='ltr'><strong>in</strong></span> <span class='ocrx_word' id='word_1_1143' title='bbox 3273 4608 3385 4666; x_wconf 85' lang='lat' dir='ltr'><strong>eis;</strong></span> <span class='ocrx_word' id='word_1_1144' title='bbox 3426 4608 3516 4658; x_wconf 82' lang='lat' dir='ltr'><strong>sed</strong></span> <span class='ocrx_word' id='word_1_1145' title='bbox 3579 4611 3733 4668; x_wconf 73' lang='lat' dir='ltr'><strong>pullus</strong></span> 
     </span>
    </p>
   </div>
   <div class='ocr_carea' id='block_1_141' title="bbox 2201 4676 3731 4741">
    <p class='ocr_par' dir='ltr' id='par_1_141' title="bbox 2201 4676 3731 4741">
     <span class='ocr_line' id='line_1_142' title="bbox 2201 4676 3731 4741; baseline 0.001 -19"><span class='ocrx_word' id='word_1_1146' title='bbox 2201 4676 2374 4723; x_wconf 84' lang='lat' dir='ltr'><strong>cadent</strong></span> <span class='ocrx_word' id='word_1_1147' title='bbox 2425 4677 2595 4725; x_wconf 81' lang='lat' dir='ltr'><strong>subtus</strong></span> <span class='ocrx_word' id='word_1_1148' title='bbox 2641 4676 2785 4741; x_wconf 79' lang='lat' dir='ltr'><strong>pedes</strong></span> <span class='ocrx_word' id='word_1_1149' title='bbox 2833 4690 2983 4734; x_wconf 86' lang='lat' dir='ltr'><strong>meos,</strong></span> <span class='ocrx_word' id='word_1_1150' title='bbox 3037 4676 3083 4724; x_wconf 90' lang='lat' dir='ltr'><strong>id</strong></span> <span class='ocrx_word' id='word_1_1151' title='bbox 3133 4686 3232 4732; x_wconf 78' lang='grc' dir='ltr'>εει,</span> <span class='ocrx_word' id='word_1_1152' title='bbox 3263 4689 3524 4734; x_wconf 89' lang='lat' dir='ltr'><strong>meorum,</strong></span> <span class='ocrx_word' id='word_1_1153' title='bbox 3557 4676 3602 4724; x_wconf 90' lang='lat' dir='ltr'><strong>id</strong></span> <span class='ocrx_word' id='word_1_1154' title='bbox 3647 4688 3731 4732; x_wconf 62' lang='grc' dir='ltr'>ιε’,</span> 
     </span>
    </p>
   </div>
   <div class='ocr_carea' id='block_1_142' title="bbox 2203 4742 3732 4807">
    <p class='ocr_par' dir='ltr' id='par_1_142' title="bbox 2203 4742 3732 4807">
     <span class='ocr_line' id='line_1_143' title="bbox 2203 4742 3732 4807; baseline 0.002 -17"><span class='ocrx_word' id='word_1_1155' title='bbox 2203 4745 2475 4792; x_wconf 84' lang='lat' dir='ltr'><strong>mutabunt</strong></span> <span class='ocrx_word' id='word_1_1156' title='bbox 2506 4747 2742 4793; x_wconf 80' lang='lat' dir='ltr'><strong>carnales</strong></span> <span class='ocrx_word' id='word_1_1157' title='bbox 2772 4742 3074 4794; x_wconf 82' lang='lat' dir='ltr'><strong>all&#39;erttones</strong></span> <span class='ocrx_word' id='word_1_1158' title='bbox 3103 4757 3225 4793; x_wconf 77' lang='lat' dir='ltr'><strong>suis</strong></span> <span class='ocrx_word' id='word_1_1159' title='bbox 3267 4744 3314 4790; x_wconf 92' lang='lat' dir='ltr'><strong>in</strong></span> <span class='ocrx_word' id='word_1_1160' title='bbox 3348 4745 3644 4807; x_wconf 75' lang='lat' dir='ltr'><strong>spirituales</strong></span> <span class='ocrx_word' id='word_1_1161' title='bbox 3669 4745 3732 4793; x_wconf 70' lang='lat' dir='ltr'><strong>af-</strong></span> 
     </span>
    </p>
   </div>
   <div class='ocr_carea' id='block_1_143' title="bbox 2203 4811 3729 4879">
    <p class='ocr_par' dir='ltr' id='par_1_143' title="bbox 2203 4811 3729 4879">
     <span class='ocr_line' id='line_1_144' title="bbox 2203 4811 3729 4879; baseline 0.001 -21"><span class='ocrx_word' id='word_1_1162' title='bbox 2203 4811 2450 4863; x_wconf 73' lang='lat' dir='ltr'><strong>fectiones</strong></span> <span class='ocrx_word' id='word_1_1163' title='bbox 2480 4826 2732 4863; x_wconf 86' lang='lat' dir='ltr'><strong>meorum.</strong></span> <span class='ocrx_word' id='word_1_1164' title='bbox 2768 4812 2828 4861; x_wconf 75' lang='lat' dir='ltr'><strong>Et</strong></span> <span class='ocrx_word' id='word_1_1165' title='bbox 2856 4812 2970 4864; x_wconf 82' lang='lat' dir='ltr'><strong>ideo</strong></span> <span class='ocrx_word' id='word_1_1166' title='bbox 3000 4827 3090 4879; x_wconf 68' lang='lat' dir='ltr'><strong>per</strong></span> <span class='ocrx_word' id='word_1_1167' title='bbox 3119 4811 3236 4862; x_wconf 78' lang='lat' dir='ltr'><strong>illos</strong></span> <span class='ocrx_word' id='word_1_1168' title='bbox 3266 4826 3481 4876; x_wconf 71' lang='lat' dir='ltr'><strong>gressus</strong></span> <span class='ocrx_word' id='word_1_1169' title='bbox 3521 4815 3729 4864; x_wconf 82' lang='lat' dir='ltr'><strong>conirin-</strong></span> 
     </span>
    </p>
   </div>
   <div class='ocr_carea' id='block_1_144' title="bbox 2201 4881 3728 4944">
    <p class='ocr_par' dir='ltr' id='par_1_144' title="bbox 2201 4881 3728 4944">
     <span class='ocr_line' id='line_1_145' title="bbox 2201 4881 3728 4944; baseline -0.001 -13"><span class='ocrx_word' id='word_1_1170' title='bbox 2201 4890 2387 4944; x_wconf 80' lang='lat' dir='ltr'><strong>geutur</strong></span> <span class='ocrx_word' id='word_1_1171' title='bbox 2415 4881 2626 4943; x_wconf 83' lang='lat' dir='ltr'><strong>inimici,</strong></span> <span class='ocrx_word' id='word_1_1172' title='bbox 2654 4892 2705 4933; x_wconf 89' lang='lat' dir='ltr'><strong>et</strong></span> <span class='ocrx_word' id='word_1_1173' title='bbox 2742 4881 2946 4942; x_wconf 83' lang='lat' dir='ltr'><strong>Cadent,</strong></span> <span class='ocrx_word' id='word_1_1174' title='bbox 2981 4881 3098 4944; x_wconf 72' lang='lat' dir='ltr'><strong>quia</strong></span> <span class='ocrx_word' id='word_1_1175' title='bbox 3145 4883 3240 4944; x_wconf 68' lang='lat' dir='ltr'><strong>ipsi</strong></span> <span class='ocrx_word' id='word_1_1176' title='bbox 3290 4881 3510 4932; x_wconf 61' lang='lat' dir='ltr'><strong>Vll‘llllhi</strong></span> <span class='ocrx_word' id='word_1_1177' title='bbox 3541 4893 3653 4931; x_wconf 77' lang='lat' dir='ltr'><strong>sunt</strong></span> <span class='ocrx_word' id='word_1_1178' title='bbox 3677 4886 3728 4929; x_wconf 80' lang='lat' dir='ltr'><strong>ad</strong></span> 
     </span>
    </p>
   </div>
   <div class='ocr_carea' id='block_1_145' title="bbox 2200 4948 3726 5016">
    <p class='ocr_par' dir='ltr' id='par_1_145' title="bbox 2200 4948 3726 5016">
     <span class='ocr_line' id='line_1_146' title="bbox 2200 4948 3726 5016; baseline 0.001 -18"><span class='ocrx_word' id='word_1_1179' title='bbox 2200 4948 2298 5001; x_wconf 90' lang='lat' dir='ltr'><strong>hoc</strong></span> <span class='ocrx_word' id='word_1_1180' title='bbox 2328 4950 2637 5002; x_wconf 87' lang='lat' dir='ltr'><strong>iaciendum.</strong></span> <span class='ocrx_word' id='word_1_1181' title='bbox 2674 4950 2797 5002; x_wconf 86' lang='lat' dir='ltr'><strong>Nam</strong></span> <span class='ocrx_word' id='word_1_1182' title='bbox 2849 4961 2922 5011; x_wconf 87' lang='lat' dir='ltr'><strong>tu,</strong></span> <span class='ocrx_word' id='word_1_1183' title='bbox 2957 4950 3191 5010; x_wconf 82' lang='lat' dir='ltr'><strong>Domine,</strong></span> <span class='ocrx_word' id='word_1_1184' title='bbox 3233 4953 3546 5016; x_wconf 71' lang='lat' dir='ltr'><strong>pi-rccmiisti</strong></span> <span class='ocrx_word' id='word_1_1185' title='bbox 3576 4968 3660 5011; x_wconf 82' lang='lat' dir='ltr'><strong>me,</strong></span> <span class='ocrx_word' id='word_1_1186' title='bbox 3688 4951 3726 5000; x_wconf 80' lang='lat' dir='ltr'><strong>id</strong></span> 
     </span>
    </p>
   </div>
   <div class='ocr_carea' id='block_1_146' title="bbox 2200 5019 3727 5084">
    <p class='ocr_par' dir='ltr' id='par_1_146' title="bbox 2200 5019 3727 5084">
     <span class='ocr_line' id='line_1_147' title="bbox 2200 5019 3727 5084; baseline -0.001 -16"><span class='ocrx_word' id='word_1_1187' title='bbox 2200 5033 2298 5082; x_wconf 75' lang='lat' dir='ltr'><strong>est,</strong></span> <span class='ocrx_word' id='word_1_1188' title='bbox 2330 5022 2587 5072; x_wconf 86' lang='lat' dir='ltr'><strong>coronasti</strong></span> <span class='ocrx_word' id='word_1_1189' title='bbox 2616 5031 2666 5071; x_wconf 84' lang='lat' dir='ltr'><strong>et</strong></span> <span class='ocrx_word' id='word_1_1190' title='bbox 2696 5020 2953 5071; x_wconf 87' lang='lat' dir='ltr'><strong>muniviin</strong></span> <span class='ocrx_word' id='word_1_1191' title='bbox 2989 5036 3070 5072; x_wconf 86' lang='lat' dir='ltr'><strong>me</strong></span> <span class='ocrx_word' id='word_1_1192' title='bbox 3101 5019 3298 5082; x_wconf 79' lang='lat' dir='ltr'><strong>virtute,</strong></span> <span class='ocrx_word' id='word_1_1193' title='bbox 3331 5023 3381 5072; x_wconf 87' lang='lat' dir='ltr'><strong>id</strong></span> <span class='ocrx_word' id='word_1_1194' title='bbox 3414 5037 3516 5084; x_wconf 84' lang='grc' dir='ltr'>εει,</span> <span class='ocrx_word' id='word_1_1195' title='bbox 3551 5023 3727 5071; x_wconf 77' lang='lat' dir='ltr'><strong>virtue-</strong></span> 
     </span>
    </p>
   </div>
   <div class='ocr_carea' id='block_1_147' title="bbox 2198 5087 3722 5155">
    <p class='ocr_par' dir='ltr' id='par_1_147' title="bbox 2198 5087 3722 5155">
     <span class='ocr_line' id='line_1_148' title="bbox 2198 5087 3722 5155; baseline -0.001 -16"><span class='ocrx_word' id='word_1_1196' title='bbox 2198 5087 2268 5139; x_wconf 89' lang='lat' dir='ltr'><strong>sis</strong></span> <span class='ocrx_word' id='word_1_1197' title='bbox 2311 5091 2462 5155; x_wconf 77' lang='lat' dir='ltr'><strong>Viris,</strong></span> <span class='ocrx_word' id='word_1_1198' title='bbox 2495 5093 2765 5153; x_wconf 86' lang='lat' dir='ltr'><strong>apostolis,</strong></span> <span class='ocrx_word' id='word_1_1199' title='bbox 2794 5088 3008 5150; x_wconf 81' lang='lat' dir='ltr'><strong>scilicet,</strong></span> <span class='ocrx_word' id='word_1_1200' title='bbox 3042 5100 3093 5140; x_wconf 73' lang='lat' dir='ltr'><strong>et</strong></span> <span class='ocrx_word' id='word_1_1201' title='bbox 3141 5091 3276 5150; x_wconf 88' lang='lat' dir='ltr'><strong>aliis,</strong></span> <span class='ocrx_word' id='word_1_1202' title='bbox 3311 5092 3377 5141; x_wconf 83' lang='lat' dir='ltr'><strong>ad</strong></span> <span class='ocrx_word' id='word_1_1203' title='bbox 3426 5092 3527 5142; x_wconf 85' lang='lat' dir='ltr'><strong>hoc</strong></span> <span class='ocrx_word' id='word_1_1204' title='bbox 3558 5089 3629 5140; x_wconf 80' lang='lat' dir='ltr'><strong>bel</strong></span> <span class='ocrx_word' id='word_1_1205' title='bbox 3655 5105 3722 5135; x_wconf 76' lang='lat' dir='ltr'><strong>om</strong></span> 
     </span>
    </p>
   </div>
   <div class='ocr_carea' id='block_1_148' title="bbox 2198 5159 3727 5225">
    <p class='ocr_par' dir='ltr' id='par_1_148' title="bbox 2198 5159 3727 5225">
     <span class='ocr_line' id='line_1_149' title="bbox 2198 5159 3727 5225; baseline 0 -17"><span class='ocrx_word' id='word_1_1206' title='bbox 2198 5159 2474 5222; x_wconf 75' lang='lat' dir='ltr'><strong>agendum,</strong></span> <span class='ocrx_word' id='word_1_1207' title='bbox 2507 5161 2722 5219; x_wconf 86' lang='lat' dir='ltr'><strong>scilicet,</strong></span> <span class='ocrx_word' id='word_1_1208' title='bbox 2753 5159 2815 5207; x_wconf 88' lang='lat' dir='ltr'><strong>ad</strong></span> <span class='ocrx_word' id='word_1_1209' title='bbox 2847 5165 3252 5225; x_wconf 81' lang='lat' dir='ltr'><strong>persequendum</strong></span> <span class='ocrx_word' id='word_1_1210' title='bbox 3285 5160 3548 5218; x_wconf 79' lang='grc' dir='ltr'>ἰιιιιιιιειιε,</span> <span class='ocrx_word' id='word_1_1211' title='bbox 3581 5170 3626 5207; x_wconf 83' lang='lat' dir='ltr'><strong>et</strong></span> <span class='ocrx_word' id='word_1_1212' title='bbox 3660 5172 3727 5208; x_wconf 84' lang='lat' dir='ltr'><strong>rc-</strong></span> 
     </span>
    </p>
   </div>
   <div class='ocr_carea' id='block_1_149' title="bbox 2198 5226 3726 5293">
    <p class='ocr_par' dir='ltr' id='par_1_149' title="bbox 2198 5226 3726 5293">
     <span class='ocr_line' id='line_1_150' title="bbox 2198 5226 3726 5293; baseline -0.003 -14"><span class='ocrx_word' id='word_1_1213' title='bbox 2198 5228 2352 5293; x_wconf 85' lang='lat' dir='ltr'><strong>liqna.</strong></span> <span class='ocrx_word' id='word_1_1214' title='bbox 2399 5226 2460 5277; x_wconf 78' lang='lat' dir='ltr'><strong>Et</strong></span> <span class='ocrx_word' id='word_1_1215' title='bbox 2503 5231 2809 5290; x_wconf 74' lang='lat' dir='ltr'><strong>insurgentes</strong></span> <span class='ocrx_word' id='word_1_1216' title='bbox 2853 5227 2903 5275; x_wconf 86' lang='lat' dir='ltr'><strong>in</strong></span> <span class='ocrx_word' id='word_1_1217' title='bbox 2950 5245 3044 5287; x_wconf 86' lang='lat' dir='ltr'><strong>me.</strong></span> <span class='ocrx_word' id='word_1_1218' title='bbox 3079 5229 3124 5279; x_wconf 89' lang='lat' dir='ltr'><strong>id</strong></span> <span class='ocrx_word' id='word_1_1219' title='bbox 3155 5241 3256 5286; x_wconf 84' lang='lat' dir='ltr'><strong>est.</strong></span> <span class='ocrx_word' id='word_1_1220' title='bbox 3307 5232 3651 5279; x_wconf 70' lang='lat' dir='ltr'><strong>tlevocatort-s</strong></span> <span class='ocrx_word' id='word_1_1221' title='bbox 3683 5239 3726 5278; x_wconf 81' lang='lat' dir='ltr'><strong>et</strong></span> 
     </span>
    </p>
   </div>
   <div class='ocr_carea' id='block_1_150' title="bbox 2199 5297 3723 5361">
    <p class='ocr_par' dir='ltr' id='par_1_150' title="bbox 2199 5297 3723 5361">
     <span class='ocr_line' id='line_1_151' title="bbox 2199 5297 3723 5361; baseline 0.001 -15"><span class='ocrx_word' id='word_1_1222' title='bbox 2199 5307 2560 5357; x_wconf 83' lang='lat' dir='ltr'><strong>persecutores</strong></span> <span class='ocrx_word' id='word_1_1223' title='bbox 2608 5311 2772 5357; x_wconf 85' lang='lat' dir='ltr'><strong>meos,</strong></span> <span class='ocrx_word' id='word_1_1224' title='bbox 2804 5297 3137 5361; x_wconf 82' lang='lat' dir='ltr'><strong>supplantastt</strong></span> <span class='ocrx_word' id='word_1_1225' title='bbox 3178 5313 3267 5360; x_wconf 87' lang='lat' dir='ltr'><strong>per</strong></span> <span class='ocrx_word' id='word_1_1226' title='bbox 3301 5299 3419 5345; x_wconf 85' lang='lat' dir='ltr'><strong>illos</strong></span> <span class='ocrx_word' id='word_1_1227' title='bbox 3464 5298 3723 5350; x_wconf 67' lang='lat' dir='ltr'><strong>virtuosos.</strong></span> 
     </span>
    </p>
   </div>
   <div class='ocr_carea' id='block_1_151' title="bbox 2197 5365 3723 5432">
    <p class='ocr_par' dir='ltr' id='par_1_151' title="bbox 2197 5365 3723 5432">
     <span class='ocr_line' id='line_1_152' title="bbox 2197 5365 3723 5432; baseline 0 -16"><span class='ocrx_word' id='word_1_1228' title='bbox 2197 5365 2264 5416; x_wconf 87' lang='lat' dir='ltr'><strong>ita</strong></span> <span class='ocrx_word' id='word_1_1229' title='bbox 2297 5376 2350 5416; x_wconf 88' lang='grc' dir='ltr'><strong>ιιι</strong></span> <span class='ocrx_word' id='word_1_1230' title='bbox 2389 5369 2571 5417; x_wconf 84' lang='lat' dir='ltr'><strong>tierent</strong></span> <span class='ocrx_word' id='word_1_1231' title='bbox 2601 5365 2774 5415; x_wconf 85' lang='lat' dir='ltr'><strong>subtus</strong></span> <span class='ocrx_word' id='word_1_1232' title='bbox 2803 5381 2895 5429; x_wconf 81' lang='lat' dir='ltr'><strong>me,</strong></span> <span class='ocrx_word' id='word_1_1233' title='bbox 2922 5367 2969 5418; x_wconf 91' lang='lat' dir='ltr'><strong>id</strong></span> <span class='ocrx_word' id='word_1_1234' title='bbox 2999 5378 3097 5432; x_wconf 82' lang='lat' dir='ltr'><strong>est,</strong></span> <span class='ocrx_word' id='word_1_1235' title='bbox 3127 5377 3182 5416; x_wconf 87' lang='lat' dir='ltr'><strong>ut</strong></span> <span class='ocrx_word' id='word_1_1236' title='bbox 3210 5367 3296 5430; x_wconf 90' lang='lat' dir='ltr'><strong>qui</strong></span> <span class='ocrx_word' id='word_1_1237' title='bbox 3322 5365 3599 5417; x_wconf 81' lang='lat' dir='ltr'><strong>voluerunt</strong></span> <span class='ocrx_word' id='word_1_1238' title='bbox 3625 5381 3723 5418; x_wconf 63' lang='lat' dir='ltr'><strong>83M:</strong></span> 
     </span>
    </p>
   </div>
   <div class='ocr_carea' id='block_1_152' title="bbox 2196 5434 3722 5498">
    <p class='ocr_par' dir='ltr' id='par_1_152' title="bbox 2196 5434 3722 5498">
     <span class='ocr_line' id='line_1_153' title="bbox 2196 5434 3722 5498; baseline 0 -14"><span class='ocrx_word' id='word_1_1239' title='bbox 2196 5437 2493 5498; x_wconf 87' lang='lat' dir='ltr'><strong>superiores</strong></span> <span class='ocrx_word' id='word_1_1240' title='bbox 2527 5434 2652 5498; x_wconf 88' lang='lat' dir='ltr'><strong>ipsis</strong></span> <span class='ocrx_word' id='word_1_1241' title='bbox 2682 5438 2834 5498; x_wconf 81' lang='lat' dir='ltr'><strong>meis.</strong></span> <span class='ocrx_word' id='word_1_1242' title='bbox 2866 5440 3049 5489; x_wconf 84' lang='lat' dir='ltr'><strong>tierent</strong></span> <span class='ocrx_word' id='word_1_1243' title='bbox 3094 5437 3170 5486; x_wconf 83' lang='lat' dir='ltr'><strong>eis</strong></span> <span class='ocrx_word' id='word_1_1244' title='bbox 3219 5434 3500 5487; x_wconf 82' lang='lat' dir='ltr'><strong>inferiores</strong></span> <span class='ocrx_word' id='word_1_1245' title='bbox 3543 5437 3722 5487; x_wconf 79' lang='lat' dir='ltr'><strong>duobus</strong></span> 
     </span>
    </p>
   </div>
   <div class='ocr_carea' id='block_1_153' title="bbox 2196 5503 3722 5572">
    <p class='ocr_par' dir='ltr' id='par_1_153' title="bbox 2196 5503 3722 5572">
     <span class='ocr_line' id='line_1_154' title="bbox 2196 5503 3722 5572; baseline 0 -18"><span class='ocrx_word' id='word_1_1246' title='bbox 2196 5506 2385 5562; x_wconf 88' lang='lat' dir='ltr'><strong>modis,</strong></span> <span class='ocrx_word' id='word_1_1247' title='bbox 2411 5503 2490 5552; x_wconf 92' lang='lat' dir='ltr'><strong>vel</strong></span> <span class='ocrx_word' id='word_1_1248' title='bbox 2515 5515 2565 5550; x_wconf 91' lang='lat' dir='ltr'><strong>ut</strong></span> <span class='ocrx_word' id='word_1_1249' title='bbox 2593 5507 2828 5557; x_wconf 78' lang='lat' dir='ltr'><strong>conversi</strong></span> <span class='ocrx_word' id='word_1_1250' title='bbox 2855 5523 2944 5558; x_wconf 79' lang='lat' dir='ltr'><strong>eos</strong></span> <span class='ocrx_word' id='word_1_1251' title='bbox 2966 5522 3097 5572; x_wconf 83' lang='lat' dir='ltr'><strong>quos</strong></span> <span class='ocrx_word' id='word_1_1252' title='bbox 3121 5517 3263 5571; x_wconf 77' lang='lat' dir='ltr'><strong>prius</strong></span> <span class='ocrx_word' id='word_1_1253' title='bbox 3292 5508 3722 5571; x_wconf 81' lang='lat' dir='ltr'><strong>persequebantur</strong></span> 
     </span>
    </p>
   </div>
   <div class='ocr_carea' id='block_1_154' title="bbox 2194 5571 3724 5631">
    <p class='ocr_par' dir='ltr' id='par_1_154' title="bbox 2194 5571 3724 5631">
     <span class='ocr_line' id='line_1_155' title="bbox 2194 5571 3724 5631; baseline 0.001 -10"><span class='ocrx_word' id='word_1_1254' title='bbox 2194 5571 2586 5631; x_wconf 81' lang='lat' dir='ltr'><strong>comitarentur.</strong></span> <span class='ocrx_word' id='word_1_1255' title='bbox 2622 5574 2700 5625; x_wconf 87' lang='lat' dir='ltr'><strong>vel</strong></span> <span class='ocrx_word' id='word_1_1256' title='bbox 2731 5585 2786 5625; x_wconf 90' lang='lat' dir='ltr'><strong>ut</strong></span> <span class='ocrx_word' id='word_1_1257' title='bbox 2821 5592 2934 5626; x_wconf 76' lang='lat' dir='ltr'><strong>cum</strong></span> <span class='ocrx_word' id='word_1_1258' title='bbox 2973 5571 3064 5626; x_wconf 83' lang='lat' dir='ltr'><strong>cos</strong></span> <span class='ocrx_word' id='word_1_1259' title='bbox 3111 5574 3385 5622; x_wconf 87' lang='lat' dir='ltr'><strong>tormentis</strong></span> <span class='ocrx_word' id='word_1_1260' title='bbox 3431 5590 3481 5627; x_wconf 84' lang='lat' dir='ltr'><strong>et</strong></span> <span class='ocrx_word' id='word_1_1261' title='bbox 3523 5574 3724 5626; x_wconf 54' lang='lat' dir='ltr'><strong>devocat.</strong></span> 
     </span>
    </p>
   </div>
   <div class='ocr_carea' id='block_1_155' title="bbox 2196 5639 3723 5711">
    <p class='ocr_par' dir='ltr' id='par_1_155' title="bbox 2196 5639 3723 5711">
     <span class='ocr_line' id='line_1_156' title="bbox 2196 5639 3723 5711; baseline 0.001 -21"><span class='ocrx_word' id='word_1_1262' title='bbox 2196 5639 2422 5690; x_wconf 75' lang='lat' dir='ltr'><strong>tionibus</strong></span> <span class='ocrx_word' id='word_1_1263' title='bbox 2469 5653 2524 5688; x_wconf 86' lang='lat' dir='ltr'><strong>se</strong></span> <span class='ocrx_word' id='word_1_1264' title='bbox 2570 5642 2775 5697; x_wconf 85' lang='lat' dir='ltr'><strong>vincere</strong></span> <span class='ocrx_word' id='word_1_1265' title='bbox 2807 5652 3130 5711; x_wconf 56' lang='lat' dir='ltr'><strong>putaverunt.</strong></span> <span class='ocrx_word' id='word_1_1266' title='bbox 3163 5642 3284 5692; x_wconf 82' lang='lat' dir='ltr'><strong>victi</strong></span> <span class='ocrx_word' id='word_1_1267' title='bbox 3319 5645 3490 5708; x_wconf 80' lang='lat' dir='ltr'><strong>potius</strong></span> <span class='ocrx_word' id='word_1_1268' title='bbox 3529 5643 3595 5695; x_wconf 81' lang='lat' dir='ltr'><strong>ab</strong></span> <span class='ocrx_word' id='word_1_1269' title='bbox 3618 5639 3723 5706; x_wconf 66' lang='lat' dir='ltr'><strong>ignis</strong></span> 
     </span>
    </p>
   </div>
   <div class='ocr_carea' id='block_1_156' title="bbox 2192 5717 2668 5765">
    <p class='ocr_par' dir='ltr' id='par_1_156' title="bbox 2192 5717 2668 5765">
     <span class='ocr_line' id='line_1_157' title="bbox 2192 5717 2668 5765; baseline 0.002 -6"><span class='ocrx_word' id='word_1_1270' title='bbox 2192 5717 2668 5765; x_wconf 63' lang='lat' dir='ltr'><strong>cuiiteiuuerculur.</strong></span> 
     </span>
    </p>
   </div>
   <div class='ocr_carea' id='block_1_157' title="bbox 2136 3111 2179 3173">
    <p class='ocr_par' dir='ltr' id='par_1_157' title="bbox 2136 3111 2179 3173">
     <span class='ocr_line' id='line_1_158' title="bbox 2136 3111 2179 3173; baseline 0 0"><span class='ocrx_word' id='word_1_1271' title='bbox 2136 3111 2179 3173; x_wconf 88' lang='lat' dir='ltr'>C</span> 
     </span>
    </p>
   </div>
  </div>
