3912 6230
73 422 200 473 5Τ7

173 532 252 584 Et
294 534 527 584 inimicos
560 545 711 579 meos.
745 528 880 577 istud
912 526 1210 589 Specialiter
1239 525 1299 575 ad
1329 534 1482 589 caput
1513 521 1675 573 reler-
1706 527 1748 578 Λ

83 614 220 660 tur,
258 613 319 655 et
350 614 427 653 i-st
456 603 647 650 dictum
679 598 742 648 de
770 596 984 657 inda-is,
1014 608 1060 647 et
1090 597 1421 646 cuintinuatur
1447 595 1509 643 ad
1543 593 1681 657 prin-

82 674 293 738 t-ipale
340 673 599 735 superius.
647 667 804 729 Quasi
850 667 988 717 dicat
1013 682 1024 714 :
1052 663 1197 738 lusu:
1225 675 1276 738 te
1319 666 1476 713 lleuin
1511 676 1682 711 incum

88 733 282 801 facio,
319 733 445 806 quia
477 738 710 789 inimicos
737 750 880 787 meos
917 733 1191 801 quosdam,
1225 733 1272 806 id
1297 743 1402 806 εει,
1437 745 1682 794 persecu-

93 822 270 862 tores
301 801 452 861 iiieos
476 811 541 859 de
570 806 785 866 Judteis,
814 806 896 869 qui
929 807 1068 866 prius
1104 801 1248 869 quasi
1295 802 1452 874 licunt
1487 813 1684 874 iniece-

90 882 360 940 rleltuttt,
407 879 582 928 dedisti
627 875 746 925 mihi
785 868 1050 931 deorsum,
1102 868 1148 922 il
1198 880 1303 930 εει,
1356 868 1519 940 fecisti
1567 883 1686 920 esse

95 939 431 999 imitatores
462 959 625 1002 meos,
659 954 713 994 ut
742 961 841 994 non
891 943 1202 1006 prrccdant,
1232 940 1319 990 St'd
1359 939 1683 1003 subsequan-

99 1029 225 1068 tur.
262 1017 417 1080 Quod
451 1013 839 1079 intelligendum
867 1025 942 1063 est
973 1012 1039 1062 de
1070 1012 1148 1061 liis
1175 1011 1258 1074 qui
1280 1010 1534 1080 ronversi
1579 1023 1685 1071 pin-

102 1077 428 1139 Iiitnerunt.
461 1077 692 1134 0dienies
717 1093 913 1140 autem,
940 1081 985 1132 id
1018 1088 1116 1141 cst,
1152 1080 1199 1128 in
1226 1077 1347 1129 odio
1378 1091 1684 1145 permano-n-

103 1165 224 1216 tes,
261 1167 317 1206 et
359 1159 780 1206 non‘conversos
806 1149 1145 1214 disperdidisti
1173 1150 1277 1209 jam
1320 1147 1682 1212 dispositione,

103 1226 251 1286 quia
278 1222 552 1289 dispei-des
579 1235 672 1274 eos
700 1220 889 1286 ubique
929 1229 1178 1289 terrarum
1220 1219 1275 1289 in
1310 1217 1683 1289 captivitatem,

103 1284 425 1345 auferendo
454 1291 528 1342 eis
559 1292 726 1342 locum
769 1284 817 1341 et
849 1298 1076 1354 gentem.
1121 1286 1184 1338 Et
1230 1286 1346 1336 ideo
1391 1284 1683 1351 dispei-dvs,

106 1363 252 1428 qni.-
306 1363 400 1426 ipsi
449 1359 746 1411 clamabunt
790 1353 996 1422 quidem
1047 1357 1108 1428 ad
1151 1365 1199 1407 te
1237 1354 1480 1428 Messium
1520 1353 1689 1428 adhuc

109 1423 526 1495 exspectantes,
576 1428 666 1479 sed
713 1441 814 1479 non
865 1429 1020 1491 digne
1067 1423 1379 1495 clamabunt.
1427 1423 1572 1495 Quod
1613 1423 1690 1472 sic

111 1489 289 1561 dicit,
325 1512 483 1564 agens
515 1489 590 1548 Vde
629 1503 798 1546 loturo
823 1489 968 1560 quisi
1001 1496 1064 1546 de
1096 1493 1357 1564 pmterito
1389 1509 1400 1542 :
1431 1489 1690 1564 Clamave-

113 1579 254 1618 runt
301 1561 410 1634 jain
461 1578 513 1618 et
563 1566 862 1634 clamabunt
909 1564 1098 1620 adhuc.
1150 1576 1240 1634 nec
1278 1563 1395 1634 luit,
1428 1562 1522 1634 ‘vel
1559 1561 1685 1634 erit,

115 1640 218 1700 qui
253 1627 423 1687 sa'lvos
463 1636 613 1699 faciat
659 1649 756 1684 eos.
798 1633 1142 1684 (limitaverunt
1175 1629 1292 1682 dico
1323 1633 1387 1680 ad
1417 1627 1691 1700 Dominum

122 1698 356 1757 Patrem
387 1698 560 1764 etiam,
595 1703 684 1754 sed
716 1701 832 1768 quia
867 1717 959 1767 per
997 1701 1333 1753 lli-diatorem
1363 1715 1463 1750 non
1499 1698 1689 1748 clama-

120 1783 357 1836 verunt,
390 1786 432 1824 et
463 1774 578 1824 ideo
609 1767 835 1836 indigne,
870 1773 978 1834 ipse
1019 1770 1268 1822 Dominus
1315 1784 1412 1819 non
1441 1767 1694 1819 exaudivit

869 418 928 469 ΙΝ
974 418 1049 470 l‘S
1069 411 1382 469 \LMOllliill
1429 410 1622 464 1]ιῖῐῖῐῖ
1639 411 1675 462 il

1816 407 2074 460 εῖιῑιςειε.
2115 436 2180 447 --
2225 405 2463 460 l‘S.\l..\l.
2507 403 2665 457 XVII.

3233 401 3294 455 ετ

1780 521 2020 571 deticfant
2051 517 2136 580 qui
2177 518 2302 570 mibi
2352 516 2634 576 oblatrant,
2677 513 2726 566 id
2772 522 2871 578 est,
2921 513 3161 568 carnales
3208 515 3336 582 ipsat

1786 588 2107 645 adiectiones,
2136 602 2248 651 quae
2280 587 2410 637 meis
2447 595 2500 636 nt
2547 586 2774 636 lacerent
2819 584 2965 652 quasi
3013 598 3040 635 a
3087 586 3337 638 lateribus

1786 666 1978 708 astant.
2017 658 2076 706 Et
2109 671 2232 706 vere
2262 656 2526 716 delicient,
2558 652 2674 718 quia
2714 667 2810 720 ego
2854 668 2942 706 eas
2985 655 3332 720 confringant,

1787 737 1839 778 et
1871 727 1938 778 ita
1970 725 2108 792 quod
2134 741 2233 775 non
2267 733 2505 790 poterunt
2529 731 2688 787 stare,
2706 723 2753 774 id
2775 733 2873 783 est,
2896 723 3102 784 durare,
3125 726 3214 775 ειοιΙ
3240 739 3335 790 po-

1789 798 1887 848 tius
1911 791 2082 845 cadent
2107 795 2277 845 subtus
2299 795 2447 856 pedes
2467 807 2615 852 meos,
2641 791 2800 853 idest,
2822 801 3192 844 convertantur
3208 793 3337 852 ipsa:

1786 871 2025 917 Carnutes
2055 865 2354 915 allec-tiones
2387 864 2436 912 iii
2475 862 2794 926 spirituales.
2829 861 2889 914 Et
2921 864 3017 913 lioc
3045 861 3182 922 ideo,
3212 865 3329 927 quia

1788 943 1841 987 tu
1864 933 2166 1002 prn'ei’nxisti
2189 950 2263 984 ine
2281 933 2456 1002 virtute
2475 930 2542 981 ad
2562 929 2763 1002 bellum,
2781 931 2826 982 id
2852 941 2954 996 εει,
2979 932 3336 984 constrinxistl

1789 999 1998 1054 liuentia
2029 1002 2201 1054 carnis
2233 999 2492 1066 desideria
2525 1001 2574 1050 in
2625 999 2774 1059 meis,
2821 1014 2885 1052 i-e
2925 1002 3339 1063 prchedirentur

1788 1073 1851 1124 ad
1885 1075 1985 1123 tale
2017 1073 2231 1123 bellum.
2261 1071 2324 1122 Et
2356 1085 2444 1136 per
2472 1071 2568 1120 ltoc
2593 1069 2925 1137 supplantain
2952 1071 3260 1136 insurgentes
3281 1069 3335 1122 in

1788 1156 1885 1205 me,
1918 1142 1966 1193 id
1990 1151 2089 1206 est,
2117 1147 2349 1191 carnales
2373 1137 2768 1199 delectationes,
2794 1153 2910 1205 qua:
2936 1139 3077 1203 prius
3107 1139 3342 1191 nitebant.

1791 1222 1873 1264 tur
1923 1211 2194 1275 spirituale
2239 1208 2558 1262 de~iileriuin
2602 1207 2937 1266 exstinguere
2985 1207 3035 1258 in
3080 1210 3230 1270 meis,
3267 1208 3335 1260 ita

1789 1282 2140 1347 supplantasti,
2175 1287 2230 1329 ιιι
2258 1277 2362 1328 sint
2389 1279 2558 1326 subtus
2583 1290 2678 1333 me,
2709 1275 2757 1347 id
2784 1287 2884 1337 est,
2909 1286 3121 1328 mutatae
3153 1279 3257 1347 sint
3287 1279 3338 1330 in

1791 1345 2108 1415 spirituales.
2155 1348 2306 1401 Juxtt
2353 1347 2488 1396 lianc
2535 1345 2844 1396 sententiam
2889 1347 3023 1415 idem
3073 1359 3150 1397 εει
3203 1346 3337 1398 istud

1790 1414 1928 1483 quod
1962 1433 1974 1468 :
2011 1420 2070 1468 ht
2113 1418 2293 1468 cadent
2331 1415 2503 1467 subtus
2545 1415 2692 1480 pedes
2738 1429 2904 1474 meos;
2939 1414 3028 1465 sed
3061 1417 3336 1478 repetitum

1792 1502 1870 1540 est
1902 1496 2016 1551 post
2040 1489 2400 1552 probationem
2425 1486 2577 1548 quasi
2604 1499 2696 1546 pro
2723 1484 3079 1536 eoiicltisiune.
3107 1486 3341 1550 Sequen-

1796 1557 1860 1606 tizi
1894 1555 2078 1608 eodem
2109 1556 2264 1607 modo
2293 1554 2354 1605 ad
2383 1561 2538 1619 caput
2566 1561 2622 1604 ct
2662 1552 2726 1604 ad
2768 1552 2976 1606 Judaios
3021 1552 3336 1618 reiciuntur,

1794 1637 1926 1677 ειειιι
1955 1639 2115 1689 prius.

1867 1692 2092 1757 Pupulus
2121 1708 2264 1760 quem
2293 1708 2390 1743 non
2422 1694 2647 1760 cognovi.
2681 1691 2979 1754 Concludit,
3005 1691 3123 1746 ideo
3155 1694 3343 1746 merito

1796 1777 1874 1814 me
1902 1765 2165 1813 constitues
2196 1771 2347 1826 caput
2394 1763 2632 1828 gentium,
2685 1766 2804 1828 quia
2835 1765 3053 1828 populus
3106 1763 3192 1815 ille
3217 1779 3343 1832 gen-

121 1859 247 1904 eos,
287 1833 383 1894 nec
423 1844 668 1894 exaudiat
711 1833 819 1892 eos.
863 1833 921 1892 Et
974 1841 1088 1890 ideo
1129 1839 1481 1910 comminuam,
1514 1837 1691 1910 id‘cst,
1733 1855 1771 1910 Β
1800 1834 1942 1910 tilis,_
1963 1833 2166 1910 scilicet
2189 1846 2333 1910 quem
2375 1845 2472 1897 ego
2497 1833 3077 1910 ciirporjtliupraesentia
3124 1848 3222 1884 non
3251 1847 3342 1910 co-

123 1913 508 1973 itividam,‘cos
541 1911 730 1974 ubique
757 1912 1009 1976 gentium,
1040 1910 1173 1959 sicut
1203 1907 1371 1973 pulvis
1391 1906 1697 1976 comminui-

127 1993 250 2040 tur,
282 1982 332 2032 id
359 1990 460 2042 est,
487 1978 728 2031 dividitur
757 1975 806 2029 et
835 1978 1137 2039 destruitnr,
1184 1985 1299 2026 ante
1329 1976 1506 2041 {aciem
1546 1975 1694 2037 venti,

129 2053 190 2101 id
225 2060 345 2110 est,
379 2050 428 2101 in
479 2049 752 2113 pra-sentiat
797 2047 946 2098 validi
995 2048 1152 2108 venti,
1191 2052 1245 2096 et
1288 2059 1379 2097 eos
1409 2043 1697 2096 tliniinnios

127 2121 347 2176 delebo,
378 2118 426 2170 id
455 2129 554 2178 est,
587 2117 901 2168 conculcabo
925 2117 1110 2182 ultique
1149 2129 1241 2182 per
1281 2127 1465 2166 Ολιιιιθδ
1492 2115 1693 2179 gentes,

127 2200 191 2237 ut
224 2189 394 2237 lutum
419 2188 554 2250 quod
582 2199 663 2238 εει
701 2201 750 2237 in
782 2187 988 2250 plateis,
1018 2188 1065 2234 id
1095 2195 1197 2246 est,
1230 2186 1278 2234 iit
1308 2183 1426 2235 latis
1456 2193 1508 2234 et
1535 2183 1698 2248 publi-

133 2257 226 2307 eis
259 2257 359 2307 viis
388 2257 574 2322 ubique
601 2259 952 2306 conculmtur.
989 2254 1092 2305 lloc
1130 2254 1193 2306 ad
1238 2255 1525 2322 simplicem
1557 2253 1701 2322 sitni-

135 2327 424 2378 litndinem
475 2320 665 2376 dictum
715 2334 814 2376 est.
866 2326 1038 2374 l’otest
1081 2336 1206 2374 vero
1249 2322 1294 2372 si
1332 2320 1446 2386 quis
1485 2321 1700 2373 interius

131 2397 471 2456 consideret,
520 2392 596 2446 sic
639 2393 740 2445 d.ci
784 2410 794 2443 :
836 2393 1178 2444 Contininnani
1224 2407 1305 2443 eos
1354 2401 1404 2440 ut
1451 2394 1700 2453 pulverem

137 2476 265 2513 mtte
293 2464 472 2527 [alieni
495 2462 643 2522 venti,
674 2462 722 2513 id
761 2471 860 2524 est,
888 2471 1039 2513 erunt
1069 2460 1194 2512 aridi
1223 2472 1273 2513 et
1313 2459 1614 2510 infructuosi
1645 2470 1702 2510 nt

139 2532 348 2594 pulvis,
399 2546 499 2583 non
549 2531 860 2595 recipientes
903 2531 1119 2580 imbrem
1176 2529 1318 2581 verbi
1365 2527 1556 2588 diiini;
1605 2529 1696 2580 sed

141 2601 325 2652 inﬂati
348 2599 586 2663 superbia
611 2598 875 2663 rapientur
895 2615 983 2664 per
1003 2599 1163 2664 ipsam
1187 2613 1329 2660 snpei
1347 2597 1479 2648 biam
1503 2611 1528 2648 a
1555 2599 1701 2648 lirnia

139 2684 280 2728 spe,
319 2680 368 2720 ut
416 2676 596 2721 ventus
623 2668 758 2734 rapit
787 2669 1047 2732 pulverem
1072 2683 1098 2717 a
1128 2668 1409 2718 Stabilitate
1439 2677 1617 2728 terrai;
1650 2675 1705 2718 et

141 2737 329 2788 delebo
359 2753 462 2797 eos,
493 2745 548 2788 ut
592 2738 664 2789 illi
713 2739 916 2790 delendi
948 2744 1096 2797 sunt,
1125 2738 1209 2803 qui
1241 2747 1360 2788 sunt
1390 2737 1548 2786 lucum
1592 2737 1702 2798 pla-

144 2820 372 2870 tearum,
406 2807 456 2859 id
485 2816 583 2867 est,
613 2808 697 2874 qui
731 2820 822 2870 per
865 2809 994 2857 latas
1046 2808 1348 2871 perditionis
1394 2806 1498 2854 vias
1543 2803 1702 2856 lubri-

145 2877 330 2927 cando
362 2891 451 2940 per
479 2873 650 2927 carnis
698 2875 924 2926 luxurias
953 2875 1236 2926 ambulant.
1271 2875 1330 2925 lit
1359 2873 1418 2925 de
1453 2875 1705 2924 contradi-

145 2945 404 2996 ctionibus
436 2945 607 3011 pepuli
651 2942 820 3009 bnjus,
851 2942 935 3009 qui
977 2951 1060 2994 est
1097 2954 1149 2994 tit
1187 2947 1347 2994 lutum
1393 2947 1700 3006 platearum,

148 3014 246 3080 qui
274 3013 477 3064 SCliit'el
524 3012 652 3063 dixit
685 3031 695 3063 :
732 3011 982 3063 Nolumus
1028 3015 1159 3062 hunc
1185 3026 1392 3078 regnare
1418 3027 1563 3078 super
1592 3028 1703 3074 nos,

150 3079 211 3132 et
240 3092 431 3136 caetera
465 3082 605 3145 talia,
637 3081 687 3134 in
727 3082 913 3148 quibus
958 3081 1378 3132 contradixerunt
1421 3080 1565 3131 nubi.
1599 3079 1707 3130 Eri-

152 3152 266 3218 pies
295 3167 390 3212 nte,
423 3153 637 3203 Domine
666 3149 840 3215 Pater,
872 3151 1227 3203 resuscitando
1274 3163 1376 3209 ine,
1425 3159 1476 3201 ct
1500 3164 1701 3218 nomen

155 3217 361 3283 ineunt,
401 3220 536 3286 quod
568 3223 707 3284 prius
742 3219 1129 3287 angustabatur,
1160 3223 1294 3271 inter
1322 3231 1412 3269 eos
1441 3217 1700 3281 dilatabis,

156 3290 280 3354 quia
311 3289 580 3340 constitues
612 3305 686 3340 me
713 3299 861 3354 caput
888 3289 1124 3357 gentium.
1159 3289 1226 3339 Ita
1259 3301 1435 3338 versus
1461 3288 1553 3338 ist»:
1581 3301 1704 3340 con~

161 3359 452 3409 tinuabitur
499 3361 547 3409 iii
594 3360 968 3424 superioribus,
1015 3359 1058 3408 si
1105 3371 1202 3409 suo
1246 3360 1427 3408 ordine
1484 3359 1702 3422 legatur.

159 3428 325 3478 Juxta
370 3427 532 3493 quod,
572 3429 703 3478 lleus
740 3441 907 3490 meus,
937 3426 1000 3478 ad
1034 3427 1172 3494 quod
1205 3431 1345 3493 prius
1374 3426 1709 3478 continuaba-

161 3504 269 3558 tur,
293 3498 441 3547 aliter
462 3496 680 3547 dicetur.
701 3496 991 3561 Accipietur
1012 3498 1148 3546 enini
1180 3495 1480 3561 pratcedens
1507 3508 1703 3556 versus,

162 3567 367 3616 scilicet
398 3580 410 3613 ε
447 3564 694 3626 Quoniam
733 3566 784 3613 in
815 3575 861 3614 te
903 3565 1091 3628 eripior
1126 3579 1158 3613 a
1202 3564 1485 3624 lentatione,
1515 3578 1615 3613 non
1644 3567 1707 3615 de

163 3634 293 3683 solis
324 3634 580 3698 gentibus,
610 3641 666 3683 ut
702 3631 864 3698 prius,
896 3636 986 3683 sed
1015 3632 1362 3683 communiter
1390 3631 1456 3683 de
1496 3631 1703 3697 quibus-

163 3715 374 3767 ('Uiique
403 3701 758 3764 credentibus;
789 3709 842 3753 et
861 3702 935 3752 sic
956 3703 1354 3762 continuabitur,
1383 3699 1516 3751 Deus
1539 3715 1705 3765 meus,

165 3785 312 3834 quasi
361 3770 542 3821 dicat:
577 3771 724 3830 Vere,
772 3770 944 3832 l’ater,
991 3773 1039 3820 in
1092 3781 1142 3821 te
1183 3768 1402 3820 Domino
1453 3785 1570 3820 meo
1607 3770 1708 3822 eri-

169 3841 396 3903 pientur,
424 3849 476 3890 et
504 3838 947 3906 transgredientnr
978 3853 1202 3899 murum,
1226 3840 1340 3904 quia
1367 3848 1417 3889 tu
1443 3853 1544 3889 eris
1576 3838 1709 3890 Deus

171 3921 340 3972 ineas,
371 3909 419 3959 id
450 3918 549 3970 est,
579 3923 831 3968 ineorum,
867 3909 913 3958 id
958 3917 1056 3970 est,
1087 3923 1191 3959 mei
1231 3908 1418 3960 lacient
1456 3918 1504 3958 te
1548 3907 1705 3958 Deum

168 3991 348 4036 suum,
373 3975 505 4027 sicut
529 3991 624 4043 ego
655 3987 705 4028 ie
735 3977 829 4028 lect
861 3979 1019 4027 Deum
1049 3991 1241 4038 meum,
1271 3977 1489 4038 scilicet,
1525 3987 1578 4026 ιιι
1607 3992 1706 4027 non

170 4049 455 4096 secundum
500 4059 646 4096 suam
683 4048 998 4095 Voluntatein
1041 4054 1228 4110 agant,
1284 4046 1374 4094 sed
1421 4049 1706 4097 secundum

175 4123 338 4164 tuam.
372 4116 435 4164 Et
459 4114 716 4164 convertit
743 4127 801 4164 se
829 4115 891 4164 ad
921 4114 1077 4179 ipsos.
1110 4113 1264 4176 Quasi
1293 4114 1430 4165 dicat
1473 4129 1486 4164 :
1526 4113 1707 4164 Merito

174 4181 376 4233 iacietis
398 4195 516 4233 eum
542 4181 702 4234 Deum
726 4193 976 4233 vestrum.
1007 4181 1136 4245 Quia
1157 4181 1232 4232 via
1253 4182 1381 4250 ejus,
1408 4193 1458 4232 et
1485 4182 1702 4249 reliqua.

181 4251 236 4302 lii
266 4251 360 4302 bac
386 4265 590 4317 quoque
619 4251 841 4302 lectione
867 4255 1057 4313 omnia,
1089 4265 1250 4317 usque
1279 4259 1340 4302 ad
1388 4250 1582 4317 Eripies
1610 4268 1704 4316 me,

175 4319 244 4371 ad
274 4319 371 4371 hoc
401 4325 815 4386 interponuntur,
857 4329 912 4371 ut
954 4335 1042 4386 per
1089 4335 1148 4371 ca
1188 4319 1324 4372 Deus
1365 4334 1710 4372 communiter

178 4391 419 4440 omnibus
464 4389 792 4442 credentibus
839 4403 940 4441 non
988 4391 1112 4440 solis
1158 4392 1418 4455 gentibus,
1461 4400 1516 4441 ut
1566 4405 1709 4456 pr.us

180 4457 588 4510 commendetur.
620 4459 725 4510 Nec
745 4470 820 4510 est
844 4459 1190 4509 necessarium
1217 4469 1270 4508 ut
1289 4461 1458 4510 omnia
1480 4459 1544 4508 ad
1578 4457 1708 4510 Deus

1732 3193 1775 3251 (ἶ

1796 1902 1963 1970 gnopi,
1997 1902 2167 1952 serviet
2201 1900 2320 1949 milii
2340 1911 2432 1970 ζει
2457 1901 2517 1950 ad
2552 1899 2647 1953 lioc
2679 1898 2880 1970 facilius
2925 1901 3188 1960 inductus,
3222 1904 3339 1970 quia

1797 1968 2014 2022 obedivit
2039 1971 2160 2021 milii
2189 1970 2238 2018 in
2268 1969 2442 2020 auditu
2469 1971 2625 2030 auris,
2661 1968 2720 2021 id
2740 1981 2841 2034 est,
2886 1971 3058 2022 Statim
3102 1968 3341 2023 eumau-

1797 2042 1954 2092 dierit
2002 2056 2096 2107 per
2125 2043 2389 2107 apostolos
2439 2043 2711 2091 verborum
2743 2039 3156 2106 praedicationes,
3204 2045 3342 2094 unde

1799 2106 2117 2162 beatuserit.
2167 2106 2307 2160 Beati
2335 2110 2466 2159 enim
2503 2109 2588 2175 qui
2620 2125 2716 2160 non
2757 2108 2982 2159 viderunt
3030 2119 3076 2160 et
3114 2109 3340 2162 credide-

1797 2188 1935 2229 runt.
1972 2179 2046 2230 Illi
2075 2190 2244 2242 autem
2292 2177 2377 2243 qui
2407 2178 2698 2230 debuerunt
2725 2192 2841 2229 esse
2871 2177 2987 2241 lilii,
3028 2179 3074 2232 id
3104 2191 3182 2232 est
3203 2219 3218 2241 ,
3246 2177 3338 2231 .lu-

1799 2249 1918 2308 tlzei,
1951 2247 2068 2298 lacti
2099 2247 2277 2306 alieni,
2302 2249 2386 2311 qui
2417 2262 2473 2299 se
2501 2249 2566 2297 ab
2615 2247 2917 2299 limreditaie
2957 2249 3342 2310 alienaverunt,

1800 2318 1990 2367 mentiti
2019 2325 2156 2378 sunt,
2207 2316 2252 2366 id
2286 2326 2386 2375 est,
2441 2315 2719 2385 mendaces
2742 2315 2876 2382 apud
2912 2327 2959 2370 te
2988 2317 3220 2381 Putrem,
3254 2320 3340 2385 qtti

1801 2386 1916 2436 illos
1945 2395 2000 2438 ut
2025 2387 2157 2436 iiilth‘
2188 2385 2438 2442 PdllCdSIl.
2489 2383 2657 2437 eﬂecti
2684 2398 2816 2437 sunt.
2855 2385 3000 2450 Quod
3040 2388 3230 2438 factum
3263 2383 3344 2440 e~t

1803 2457 1952 2519 milii,
1985 2457 2032 2507 id
2061 2465 2164 2515 est,
2195 2456 2256 2504 ad
2291 2456 2508 2520 gloriam
2541 2467 2592 2507 et
2620 2457 2894 2507 utilitatem
2927 2473 3117 2509 meam.
3165 2460 3236 2508 lle
3261 2459 3340 2509 bis

1805 2527 1920 2575 liliis
1950 2526 2142 2575 dictum
2173 2535 2252 2576 est
2284 2541 2294 2573 :
2347 2522 2505 2594 Filius
2535 2527 2682 2592 genui
2716 2535 2771 2594 et
2817 2527 3047 2589 enntrivi,
3095 2527 3191 2594 ipsi
3229 2542 3342 2578 vero

1803 2603 2199 2662 contempserunt
2239 2609 2334 2644 me.
2379 2593 2444 2644 Et
2491 2597 2652 2644 item:
2713 2593 2812 2646 Vos
2858 2610 2919 2645 ea:
2956 2593 3344 2662 patrs’disbolo

1803 2663 1934 2714 estis.
1972 2667 2069 2713 Et:
2107 2660 2223 2713 Filii
2252 2677 2387 2729 regni
2410 2663 2669 2729 ejicientur
2712 2666 2763 2714 in
2789 2660 3012 2715 tenebras
3055 2665 3344 2727 exteriores,

1804 2746 1856 2782 et
1885 2734 2042 2783 multa
2071 2733 2278 2783 similia.
2330 2732 2600 2783 lllcndai-es
2650 2746 2773 2784 vero
2823 2733 3182 2798 mult-pliciter
3226 2737 3340 2786 lue-

1805 2810 1946 2856 runt.
1982 2802 2235 2870 Dixerunt
2270 2816 2405 2853 enim
2437 2815 2574 2865 sirpe
2606 2800 2767 2870 Moysi
2795 2817 2808 2852 :
2861 2801 3181 2870 Quwcunqne
3208 2819 3341 2867 pra:-

1805 2871 1984 2938 (βρέτει
2031 2871 2169 2922 nobis
2203 2868 2443 2921 Dominus
2491 2868 2750 2935 faciemus.
2801 2871 2946 2934 Quod
2975 2868 3104 2938 quia
3147 2888 3247 2923 non
3277 2887 3342 2925 ex

1806 2941 1963 2992 corde
1991 2941 2253 3002 dixerunt,
2280 2941 2384 2991 cito
2411 2940 2557 2992 obliti
2589 2952 2726 2992 sunt.
2771 2941 2894 2994 Item
2927 2941 2992 2994 de
3020 2941 3231 2993 Christo
3257 2943 3340 2993 di-

1807 3019 1990 3060 xerunt
2018 3025 2032 3060 ς
2069 3007 2166 3078 llic
2191 3010 2337 3078 dicit,
2364 3006 2579 3059 Possunt
2607 3010 2863 3063 destruere
2892 3012 3127 3078 templum
3149 3012 3262 3073 hoc,
3291 3021 3343 3065 et

1809 3080 2024 3144 reliquit.
2074 3077 2188 3150 Et:
2242 3075 2702 3150 lnvenintusg‘liu‘nc
2745 3075 3100 3132 subvertentem
3151 3090 3347 3150 gentem

1809 3159 2048 3199 nostram.
2100 3147 2200 3198 Et:
2253 3145 2498 3217 Venerunt
2522 3147 2753 3217 discipuli
2791 3152 2916 3217 ejus,
2948 3158 2993 3199 et
3033 3145 3188 3217 furaii
3229 3162 3344 3201 sunt

1807 3231 1938 3274 cum,
1969 3229 2021 3267 et
2069 3220 2336 3269 innumera
2369 3215 2510 3269 talin.
2564 3215 2695 3269 Vere
2722 3215 2874 3270 alieni
2925 3215 3041 3270 lacti
3081 3228 3200 3270 sunt
3232 3219 3342 3271 lilii.

1805 3284 1930 3336 Nam
1959 3286 2009 3336 iii
2039 3296 2234 3338 tantum
2284 3285 2560 3338 abalienati
2610 3296 2751 3348 sunt,
2784 3289 2922 3354 quod
2973 3302 3092 3340 Cum
3139 3303 3235 3355 ego
3265 3290 3341 3341 eis

1808 3370 1990 3406 novatn
2014 3357 2248 3420 gratiam,
2302 3371 2398 3420 qua
2445 3365 2779 3425 novarentur,
2829 3358 3114 3419 attulerim,
3164 3366 3339 3409 tamen

1807 3426 2056 3475 inveterati
2086 3433 2222 3483 sunt,
2256 3426 2302 3475 id
2334 3434 2434 3486 est,
2480 3429 2528 3476 in
2559 3436 2815 3478 vetustate
2861 3428 2938 3477 sui
2966 3428 3162 3477 erroris
3191 3442 3337 3477 man—

1806 3506 2006 3556 serunt,
2036 3503 2080 3544 et
2109 3495 2528 3556 claudieavernnt,
2581 3493 2630 3544 id
2661 3505 2760 3554 εει,
2800 3492 2947 3545 Novo
2975 3495 3337 3557 Testamento,

1807 3562 1951 3624 quasi
1981 3564 2166 3612 dextro
2194 3564 2344 3628 pede,
2379 3572 2676 3623 caruerunt,
2727 3578 2756 3612 a
2784 3564 2972 3615 semitis
3006 3565 3132 3625 suis,
3167 3563 3213 3615 id
3243 3575 3346 3628 est,

1806 3643 1958 3702 causa
1990 3641 2314 3702 semitarum,
2347 3633 2446 3702 l_ioc
2477 3641 2556 3684 est
2590 3632 2924 3683 traditionum
2973 3646 3206 3697 Silurum,
3237 3636 3354 3702 qui-

1810 3699 1903 3748 bus
1931 3699 2034 3764 jam
2063 3700 2112 3750 in
2145 3702 2300 3766 priori
2345 3698 2682 3753 Testamento
2732 3703 2876 3752 irrita
2923 3702 3152 3754 iecerant
3204 3698 3352 3754 inan-

1808 3769 1926 3818 data
1961 3771 2180 3820 ιιοιιιιιιὶ.
2218 3770 2478 3822 Curabant
2503 3772 2666 3833 enim,
2691 3780 2746 3821 ut
2768 3770 2816 3821 in
2839 3770 3119 3838 Evangelio
3140 3772 3350 3837 dicitur,

1809 3851 1921 3901 qua:
1949 3839 2143 3891 del'oris
2172 3849 2322 3890 erant
2350 3842 2412 3890 ad
2447 3839 2748 3891 munditiam
2780 3840 3040 3891 carnalem
3085 3841 3348 3904 pertinen-

1811 3908 1898 3980 ιι...
1929 3921 2102 3980 verum
2135 3918 2305 3980 autem
2355 3911 2660 3980 munditiam
2712 3909 3058 3976 negligebant.
3092 3909 3242 3974 Quod
3270 3909 3349 3962 eis

1809 3976 1918 4038 ipse
1945 3977 2191 4026 Dominus
2222 3976 2460 4028 l‘rivolum
2491 3992 2608 4029 esse
2637 3981 2883 4041 ostendit,
2937 3994 3052 4028 cum
3085 3992 3230 4043 quasi
3263 3993 3348 4031 re-

1812 4044 2096 4112 prehensus
2121 4044 2184 4095 de
2208 4058 2310 4095 non
2339 4047 2456 4097 lotis
2479 4047 2718 4098 ιιιιιιιὶιιιιη
2741 4048 3110 4112 apostolorum,
3138 4062 3350 4110 respon-

1809 4117 1838 4230 ἶ]
1866 4123 1881 4160 ι
1907 4125 1917 4160 :
1953 4111 2070 4162 Non
2103 4114 2216 4165 latis
2239 4116 2466 4166 munibus
2496 4111 2815 4178 manducare,
2846 4126 2897 4168 et
2928 4120 2975 4166 in
3007 4119 3178 4168 multis
3206 4117 3352 4167 simi-

1832 4195 1960 4230 ιιηιε.

1832 4195 1960 4230 ιιηιε.

1890 4248 2030 4321 Viuit
2071 4249 2329 4304 Dominus.
2382 4251 2536 4316 Quasi
2583 4251 2760 4305 dicat:
2813 4253 2885 4306 illi
2938 4263 3180 4321 tanquam
3230 4254 3353 4306 ntali

1810 4332 1942 4390 servi
1969 4320 2121 4369 alieni
2150 4335 2178 4369 :i
2208 4321 2362 4390 domo
2392 4321 2511 4373 lacti
2540 4333 2678 4373 sunt.
2710 4323 2950 4374 Dominus
2974 4320 3163 4386 autem,
3196 4337 3351 4390 quem

1815 4389 1908 4453 ipsi
1941 4393 2211 4439 voluerunt
2241 4389 2446 4455 penitus
2492 4394 2803 4455 exstirpare,
2838 4395 2968 4449 vivit,
3020 4393 3067 4442 id
3097 4389 3346 4458 est,'ego,

1812 4459 1958 4522 cujus
1986 4472 2172 4510 nomen
2201 4471 2355 4510 etiam
2383 4460 2559 4511 delere
2590 4464 2759 4512 Conati
2786 4471 2928 4522 sunt,
2963 4462 3098 4522 vivo,
3127 4469 3180 4512 et
3223 4476 3352 4524 per-

181 4541 337 4591 mcus,
367 4527 500 4579 sicut
527 4528 689 4592 prius,
722 4527 1028 4587 referantur,
1053 4528 1142 4577 sed
1164 4530 1398 4592 quaedam
1429 4530 1708 4590 positiones
1743 4521 1790 4578 D
1817 4521 2000 4578 maneo
2031 4528 2080 4578 in
2109 4530 2260 4578 domo
2292 4530 2340 4579 in
2369 4539 2652 4593 internum;
2683 4538 2736 4580 et
2761 4531 2876 4581 ideo
2909 4528 3043 4592 vivo,
3070 4521 3186 4594 quia
3211 4521 3350 4582 Deus

184 4611 274 4661 per
299 4612 356 4647 se
383 4605 524 4658 sunt,
551 4595 786 4662 quaedam
816 4606 870 4646 ut
910 4595 1044 4646 inter
1067 4608 1125 4646 se
1162 4606 1547 4646 continuantur.
1583 4598 1712 4648 Sen.

186 4669 341 4716 tentia
371 4677 619 4732 veroriwn
646 4671 891 4724 mutatur,
927 4677 1088 4729 usque
1131 4667 1193 4714 ad
1243 4663 1476 4715 Dilatasti
1520 4680 1715 4732 gressus

186 4747 334 4782 meos.
368 4731 514 4795 Quod
542 4734 826 4783 secundum
876 4733 1084 4784 beatum
1131 4733 1474 4799 Augustinum
1521 4731 1587 4786 de
1643 4736 1718 4785 at-

187 4801 490 4852 tcctionibus
517 4802 788 4867 accipitur,
824 4811 878 4853 et
904 4815 979 4854 ειε
1019 4803 1083 4853 ad
1130 4805 1426 4869 proximum
1456 4808 1719 4855 continua-

188 4881 286 4920 tur.
316 4871 470 4932 uuasi
501 4869 638 4922 dicat
671 4887 682 4920 :
715 4869 812 4922 l’er
841 4870 938 4923 ltoc
977 4873 1244 4938 disciplina
1290 4881 1372 4922 tua
1403 4873 1609 4925 docebit
1635 4889 1719 4926 me

189 4955 240 4990 tn
271 4939 423 5009 linem
453 4952 744 5009 pervenire,
773 4940 892 5005 quia
922 4942 1141 4992 dilatasti
1169 4954 1366 5009 gressus
1394 4943 1443 4992 in
1484 4942 1633 5005 meis,
1668 4942 1716 4993 id

189 5022 284 5068 εει,
313 5007 548 5058 dilatatas
595 5007 893 5061 all'eciiones
941 5010 1128 5062 dedisti
1172 5007 1331 5075 ineis,
1374 5011 1632 5072 videlicet,
1667 5019 1723 5062 ut

192 5092 288 5128 non
315 5076 684 5139 impedirentur
713 5078 1007 5130 earnalibus
1036 5079 1304 5146 angustiis,
1349 5080 1441 5130 sed
1487 5081 1720 5131 hilariter

192 5155 526 5213 operareutur
552 5147 706 5196 etiam
735 5146 801 5198 de
829 5148 907 5198 bis
933 5163 1047 5216 qua:
1069 5151 1166 5200 sub
1186 5163 1242 5199 se
1269 5157 1387 5198 sunt
1417 5151 1720 5198 mortalibus

195 5221 341 5266 icbus
369 5226 421 5265 et
451 5217 714 5268 membris.
745 5216 808 5266 lit
833 5219 900 5267 ita
929 5217 1164 5278 a.latasti,
1199 5227 1252 5268 ut
1280 5217 1379 5267 sint
1410 5228 1579 5266 suetus
1622 5234 1718 5279 me,

195 5290 242 5334 id
270 5302 295 5334 e
327 5293 362 5345 t,
396 5286 491 5334 sub
529 5301 678 5347 mets,
709 5295 805 5337 tioc
834 5301 932 5348 εει,
965 5301 1017 5337 ιιι
1039 5302 1161 5352 ipsa:
1189 5286 1490 5337 ull‘ectiones
1517 5289 1591 5338 eis
1619 5301 1720 5338 non

196 5356 535 5416 dominentur,
558 5357 646 5406 sed
681 5356 774 5420 ipsi
801 5352 1158 5408 aﬁ‘ectionibus
1182 5369 1195 5416 ;
1220 5365 1272 5405 et
1297 5369 1398 5405 non
1424 5367 1544 5406 sunt
1574 5355 1718 5407 inlir—

199 5433 322 5469 inata
350 5425 559 5485 vestigia
591 5437 703 5474 mea
737 5425 786 5475 in
817 5429 940 5491 ipsss
963 5433 1095 5475 sicut
1127 5423 1285 5489 prius.
1320 5425 1381 5473 Et
1413 5426 1461 5472 in
1502 5427 1581 5474 bis
1611 5426 1722 5476 tali-

202 5496 288 5540 υυδ
309 5502 572 5553 Ρθνξεψιαν
591 5507 685 5555 ego
714 5495 939 5544 inimicos
968 5509 1117 5556 meos,
1144 5495 1192 5543 id
1215 5503 1312 5554 εει,
1342 5494 1575 5543 carnales
1597 5495 1725 5543 alle-

201 5559 404 5618 ciioucs,
424 5559 638 5628 interius
661 5571 1057 5628 persequentes;
1086 5573 1128 5612 et
1155 5561 1563 5625 comprehendant
1589 5562 1720 5621 illos,

203 5633 266 5680 ita
291 5643 375 5688 eos
403 5625 682 5689 domando,
722 5641 778 5681 ut
816 5625 910 5696 ipsi
957 5647 1056 5682 non
1103 5630 1608 5698 coiiipi'elieiidantiir
1656 5643 1720 5680 au

204 5714 290 5760 eis,
335 5699 431 5746 hoc
477 5706 576 5758 est,
628 5709 680 5747 ut
723 5695 945 5751 non’eis
995 5701 1117 5765 ipsa?
1145 5695 1382 5751 ear'nales
1422 5695 1724 5750 allectiones

207 5767 528 5836 ιιωιειιυειιι,
555 5778 602 5818 et
629 5781 730 5818 non
755 5778 1030 5824 convertar
1063 5783 1093 5821 a
1135 5770 1512 5837 persequendo,
1559 5771 1726 5821 donec

1817 4610 1985 4664 incus,
2016 4597 2064 4647 id
2094 4605 2193 4660 est,
2246 4596 2396 4650 Pater
2435 4601 2518 4662 qui
2571 4612 2652 4647 me
2683 4599 2842 4662 misit,
2889 4612 3041 4663 quiem
3089 4612 3186 4664 ego
3232 4611 3352 4651 vere

1820 4662 1979 4715 Deum
2011 4666 2140 4724 scio,
2171 4666 2293 4716 vivit
2322 4669 2370 4718 in
2416 4674 2686 4717 aeternum.
2735 4665 2848 4732 Ipse
2890 4662 3007 4718 dico
3041 4662 3348 4728 benedictus,

1819 4737 1866 4783 id
1899 4743 1998 4799 est,
2027 4739 2282 4786 exaltatus
2309 4744 2360 4786 et
2387 4733 2695 4787 sublimatus
2737 4749 2828 4801 per
2855 4751 2958 4787 me.
3004 4733 3100 4787 l’er
3131 4737 3226 4787 lioc
3255 4735 3348 4786 iit-

1819 4807 1929 4853 ιιιιιι
1959 4804 2092 4869 quod
2125 4807 2256 4854 sicut
2287 4803 2395 4869 ipse
2423 4819 2513 4869 per
2543 4802 2749 4858 Patrem
2781 4805 2927 4865 vivit,
2958 4804 3025 4856 ita
3053 4815 3104 4854 et
3128 4804 3344 4870 quicun-

1819 4886 1918 4937 que
1943 4878 1988 4924 ei
2019 4871 2305 4941 adita-robii
2329 4887 2418 4937 per
2449 4875 2614 4941 ipsum
2645 4875 2800 4940 vivet.
2831 4872 2985 4941 Juxta
3012 4871 3134 4922 illud
3160 4887 3172 4922 :
3205 4870 3352 4941 Sicut

1820 4957 1895 4992 me
1919 4942 2048 4991 misit
2079 4943 2238 4992 vivens
2269 4939 2443 5007 Pater,
2471 4939 2538 4994 iet
2563 4942 2778 5010 reliqua.
2832 4940 2893 4992 Et
2921 4941 3165 5010 excitetur
3192 4939 3350 4995 Deus.

1820 5011 1974 5075 Quasi
2003 5011 2140 5060 dicat
2167 5027 2177 5060 :
2208 5010 2355 5063 Sicut
2381 5027 2469 5078 per
2492 5025 2573 5064 ine
2599 5008 2688 5063 est
2702 5013 3022 5072 benedictus,
3050 5008 3116 5060 ita
3140 5024 3348 5075 semper

1823 5095 1913 5145 per
1943 5093 2086 5130 meos
2115 5082 2390 5144 exaltetur,
2448 5080 2577 5132 Deus
2610 5081 2758 5132 Pater
2783 5086 2963 5130 auctor
3005 5079 3176 5129 salutis
3207 5093 3351 5141 ntere,

1821 5164 1906 5214 qui
1937 5149 2127 5199 metito
2156 5167 2182 5200 a
2215 5155 2343 5202 meis
2368 5149 2669 5201 exaltandus
2699 5160 2796 5209 est,
2843 5150 2962 5215 quia
2996 5148 3354 5212 magniﬁcatus

1823 5230 1922 5278 est,
1949 5223 1999 5267 ἐ.
2034 5233 2074 5268 ι’.
2103 5234 2178 5281 e.,
2209 5222 2255 5269 id
2289 5229 2386 5273 est.
2418 5221 2534 5284 quia
2565 5233 2768 5286 semper
2792 5219 3085 5282 niagnilicat
3113 5215 3173 5286 iit
3191 5217 3353 5266 virtu-

1828 5289 1961 5337 tibus
1989 5291 2212 5340 salvatus
2240 5303 2268 5338 a
2300 5303 2399 5348 me,
2441 5304 2594 5352 quem
2622 5284 2892 5341 constituit
2918 5295 3113 5351 regem.
3141 5284 3202 5334 Et
3227 5291 3351 5337 vere

1824 5366 1904 5407 est
1930 5369 2110 5407 auctor
2135 5358 2313 5408 salutis
2341 5369 2423 5408 me
2441 5375 2488 5416 ιτ,
2539 5360 2659 5424 quia
2710 5355 3119 5409 misericordiam
3149 5366 3233 5404 ine
3270 5368 3355 5424 re-

1823 5426 2123 5477 suscitando
2170 5425 2320 5475 faciat
2350 5425 2477 5477 milii
2527 5422 2649 5478 vero
2695 5428 2876 5488 David,
2919 5424 3123 5476 Christo
3143 5435 3257 5474 suo.
3292 5422 3356 5474 Ει

1828 5498 1978 5546 lat-iet
2005 5493 2406 5545 misericordiam
2455 5495 2641 5547 semini
2689 5497 2802 5562 ejus
2848 5501 3054 5558 propter
3084 5491 3273 5555 ipsum,
3302 5489 3355 5542 id

1826 5575 1926 5624 est,
1962 5574 2170 5629 propter
2202 5578 2282 5612 me
2313 5565 2644 5616 resuscitabis
2671 5575 2854 5615 omnes
2882 5575 3218 5627 quoscunque
3247 5564 3355 5626 spi-

1829 5637 2081 5681 inoaiiter
2125 5635 2420 5695 generatio;
2478 5647 2527 5682 Ill
2579 5633 2819 5696 prmsenti
2864 5631 3072 5698 quidem
3123 5644 3151 5679 ιι
3183 5641 3350 5680 morte

1827 5700 2012 5750 anima:
2035 5714 2122 5750 ρο»
2145 5701 2494 5762 resuscitabis,
2519 5701 2722 5752 tandem
2747 5715 2870 5752 vero
2891 5715 2919 5751 a
2946 5698 3118 5754 carnis
3135 5711 3351 5762 corrup-

1831 5771 1870 5819 ti
1893 5786 1995 5821 .ne.
2026 5768 2087 5820 Et
2135 5769 2232 5820 lioc
2261 5768 2412 5823 l'aciet
2442 5784 2594 5836 usque
2621 5769 2672 5821 in
2700 5770 2953 5832 siccatum,
2987 5769 3036 5819 id
3067 5777 3164 5830 est,
3193 5775 3357 5819 ater-
