3912 6230
461 281 567 333 δη

926 267 1123 325 DEDE
1168 263 1609 321 VENEIlABIIJS
1643 264 1787 317 OPP.
1831 260 2003 314 PARS
2043 258 2101 311 11.
2134 255 2319 311 SECT.
2363 256 2425 309 Il.
2460 285 2524 294 -—
2554 254 2751 309 DUDIA
2791 250 2874 306 ET
2914 251 3178 307 SPURIA.

3322 202 3381 210 ν

3561 246 3647 298 58‘)

462 390 666 443 naliter.
695 384 788 437 llic
817 396 1001 436 versus
1028 381 1142 433 licet
1173 394 1268 432 suo
1289 378 1471 431 ordine
1490 376 1588 441 legi
1622 377 1803 440 possit,
1828 383 1996 427 tamen
2028 374 2070 428 Α
2104 364 2271 419 οωνῖά
2303 366 2590 443 ριοριιειςε.
2619 375 2672 419 el
2700 364 2924 443 τθῖθιζιω·
2965 364 3013 416 in
3046 362 3228 443 fine").
3269 360 3330 443 _id
3365 358 3650 443 θεμριιτξ-

462 442 579 525 quia
609 453 1060 525 commodiusest,
1092 448 1263 525 taliter
1285 447 1515 525 jungitur
1545 445 1617 525 illi
1646 442 1921 525 superiori.

534 523 664 577 Deus
692 522 774 588 qui
794 521 883 573 das
909 518 1148 588 vindictas
1174 517 1324 588 mihi;
1345 514 1611 588 convertit
1638 527 1695 566 se
1725 512 1994 588 familiari-

465 604 545 647 ter
573 594 635 646 ad
660 580 885 652 Patrem,
909 585 1057 653 quasi
1086 585 1223 637 dicat
1247 584 1382 649 :-Tu,
1405 583 1543 643 dico,
1572 582 1704 633 Deus
1725 580 1993 653 exaltaris,

462 664 547 729 qui
581 660 816 729 vindicas
842 649 1017 709 mede
1039 652 1267 729 inimicis
1295 653 1423 729 meis
1448 658 1501 704 ει
1515 664 1779 729 meorum,
1800 660 1863 729 et
1893 649 1991 729 hoc

463 718 682 792 scilicet,
730 726 870 795 quia
901 723 1116 795 populos
1164 719 1595 795 Judaicosprius
1639 718 1998 795 superbientes

464 784 763 853 εὐηνετὲοέ
795 784 995 853 διιδιιίέ,
1044 790 1092 842 id
1118 799 1220 853 est,
1270 784 1535 849 ltumilias,
1584 789 1651 839 ita
1681 784 1737 839 ut
1788 784 1885 838 sub
1918 801 1999 838 me

464 869 590 931 sint,
623 877 777 930 supra
806 877 958 929 quem
976 859 1128 931 prius
1154 872 1272 910 esse
1298 858 1593 931 voluerunt.
1628 854 1693 908 Et
1720 856 1819 907 hoc
1843 854 1999 931 modo

463 949 557 987 eos
578 924 797 993 subdes,
823 924 943 997 quia
975 924 1220 981 liberator
1266 940 1414 997 meus
1443 926 1547 997 eris
1593 938 1685 991 per
1715 924 1998 997 resuscita-

468 1004 662 1055 tionem
690 1000 755 1052 de
779 993 1001 1052 inimicis
1029 996 1159 1047 meis
1183 994 1620 1062 cruciﬁgentibus
1642 1007 1724 1044 me
1750 1006 1873 1046 vere
1899 993 2000 1045 ira-

466 1072 669 1133 cundis,
698 1083 812 1121 cum
841 1067 1074 1119 dicerent
1096 1080 1116 1133 τί
1134 1060 1305 1133 _Tolle
1329 1060 1461 1133 hunc
1480 1105 1493 1125 ,
1538 1072 1582 1114 et
1603 1062 1836 1133 cruci/iga
1862 1075 1997 1114 eum.

470 1130 752 1205 Postquam
780 1135 917 1205 enim
950 1130 1270 1205 magnificam
1302 1131 1397 1205 luit
1420 1145 1511 1205 per
1534 1131 1797 1205 apostolos
1822 1144 2002 1182 resur-

470 1198 632 1259 rectio
668 1204 889 1265 Christi,
928 1203 1073 1253 multi
1121 1200 1205 1265 qui
1240 1200 1380 1263 prius
1426 1198 1491 1250 de
1519 1214 1584 1250 eo
1611 1198 2001 1260 dubitaverunt,

469 1275 802 1327 crediderunt
826 1264 892 1323 de
918 1264 1147 1329 Judreia,
1175 1279 1227 1320 et
1256 1267 1504 1332 apostolis
1552 1266 1831 1318 dixerunt:
1900 1264 2003 1319 Viri

470 1346 669 1411 fratres,
718 1341 837 1409 quid
892 1336 1174 1411 faciemus?
1217 1334 1415 1411 Quibus
1464 1334 1533 1386 illi
1578 1336 2023 1411 responderunt:-

470 1404 820 1464 Paznitcntiam
846 1404 999 1475 agite,
1040 1414 1089 1475 et
1116 1406 1388 1475 baptiaetur
1432 1404 1759 1475 unusquisque
1788 1410 2003 1456 vestrum

468 1482 521 1531 in
552 1480 748 1531 nomine
775 1472 995 1529 Domini.
1046 1472 1109 1526 Et
1129 1474 1191 1524 ab
1221 1473 1600 1541 insurgentibus,
1651 1472 1701 1524 id
1731 1482 1830 1532 est,
1883 1487 2005 1525 vere

471 1547 716 1601 liberabis
745 1559 849 1605 nte,
896 1546 1017 1611 quia
1053 1542 1294 1595 exultabis
1337 1556 1416 1591 me
1458 1542 1518 1592 ab
1560 1541 1924 1611 insurgentibus
1952 1541 2005 1593 in

470 1632 568 1681 me,
605 1616 653 1667 id
683 1624 785 1677 est,
813 1609 1099 1665 hoc'lacics
1125 1626 1217 1676 per
1244 1610 1460 1676 gloriam
1497 1609 1917 1674 resurrectionis,
1951 1618 2006 1661 ιιι

475 1686 584 1752 ipsa
633 1682 947 1736 resurrectio
995 1681 1323 1752 inimicorum
1368 1689 1549 1752 contra
1596 1692 1677 1728 me
1706 1717 1720 1740 ,
1759 1693 1873 1752 _qna
1904 1692 2005 1752 _me

473 1746 764 1820 deprimere
810 1751 1113 1811 Voluerunt,
1162 1749 1230 1820 sit
1274 1746 1708 1820 esaItatidntea.
1756 1746 1821 1820 Et
1848 1747 2003 1820 etiam

476 1814 653 1890 eripies
684 1836 779 1890 tne,
824 1822 906 1871 vel
936 1832 1078 1870 meos
1105 1833 1150 1890 a_
1174 1816 1278 1890 uiro
1303 1816 1490 1890 iniquo,
1540 1814 1590 1866 id
1620 1824 1722 1880 est,
1771 1814 1838 1890 ab
1865 1815 2007 1868 omni

473 1882 663 1957 genere
688 1888 1003 1957 iniquorum,
1037 1900 1119 1957 Anc
1142 1885 1211 1936 ab
1238 1885 1362 1950 ipsis
1407 1883 1743 1957 devocentnr.
1793 1882 1857 1935 Et
1884 1899 2007 1957 pre-

472 1951 664 2025 pterea,
694 1951 915 2025 scilicet,
964 1953 1082 2025 quia
1126 1960 1181 2004 et
1211 1951 1600 2025 meexaltahis.
1646 1960 1701 2025 et
1726 1964 1883 2025 _meos
1900 1954 2011 2025 _eri-

477 2019 608 2093 pies,
637 2019 907 2093 conﬁtebor
935 2023 1021 2076 tibi
1046 2021 1096 2074 in
1126 2021 1257 2093 meis
1285 2022 1337 2072 in
1363 2019 1664 2093 nationibus,
1690 2019 1739 2072 id
1768 2027 1867 2085 est,
1900 2020 2012 2073 lau-

475 2088 698 2147 dabilem
729 2088 1108 2145 confessionem
1139 2088 1324 2142 faciam
1351 2089 1441 2141 tibi
1474 2088 1523 2140 in
1548 2088 1681 2140 meis
1713 2103 1803 2154 per
1828 2102 2011 2142 omnes

478 2165 735 2223 nationes,
766 2161 814 2213 in
841 2160 967 2221 lide,
998 2159 1261 2223 videlicet,
1295 2166 1347 2210 et
1385 2157 1704 2209 innocentia.
1758 2156 1823 2209 Et
1851 2157 2009 2210 etiam

477 2234 721 2299 psalmum
747 2230 911 2282 dicant
944 2228 1031 2299 tibi
1074 2230 1207 2279 bene
1251 2226 1517 2299 operando
1565 2240 1656 2299 per
1680 2227 1799 2299 illos
1827 2226 2015 2299 nomini

475 2294 578 2364 tuo,
613 2300 661 2351 id
690 2307 791 2362 est,
822 2313 923 2351 non
967 2298 1033 2349 ad
1063 2308 1245 2349 eorum
1273 2295 1515 2363 gloriam,
1565 2294 1658 2347 sed
1703 2295 1769 2348 ad
1795 2295 2013 2362 gloriam

478 2368 700 2421 nominis
726 2367 817 2421 tui.

918 2452 980 2507 IN
1020 2452 1335 2509 PSALMUM
1384 2452 1542 2507 XVIII

875 2540 929 2595 In
969 2543 1125 2595 linem
1170 2542 1399 2609 psalmus
1429 2542 1609 2595 David.

1072 2649 1460 2700 ARGIIIENTUII._

550 2723 877 2791 Approbatur
924 2722 974 2775 in
1007 2724 1106 2775 hoc
1151 2723 1353 2789 psalmo
1399 2722 1721 2790 providentia
1774 2722 1887 2790 Dei,
1930 2724 2019 2791 qui

479 2810 542 2846 tex
602 2796 698 2844 hoc
746 2793 857 2857 ipso
904 2792 1115 2843 multam
1171 2792 1436 2844 hominum
1487 2806 1663 2845 curam
1720 2805 1777 2843 se
1827 2792 2020 2846 habere

482 2861 807 2925 innuatravit,
833 2875 950 2911 cum
973 2859 1040 2910 ita
1058 2860 1314 2913 elementa
1336 2876 1363 2912 τι
1386 2875 1443 2913 se
1469 2871 1644 2913 creata
1662 2861 1948 2927 componit,
1965 2871 2021 2914 ut

483 2941 600 2995 post
626 2933 730 2997 ipsa
761 2929 922 2997 possit
951 2930 1215 2995 cognosci.
1269 2930 1392 2983 Item
1425 2931 1674 2997 propheta
1705 2931 1771 2984 de
1794 2932 2018 2985 adventu

480 3001 671 3052 Christi
700 2999 825 3051 dicit
850 2998 899 3051 in
927 2999 1246 3051 Matthteum.

1089 3102 1411 3142 EXPLANATIO

550 3175 821 3248 Inscriptio
851 3178 944 3248 ista
972 3178 1231 3231 notissima
1259 3190 1351 3242 est,
1398 3181 1534 3231 dicta
1574 3180 1753 3247 psalmi
1798 3182 2019 3248 referens

481 3248 547 3318 ad
576 3245 848 3318 Dominum
875 3244 1150 3318 Christum,
1192 3248 1255 3299 de
1284 3250 1428 3318 cujus
1457 3244 1615 3314 primo
1643 3244 1867 3300 adventu
1901 3265 2020 3315 pro-

482 3314 628 3381 pheta
667 3317 891 3367 dicturus
913 3326 1003 3368 est.
1036 3315 1112 3368 De
1134 3332 1231 3382 qua
1267 3334 1321 3369 re
1339 3314 1427 3368 'ltic
1454 3318 1640 3384 primus
1661 3328 1733 3369 est
1777 3314 2017 3385 psalmus,

482 3396 753 3452 sequuntur
791 3394 952 3437 autem
997 3386 1086 3436 alii
1123 3398 1359 3453 quatuor,
1405 3387 1457 3437 id
1486 3395 1579 3449 est,
1626 3389 2019 3454 septuagesimus

482 3463 712 3524 nonus_et
738 3455 1101 3524 actuagesimus
1131 3464 1350 3524 octavus,
1382 3454 1729 3524 nonagesimus
1756 3466 1942 3518 sextus,
1973 3466 2021 3507 et

484 3522 776 3592 centesimus
811 3522 1248 3592 decinius_se.rtus.
1298 3522 1397 3573 Per
1424 3522 1580 3574 totum
1620 3526 1867 3587 psalmum
1904 3540 2019 3592 pro-

486 3589 643 3659 phetis
670 3588 815 3639 verba
842 3597 973 3659 sunt.
1024 3587 1197 3640 Prima
1224 3593 1446 3642 narratio
1466 3594 1582 3659 ejus
1620 3593 1789 3643 laudat
1821 3587 2023 3644 Domini

487 3657 856 3728 pradicatores,
886 3657 990 3722 ipse
1009 3673 1211 3728 iquogue
1236 3660 1298 3710 de
1321 3661 1429 3728 ejus
1451 3657 2021 3728 Incarnationespecio-

488 3725 695 3798 sissimis
742 3725 1193 3798 comparationibus
1236 3725 1381 3798 verba
1416 3728 1741 3798 subjungens.
1789 3727 2024 3781 Secunda

488 3794 664 3843 laudat
711 3804 954 3859 prmcepta
988 3792 1120 3846 Novi
1165 3803 1211 3846 et
1264 3794 1448 3848 Veteris
1490 3792 1807 3850 Testltmentt'.
1854 3797 2024 3850 Tertia
2089 3804 2092 3808 ’

489 3860 548 3911 ab
577 3861 782 3934 occultis
821 3863 961 3934 vitiis
992 3866 1195 3933 purgari
1223 3880 1332 3934 sea
1372 3864 1587 3918 Domino
1616 3868 1928 3934 deprecatur,
1971 3876 2023 3919 ut

490 3945 601 3981 eum
628 3931 722 3982 sibi
744 3946 847 3984 esse
867 3932 1017 3999 faciat
1038 3931 1243 4001 dignum
1275 3933 1617 3987 l’salmt‘slam.
1677 3931 1711 4013 ’δ
1912 3946 1915 3948 ‘

1054 4056 1466 4102 εοιιιιιιατιιιιιιε.

573 4128 694 4181 Celi
722 4140 977 4203 enarrant.
1030 4133 1286 4203 Propheta
1318 4136 1610 4201 prmvidens
1658 4150 1751 4203 per
1776 4134 2025 4202 Spiritum

504 4209 740 4271 sanctum
780 4199 1231 4271 in_posterioribus
1260 4199 1332 4255 de
1348 4206 1535 4271 p0pulo
1555 4199 1672 4268 suo,
1700 4214 1750 4257 et
1790 4199 2027 4257 contem-

502 4269 740 4337 poraneis
791 4266 1043 4337 adventus
1070 4267 1281 4337 Christi,
1338 4266 1532 4325 tantam
1582 4266 1756 4325 cordis
1783 4274 2027 4327 duritiam

2102 446 2267 498 stum,
2306 427 2667 501 hic-psalmus,
2715 448 2806 498 per
2831 434 2946 493 hoc,
2982 432 3115 503 quia
3166 432 3235 483 de
3268 427 3649 503 incarnationis

2101 504 2286 569 gloria,
2318 510 2369 554 et
2399 500 2767 570 praedicatione
2793 500 3169 568 apostolorum,
3190 500 3338 570 etde
3364 500 3650 570 sanctitate

2100 565 2246 623 novae
2274 565 2413 637 legis
2449 570 2563 637 ejus
2610 571 2735 637 agit.
2786 565 2884 622 Alii
2916 584 3039 621 vero
3069 582 3163 620 suo
3216 568 3381 637 modo
3426 565 3651 637 quisque

2101 634 2415 692 referuntur.
2472 634 2665 703 Incipit
2700 646 2871 691 autem
2920 638 3166 704 propheta
3217 636 3269 689 in
3301 640 3406 704 hoc
3450 634 3651 700 p-almo

2099 706 2375 774 obiurgare
2399 707 2684 760 caecitatem
2706 706 3002 760 Judteorum
3023 703 3124 773 per
3154 703 3500 758 manifestam
3528 716 3653 764 ora.

2099 776 2412 828 dicationem
2464 776 2840 839 apostolorum,
2891 789 3050 841 agens
3098 774 3164 827 de
3210 778 3388 825 loturo
3432 780 3653 841 propter

2099 843 2469 898 certitudinem
2506 838 2656 910 quasi
2704 845 2769 895 de
2817 838 3058 910 praesenti
3108 844 3189 895 vel
3240 840 3547 910 praeterito.
3577 838 3651 910 Δ1Ξι

2103 912 2377 965 sciendum
2405 906 2543 978 quod
2567 906 2891 979 apostolifet
2916 911 3003 963 alii
3026 912 3188 963 sancti
3212 906 3511 976 p'ra'cooes,
3538 906 3652 958 ideo

2101 980 2221 1033 ειειί
2254 981 2519 1043 dicuntur,
2550 981 2669 1047 quia
2697 980 2847 1048 longe
2874 994 2903 1031 a
2932 982 3083 1032 terris
3110 979 3229 1031 elati
3262 992 3473 1048 sursum
3504 986 3649 1048 sunt,

2102 1048 2268 1102 Deum
2320 1045 2625 1116 portantes,
2678 1045 2954 1113 prsrconiis
2999 1049 3323 1116 intonantcs.
3379 1045 3652 1097 miraculis

2101 1115 2463 1170 coruscantes.
2498 1116 2646 1170 Unde
2672 1116 2742 1168 ita
2771 1116 2932 1168 dicit:
2981 1115 3124 1179 Coeli,
3173 1117 3219 1169 id
3244 1125 3343 1179 est,
3380 1128 3505 1178 pm
3526 1126 3655 1165 ones

2102 1186 2269 1240 sancti
2316 1186 2537 1251 apostoli
2588 1196 2635 1237 ει
2686 1184 2797 1251 alii,
2842 1194 3098 1248 enarrant,
3130 1185 3178 1235 id
3214 1193 3321 1244 est,
3369 1180 3653 1251 manifesta

2107 1248 2416 1313 narrabunt,
2461 1254 2576 1305 aliis
2605 1248 2814 1321 gloriam
2843 1251 2953 1315 Dei,
3007 1253 3059 1304 id
3084 1262 3185 1312 est,
3236 1251 3531 1319 gloriosum
3562 1248 3659 1301 Fi-

2104 1322 2230 1374 lium
2256 1322 2345 1375 Dei
2370 1322 2557 1386 Patris,
2581 1337 2674 1386 per
2692 1336 2844 1385 quem
2870 1322 2979 1387 ipse
2999 1321 3281 1388 gloriosum
3305 1334 3439 1383 Opus
3462 1332 3655 1383 opera-

2105 1400 2188 1442 tus
2203 1401 2283 1444 est
2300 1392 2351 1442 in
2368 1392 2581 1449 mundo,
2596 1390 2712 1456 quia
2730 1405 2846 1441 cum
2865 1404 3046 1442 omnes
3068 1396 3371 1455 peccatores
3388 1400 3657 1444 essemus.

2107 1474 2199 1521 per
2226 1473 2346 1512 eum
2377 1472 2439 1510 ex
2468 1459 2828 1525 peccatoribus
2867 1456 3058 1525 iustos,
3100 1472 3162 1509 ex
3203 1457 3368 1511 servis
3399 1458 3561 1513 tilios,
3593 1470 3656 1506 ex

2106 1527 2277 1593 impiis
2317 1529 2448 1594 pios,
2480 1542 2543 1579 ex
2572 1526 2827 1578 damnatis
2858 1527 2974 1578 l'ecit
3006 1529 3058 1578 in
3081 1541 3296 1593 regnum
3325 1534 3654 1587 assumptus,

2105 1596 2244 1662 quod
2285 1610 2407 1647 vere
2444 1596 2532 1647 Dei
2580 1596 2674 1647 fuit
2715 1594 2899 1662 gloria,
2954 1609 3058 1663 non
3089 1605 3326 1646 nostrum
3376 1595 3647 1646 meritum.

2108 1667 2225 1730 quia
2251 1678 2369 1716 cum
2402 1677 2495 1715 nos
2525 1662 2653 1715 nihil
2700 1662 2823 1715 boui
2869 1664 3268 1721 meruissemus,
3324 1670 3528 1712 tantum
3562 1662 3657 1710 bc-

2111 1748 2234 1783 num
2268 1732 2560 1800 recepimus
2586 1731 2727 1797 juxta
2753 1730 2891 1800 quod
2917 1730 3040 1784 dicit
3060 1732 3371 1800 Apostolus:
3406 1730 3654 1800 Apparuit

2109 1797 2406 1869 benignitas
2431 1799 2706 1854 Saluatoris
2744 1797 2950 1869 Domini
2993 1800 3150 1851 nostri
3181 1797 3295 1860 Dei,
3340 1798 3426 1869 qui
3468 1813 3566 1848 non
3597 1812 3659 1848 ea:

2110 1868 2337 1932 aperibus
2351 1870 2586 1937 justitiae,
2616 1883 2725 1935 quia
2745 1868 2950 1937 fecimus
2972 1884 3079 1931 nos,
3106 1869 3191 1921 sed
3216 1868 3659 1937 secundumsuam

2110 1933 2503 1994 misericordiam
2530 1933 2689 1989 salvos
2734 1933 2833 1989 non
2868 1936 3006 2003 fecit,
3039 1946 3091 1989 et
3121 1937 3341 2001 reliqua.
3393 1934 3460 1986 Et
3490 1933 3660 1998 ﬁm-

2110 2016 2355 2065 mentum,
2386 2006 2437 2058 id
2473 2016 2577 2067 est,
2606 2005 2679 2058 illi
2710 2007 2865 2058 iidem
2899 2018 3164 2072 praecones
3193 2004 3389 2063 sancti,
3421 2004 3490 2054 de
3520 2010 3658 2055 terra

2111 2075 2300 2127 ctelum
2330 2088 2552 2140 quorum
2578 2087 2669 2126 cor
2698 2074 2891 2140 Spiritu
2932 2083 3113 2127 sancto
3155 2073 3524 2125 conﬁrmatum
3551 2082 3657 2140 est;

2112 2139 2371 2193 annuntiat
2396 2157 2547 2210 opera
2575 2156 2833 2203 manuum,
2881 2142 2929 2210 id
2960 2153 3059 2206 est,
3104 2143 3351 2207 potentiae
3394 2142 3513 2206 ejus
3546 2139 3654 2210 Det.

2113 2212 2254 2265 Idem
2282 2209 2575 2278 dicit'qood
2604 2211 2767 2277 prius,
2816 2209 2909 2263 sed
2954 2212 3278 2275 aliquantum
3330 2209 3655 2276 expressius.

2114 2280 2259 2334 Licet
2285 2280 2425 2333 enim
2451 2294 2543 2345 per
2565 2282 2943 2332 lirmamentum
2968 2281 3200 2340 eosdem,
3226 2292 3360 2346 quos
3384 2292 3477 2345 per
3498 2279 3659 2329 culos

2115 2348 2424 2415 accipimus,
2458 2347 2679 2401 vicinius
2722 2355 2896 2399 tamen
2928 2346 3309 2401 firmamentum
3362 2355 3508 2397 notat
3536 2360 3660 2397 con-

2080 2448 2083 2449 ν
2114 2419 2361 2471 stantiam
2387 2417 2439 2469 in
2460 2416 2726 2484 eisquam
2759 2418 2969 2469 ccelutn.
3000 2416 3287 2471 Setettdum
3312 2426 3489 2484 autem
3515 2416 3652 2484 quod

2116 2500 2220 2539 non
2263 2483 2547 2555 ideogdicit
2592 2483 2743 2551 opera
2778 2500 3017 2555 mnuum
3062 2487 3192 2551 ejus,
3251 2492 3308 2536 ut
3336 2483 3477 2537 Deus
3510 2483 3659 2555 Pater

2119 2567 2304 2607 manus
2330 2552 2535 2616 habeat,
2565 2563 2620 2606 et
2661 2554 2903 2606 manibus
2933 2561 3199 2618 operetur,
3258 2567 3363 2605 non
3394 2556 3535 2604 enim
3568 2552 3659 2602 bu-

2117 2622 2286 2676 manis
2321 2623 2567 2675 membris
2603 2622 3064 2684 circumscribitur,
3114 2623 3206 2676 sed
3246 2622 3445 2675 dicitur
3490 2624 3658 2673 lacera

2118 2694 2466 2760 quodcunque
2494 2691 2616 2743 facit
2643 2691 2819 2753 verbo,
2844 2691 2893 2744 id
2923 2699 3023 2755 est,
3054 2692 3336 2759 sapientia,
3358 2698 3453 2742 aut
3479 2703 3652 2751 manu,

2118 2759 2170 2813 id
2196 2768 2296 2826 est,
2330 2762 2580 2826 potentia.
2636 2759 2798 2812 Filius
2822 2768 2998 2813 autem
3039 2770 3123 2813 est
3147 2759 3405 2828 sapientia
3446 2760 3582 2828 ejus,
3607 2771 3657 2811 et

2122 2833 2373 2897 potentia,
2418 2837 2471 2880 et
2496 2829 2612 2882 ideo
2639 2829 2777 2896 quod
2806 2842 2897 2897 per
2923 2828 3108 2882 Filium
3147 2827 3445 2897 lesitgrecte
3471 2827 3657 2881 dicitur

2118 2896 2251 2966 Opus
2276 2913 2514 2950 manuum
2541 2900 2647 2965 ejus
2672 2938 2687 2961 ,
2736 2898 2786 2950 id
2812 2906 2911 2961 est,
2957 2898 3225 2965 potentias.
3276 2896 3344 2949 Et
3365 2899 3486 2963 quia
3534 2897 3653 2949 illud

2118 2982 2251 3035 opus
2279 2966 2418 3034 quod
2467 2982 2557 3033 per
2582 2966 2798 3034 gloriam
2847 2968 2986 3035 prius
3031 2966 3319 3033 accipimus
3345 2966 3549 3035 dignius
3575 2976 3655 3018 est

2122 3033 2257 3089 inter
2282 3033 2455 3088 omnia
2496 3033 2652 3102 opera
2705 3049 2822 3099 qua:
2865 3033 3025 3088 Filius
3071 3035 3125 3088 in
3163 3049 3327 3087 carne
3352 3036 3494 3099 fecit,
3533 3034 3654 3087 ideo

2120 3104 2412 3171 emphatice
2458 3118 2589 3170 Opus
2626 3117 2809 3155 uiantis
2860 3102 2954 3157 Det
2986 3114 3218 3157 vocetur.
3271 3104 3457 3158 Potest
3478 3115 3653 3157 autem

2122 3181 2221 3228 hoc
2249 3175 2314 3226 ab
2343 3172 2431 3226 illo
2464 3173 2633 3225 taliter
2658 3172 3017 3234 diversilicari,
3049 3182 3104 3225 ut
3132 3177 3209 3226 sic
3236 3173 3447 3225 dicatur
3477 3189 3491 3223 :
3529 3173 3648 3227 Gali

2124 3251 2361 3294 enarrant
2388 3243 2503 3295 alits
2528 3242 2738 3309 gloriam
2764 3240 2878 3303 Dei,
2909 3241 3080 3293 verbis
3106 3241 3437 3294 extrinsecus
3482 3241 3531 3293 in
3559 3241 3655 3308 ﬁr-

2120 3323 2448 3377 mamentum,
2480 3312 2529 3361 id
2559 3319 2659 3373 est,
2692 3322 2784 3363 cor
2826 3322 3002 3362 eorum
3033 3311 3230 3377 Spiritu
3257 3320 3442 3363 sancto
3468 3312 3654 3362 conlir-

2123 3389 2316 3432 matum
2338 3379 2603 3431 annuntiat
2631 3379 2682 3430 iu
2703 3391 2759 3431 se
2777 3378 2891 3445 ipso
2911 3377 3218 3433 intrinsecus
3240 3394 3395 3445 opera
3418 3395 3653 3430 meum

2122 3450 2251 3516 ejus.
2283 3448 2381 3501 Per
2410 3450 2509 3500 hoc
2534 3447 2670 3499 enitn
2714 3447 2851 3515 quod
2879 3462 2968 3501 cor
2994 3460 3175 3500 eorum
3204 3463 3233 3500 a
3266 3447 3378 3501 Deo
3408 3461 3650 3502 consutis

2120 3515 2220 3581 est,
2248 3517 2384 3583 quod
2412 3517 2613 3569 etiamsi
2669 3515 2890 3569 mundus
2932 3519 3337 3571 saeviaLcontra
3368 3533 3481 3581 eos,
3528 3517 3651 3570 nihil

2122 3594 2295 3637 tamen
2341 3586 2606 3652 proﬁciat,
2650 3592 3026 3650 reprtcseutant
3062 3598 3195 3653 opus
3232 3585 3443 3649 uiantis,
3473 3588 3520 3638 id
3550 3597 3645 3644 est.

2124 3654 2367 3724 potentia:
2390 3654 2478 3724 Dei
2502 3654 2551 3704 in
2567 3667 2652 3724 se,
2674 3654 2893 3724 scilicet,
2916 3656 3259 3706 constantiam
3286 3666 3483 3707 tantam
3503 3671 3649 3724 quam

2122 3722 2353 3783 aliunde,
2384 3722 2479 3773 nisi
2506 3735 2534 3773 a
2564 3721 2671 3775 Deo
2698 3719 2893 3775 habere
2917 3736 3019 3774 non
3050 3732 3277 3789 possent.

2194 3789 2311 3843 Dies
2340 3789 2457 3861 diei.
2488 3790 2645 3861 Quasi
2672 3791 2844 3861 dicat:
2876 3792 2945 3843 Ita
2964 3791 3272 3861 annuntiant
3293 3792 3513 3861 gloriam
3538 3790 3648 3853 Dei,

2124 3869 2179 3913 ut
2222 3858 2519 3925 spirituales
2564 3858 2847 3926 spiritualia
2894 3860 3266 3926 spiritualibus,
3298 3858 3376 3915 ἐι
3418 3864 3648 3914 carnales

2124 3929 2351 3981 carnalia
2380 3927 2697 3981 carnalibus.
2752 3930 2849 3982 Per
2874 3930 3011 3982 diem
3058 3930 3197 3983 enim
3226 3931 3515 3997 accipimus
3542 3931 3649 3983 litu-

2128 3998 2451 4063 pidissitnum
2484 4007 2559 4065 et
2604 3996 2974 4050 lucidissimum
3028 3998 3316 4065 ingenium,
3348 3996 3436 4052 ad
3486 4004 3649 4052 divina

2124 4064 2529 4132 contemplanda
2556 4065 2822 4128 habentes,
2873 4076 2933 4117 ut
2949 4064 3175 4120 Joannes
3222 4071 3407 4121 habuit
3434 4083 3553 4121 cum
3581 4071 3653 4119 di-

2127 4134 2238 4203 xit:
2270 4131 2608 4200 ln'principio
2643 4144 2747 4185 erat
2780 4131 3012 4203 Verbum,
3042 4144 3093 4203 et
3128 4138 3349 4203 reliqua.
3401 4138 3513 4190 Nox
3540 4151 3654 4189 vero

2128 4202 2339 4263 dicitur,
2369 4216 2549 4255 eorum
2580 4201 2989 4269 comparatione,
3022 4202 3096 4254 illi
3120 4206 3208 4267 qui
3230 4201 3291 4257 ea
3319 4211 3651 4258 considerant

2129 4278 2181 4324 et
2208 4272 2473 4323 instruunt
2501 4285 2615 4338 qua
2648 4271 2943 4323 hominibus
2990 4274 3483 4339 comprehcnsibilia
3520 4286 3650 4335 sunt,

498 4344 661 4407 atque
682 4334 978 4402 phrenesim
1017 4334 1275 4401 futuram,
1314 4348 1368 4391 ut
1411 4354 1506 4392 nec
1548 4338 1716 4403 ipsum
1770 4341 2024 4395 medicum
2052 4338 2103 4395 D
2132 4350 2189 4392 ut
2213 4340 2301 4405 qui
2331 4339 2396 4392 de
2422 4334 2616 4391 Christi
2644 4339 2962 4393 humanitate
3007 4334 3307 4407 loquuntur,
3349 4356 3405 4395 et
3430 4347 3497 4396 de
3523 4334 3651 4394 mor;

500 4402 563 4476 ad
583 4405 807 4476 salutem
829 4407 1057 4476 omnium
1082 4408 1295 4459 missum
1316 4402 1708 4474 cognoscerent,
1735 4423 1799 4461 ne
1826 4418 2027 4476 tempus

501 4471 807 4525 visitationis
827 4486 932 4525 sum
962 4475 1314 4536 adverterent,
1342 4471 1521 4543 aperte
1544 4476 1592 4527 in
1617 4478 1715 4529 hoc
1735 4471 2029 4544 psalmo'in-

498 4547 680 4606 crepat
709 4554 821 4602 eos,
850 4550 902 4592 et
926 4543 1163 4609 objurgat
1189 4558 1365 4595 eorum
1408 4544 1672 4606 duritiam,
1702 4543 2029 4599 ostendendo

502 4610 924 4681 ejusatlventum
952 4619 1151 4661 certum
1180 4620 1232 4661 et
1268 4611 1655 4665 indubitabilem
1682 4613 1904 4665 futurum
1936 4629 2030 4681 per

505 4675 777 4729 manifesta
804 4677 947 4743 signa
976 4686 1027 4729 ει
1067 4692 1156 4749 per
1180 4687 1470 4749 sanctorum
1514 4684 1867 4747 apostolorum
1901 4675 2030 4749 prat-

504 4748 675 4807 con‘ta,
717 4755 769 4813 et
797 4753 1046 4809 praeterea
1090 4748 1252 4813 legem
1283 4748 1394 4811 ejus
1443 4748 1826 4803 immaculatam
1879 4765 2027 4804 cont-

507 4812 834 4875 mendando;
881 4815 1018 4875 quod
1068 4812 1227 4866 totum
1270 4818 1334 4866 ad
1383 4815 1795 4872 exhortationem
1848 4831 2025 4875 eorum

510 4879 654 4940 facit,
678 4889 731 4929 ut
751 4879 1056 4949 quandoque
1081 4883 1371 4949 pbrenesim
1394 4883 1675 4950 deponant,
1703 4896 1755 4938 et
1774 4888 2030 4941 medicum

508 4960 625 5024 cum
658 4953 889 5024 tempore
920 4951 1229 5004 Vtsitationis
1261 4961 1612 5024 cognoscant,
1664 4963 1717 5006 et
1746 4956 1835 5022 qui
1861 4956 2031 5024 legem

512 5015 654 5091 prius
693 5014 834 5067 servi
877 5028 1212 5091 receperunt,
1260 5014 1422 5089 legém
1466 5014 1625 5075 Deum
1656 5014 1889 5090 recipere
1910 5014 2035 5091 gau-

511 5086 687 5159 deant,
735 5096 852 5147 qua
895 5091 1038 5159 tanto
1075 5087 1280 5159 dignius
1316 5086 1663 5159 amplexanda
1694 5086 1794 5152 est,
1842 5086 2035 5159 quanto

516 5148 761 5220 Dominus
789 5166 941 5204 servo
969 5148 1172 5220 dignio'r
1219 5164 1315 5207 est.
1361 5148 1640 5211 Sciendum
1682 5148 1873 5214 autem'
1900 5164 2036 5216 hunc

517 5216 766 5280 psalmum
794 5233 912 5272 cum
940 5216 1139 5294 duobus
1176 5229 1533 5290 sequentibus,
1563 5236 1616 5280 ut
1644 5230 1805 5281 sancti
1837 5229 2034 5294 dicunt,

517 5295 674 5361 unum
704 5299 819 5339 esse
844 5290 1118 5361 psalmum,
1146 5301 1197 5344 et
1219 5296 1336 5359 quia
1366 5296 1547 5347 eodem
1577 5300 1784 5361 negotio
1811 5290 2037 5351 diversis

520 5359 714 5431 tantum
748 5357 973 5431 partibus
992 5370 1169 5431 agunt,
1192 5357 1248 5431 et
1270 5363 1492 5431 adidem
1523 5357 1815 5427 intendunt,
1839 5368 2038 5420 scilicet

521 5418 601 5499 ad.
630 5418 1285 5499 objurgandamiddrhiam
1337 5430 1656 5499 intimorum,
1702 5444 1757 5487 et
1799 5418 2036 5489 eumdem

524 5484 958 5570 I‘tf-bct"ti‘tulu_ttt,
1005 5495 1194 5570 hunc,_
1225 5500 1458 5570 scilicet:
1504 5497 1573 5550 In
1806 5484 2039 5570 ’ρῖἇιῆἆ

525 5550 701 5607 Darid.
732 5560 878 5620 Quod
908 5550 983 5614 sic
1010 5550 1289 5630 exponitur
1314 5550 1335 5618 τί
1358 5550 1460 5622 Iule
1488 5550 2040 5636 ρεαιάὶύέἆιιῗίιῐίιίίιῖἱ

2127 4409 2334 4461 talibus.
2390 4409 2454 4459 Et
2478 4407 2612 4460 sicut
2640 4408 2727 4461 ille
2772 4409 2860 4474 qui
2889 4409 3002 4461 dies
3041 4418 3122 4462 est
3146 4410 3231 4462 alii
3262 4412 3368 4465 diei
3416 4416 3646 4473 verbum,

2128 4477 2179 4529 id
2209 4486 2311 4537 est,
2337 4476 2684 4547 divinitatem,
2712 4492 2813 4547 non
2836 4476 3141 4547 simpliciter
3162 4482 3373 4541 indicat,
3400 4482 3494 4533 sed
3514 4484 3650 4547 quasi

2126 4555 2347 4605 eructat,
2377 4546 2442 4595 ab
2471 4546 2653 4614 intimo
2681 4546 2838 4614 corde
2867 4544 3061 4610 profert
3102 4548 3240 4613 quod
3270 4544 3556 4614 praedicat,
3588 4556 3652 4600 ita

2125 4614 2212 4687 qui
2242 4627 2348 4687 non
2377 4620 2458 4665 est
2483 4613 2598 4687 aliis
2629 4612 2888 4687 noctibus,
2928 4628 3028 4665 non
3068 4612 3308 4687 verbum,
3330 4617 3456 4687 __sed
3496 4621 3653 4671 scien-

2129 4682 2271 4743 tiam,
2290 4682 2350 4733 id
2373 4690 2473 4741 est,
2505 4682 2717 4733 humilia
2748 4691 2803 4733 et
2828 4682 3054 4735 humana
3077 4683 3225 4737 facile
3254 4685 3471 4738 indicat.
3525 4687 3652 4740 Pos-

2127 4759 2250 4802 sunt
2279 4764 2402 4803 vero
2426 4750 2581 4802 iidem
2619 4764 2885 4817 praecones
2912 4764 3030 4804 esse
3069 4753 3179 4805 dies
3226 4763 3279 4806 et
3305 4770 3409 4807 nos
3439 4754 3651 4809 diversis

2131 4819 2455 4885 temporibus
2475 4828 2528 4871 et
2555 4819 2620 4871 ad
2649 4819 2903 4873 diversos.
2934 4819 3083 4886 Quod
3110 4821 3299 4875 Paulus
3333 4825 3506 4878 innuit
3543 4841 3648 4878 cura

2129 4889 2290 4940 dicit:
2322 4887 2438 4941 Swe
2461 4889 2738 4941 meditatus
2763 4901 2941 4955 mente,
2986 4890 3130 4954 Deo;
3171 4892 3273 4944 sine
3293 4892 3447 4945 sobrii
3465 4909 3648 4954 sums,

2130 4956 2265 5007 vobis
2290 4956 2442 5008 sobrii
2468 4971 2658 5009 uiuus.
2688 4958 2813 5011 Item
2844 4961 3029 5011 iterum
3075 4961 3137 5010 ad
3163 4962 3465 5015 Corinthios
3491 4965 3646 5015 dicit:

2134 5023 2464 5098 §apientiam,
2513 5026 2565 5077 id
2590 5036 2688 5086 est,
2733 5025 2932 5089 divina,
2955 5027 3203 5098 loquimur
3239 5030 3371 5082 inter
3396 5035 3648 5098 perfectas.

2134 5092 2393 5161 Sapientia
2425 5106 2598 5145 autem
2629 5098 2836 5159 proprie
2863 5092 3086 5160 pertinet
3123 5098 3187 5148 ad
3213 5092 3411 5161 divina,
3440 5092 3648 5152 uirentia

2133 5170 2305 5231 autem
2335 5160 2398 5211 ad
2426 5164 2669 5215 humana.
2705 5162 2767 5216 Et
2794 5165 2916 5215 item
2954 5163 3006 5215 in
3031 5165 3210 5217 eadem
3242 5160 3518 5231 Epistula:
3569 5166 3649 5218 lii-

2132 5227 2205 5277 ltil
2230 5227 2367 5280 aliud
2393 5231 2518 5280 inter
2545 5245 2648 5293 vos,
2676 5247 2763 5283 nos
2787 5232 2913 5285 scire
2957 5234 3119 5285 testati
3157 5227 3349 5299 sumtis,
3397 5236 3497 5287 tusi
3519 5234 3651 5286 Chri-

2132 5306 2283 5366 stum,
2331 5310 2377 5349 et
2416 5304 2548 5349 hunc
2591 5302 2902 5366 cruciﬁxum.
2942 5302 3095 5366 Quasi
3140 5303 3321 5355 dicat:
3369 5304 3484 5355 Non
3516 5307 3651 5358 vota

2133 5363 2337 5427 altiora,
2367 5368 2458 5419 sed
2489 5363 2759 5421 humiliora
2788 5363 3071 5423 secundum
3111 5370 3488 5425 humanitate.
3513 5374 3649 5426 απι-

2134 5437 2375 5517 stivobis
2400 5438 2705 5517 praedicari.
2733 5436 2912 5517 Patest
2930 5453 3140 5517 quoque
3183 5441 3335 5517 aliter
3367 5444 3455 5517 hic
3480 5455 3648 5517 versas

2136 5506 2325 5576 exponi
2366 5514 2418 5555 et
2454 5506 2768 5576 continuari,
2823 5506 2976 5560 utsic
3020 5506 3239 5560 dicatur.
3282 5510 3405 5561 Laeli
3449 5510 3647 5576 quidese

2137 5572 2436 5625 nuntiabunt
2464 5574 2675 5640 gloriam
2702 5573 2815 5641 Dei,
2840 5583 2895 5631 et
2917 5576 3028 5631 haec
3072 5580 3402 5631 annuntiatio
3439 5572 3541 5632 son
3583 5582 3646 5632 ad

3859 2796 3861 2837 1

3860 3148 3861 3187 1

3860 3372 3861 3433 1

3860 3844 3861 3907 1

3860 3948 3861 3995 1
