3912 6230
138 344 259 401 811

890 343 952 397 ΙΝ
992 341 1341 398 PSALMORU
1354 342 1393 394 Μ
1436 339 1681 398 LIBRUM

1785 336 2074 397 REGESIS.
2118 368 2183 381 -—
2219 337 2456 395 PSALI.
2500 338 2678 397 XVIII.

3236 344 3338 399 562

144 470 377 521 tempus
406 456 563 511 breve
600 456 716 514 erit,
747 454 836 508 sed
865 453 1271 520 comprehendet
1313 466 1521 504 omnem
1549 452 1697 503 volii-
1733 452 1775 509 Α
1804 448 1996 521 cmlum
2017 449 2268 521 caelorum
2295 447 2485 521 dicitur
2502 447 2667 521 ,__quitl
2696 454 2777 499 est
2817 447 2989 521 lum_en
3019 448 3086 503 de
3126 450 3333 505 lumini-

145 528 421 581 ltilitatem
477 538 786 588 tempoi‘um,
833 526 951 589 quia
1000 534 1052 575 et
1097 523 1212 575 dies
1260 536 1471 589 semper
1512 522 1562 573 iii
1605 521 1700 573 hac

144 595 527 649 enuntiatione
554 587 940 645 continuabitur
966 591 1067 644 diei
1114 602 1165 644 et
1197 606 1297 644 nox
1340 587 1497 652 nocti,
1544 598 1594 641 et
1628 592 1701 643 sic

146 663 313 717 omni
347 674 579 728 tempore
606 661 723 713 eiii.
750 663 913 714 Omne
942 662 1077 712 enim
1120 669 1323 725 tempus
1351 669 1439 712 aut
1464 658 1577 728 dies
1614 668 1702 711 aut

150 747 290 794 nox,
316 742 373 785 et
395 727 495 784 non
529 738 722 781 tantum
754 744 857 782 uno
884 744 1074 795 genere
1117 729 1406 795 linguarum
1455 727 1545 779 lict
1592 728 1702 780 htec

151 802 521 861 annuntiatio,
566 802 656 852 sed
713 799 761 850 in
801 799 1037 850 omnibus
1088 798 1387 864 generibus,
1436 796 1552 861 quia
1602 811 1700 847 non

151 879 282 921 sunt
312 870 548 935 loquela,
580 867 630 919 id
661 876 759 928 est,
789 869 1003 934 integra:
1032 869 1312 919 orationes.
1338 865 1513 935 Neque
1542 865 1698 918 etiam

153 934 679 1004 singuli’sermones
724 940 771 988 in
802 936 1120 989 orationibus
1168 949 1341 995 voces,
1371 934 1549 1004 idest,
1582 948 1700 999 pro.

199 1002 298 1059 ria:
328 1007 711 1071 expressiones,
730 1018 946 1072 quorum
977 1019 1079 1055 non
1106 1005 1378 1055 audiantur
1400 1002 1464 1072 ab
1494 1011 1700 1065 apostu-

179 1076 228 1125 is
258 1088 323 1126 ac
350 1076 393 1126 si
422 1087 593 1127 essent
620 1071 819 1124 eorum.
867 1074 925 1124 Et
968 1073 1085 1125 ideo
1124 1088 1274 1123 sonus
1322 1071 1701 1138 pradicaiionis

156 1142 395 1205 ipsorum
426 1144 775 1207 apostolorum
807 1142 949 1193 exivit
998 1158 1023 1189 κ
1064 1139 1241 1192 Judaea
1295 1139 1605 1205 perveniens
1649 1141 1701 1191 in

156 1226 366 1262 omnem
406 1222 611 1273 (errant,
659 1212 708 1262 id
749 1220 847 1269 est,
898 1210 947 1263 in
996 1224 1177 1262 omnes
1226 1220 1399 1274 partes
1444 1218 1614 1268 terrae,
1649 1218 1702 1262 et

154 1281 326 1330 etiam
367 1281 428 1331 ad
458 1294 639 1332 omnes
661 1280 876 1345 angulos
918 1282 1156 1344 partium,
1197 1278 1314 1341 quia
1360 1276 1501 1327 verba
1529 1291 1697 1328 eorum

157 1347 214 1399 in
246 1362 436 1401 omnes
462 1349 583 1414 [itm
602 1349 738 1400 orbis
765 1356 907 1399 terra
948 1356 1309 1412 pervenerunt.
1355 1346 1532 1398 Nullus
1558 1347 1696 1398 enim

156 1417 392 1482 angulus
416 1426 565 1468 terra:
594 1416 887 1469 habitabilis
906 1423 1003 1472 est.
1023 1414 1106 1465 ubi
1137 1415 1367 1467 doctrina
1393 1414 1697 1479 apostolica,

158 1498 255 1536 aut
288 1499 382 1552 per
425 1486 581 1552 ipsos,
610 1491 701 1537 aut
746 1499 834 1551 per
863 1483 1139 1548 discipulos
1170 1493 1221 1535 et
1245 1496 1575 1535 successores
1604 1498 1697 1534 en-

159 1568 309 1614 rum,
337 1569 439 1605 non
466 1554 759 1605 innotuerit.
792 1553 845 1605 lii
872 1555 967 1603 hac
994 1552 1248 1604 sententia
1280 1565 1437 1603 sonus
1464 1558 1515 1603 et
1542 1554 1696 1604 verba

160 1635 265 1686 pro
287 1622 472 1674 eodem
503 1623 840 1687 accipiuntur.
884 1620 1059 1673 Potest
1085 1634 1207 1674 vero
1250 1622 1351 1672 alio
1392 1619 1693 1687 mododici,

158 1685 220 1740 ut
246 1702 524 1756 utrumque
554 1685 757 1755 proprie
785 1689 1087 1753 accipiatur,
1136 1690 1226 1752 ita,
1260 1689 1457 1741 scilicet
1482 1705 1502 1727 ο-
1527 1685 1697 1741 Satius

157 1759 381 1823 quidem
410 1762 779 1825 apostolomm,
805 1759 853 1811 id
876 1767 972 1819 est,
1002 1757 1219 1824 simplex
1250 1771 1344 1809 vox
1375 1756 1697 1822 praedicatio-

161 1829 249 1878 nis
280 1841 482 1890 eorum,
513 1829 855 1881 communiter
894 1827 946 1878 iit
968 1840 1162 1879 omnem
1199 1834 1378 1879 terram
1408 1826 1697 1891 exivit,sed

162 1911 276 1945 non
310 1898 498 1961 ubique
522 1896 753 1962 profecit.
802 1896 929 1960 Quia
956 1896 1102 1946 verba
1131 1908 1319 1956 eorum,
1364 1894 1412 1946 id
1439 1902 1541 1955 est,
1574 1908 1696 1958 vox,

158 1977 289 2015 eum
340 1966 389 2015 in
438 1964 733 2027 intellectu,
780 1964 916 2029 quod
966 1962 1173 2028 proprie
1219 1964 1407 2016 dicitur
1454 1962 1695 2029 verbum,

162 2034 408 2096 persi'nit
448 2034 654 2097 quidem
702 2035 752 2083 in
778 2036 900 2097 ﬁnes
928 2032 1059 2083 orbis
1088 2041 1231 2085 terra
1267 2041 1485 2091 tantum,
1518 2031 1565 2082 id
1596 2042 1694 2095 cst,

159 2102 229 2150 ad
260 2103 399 2153 solos
433 2101 546 2153 illos
571 2100 657 2167 qui
687 2104 1039 2153 terrenitatem
1089 2101 1140 2153 in
1169 2114 1225 2154 se
1252 2100 1493 2153 {inierunt
1524 2108 1585 2153 et
1612 2116 1698 2153 or-

159 2168 267 2225 his,
300 2169 349 2220 id
379 2178 477 2234 est,
511 2170 719 2233 perfecti
743 2170 907 2222 sancti
931 2179 1070 2221 sunt.
1102 2169 1311 2231 Eorum,
1351 2168 1491 2232 dico,
1516 2167 1697 2221 dicen-

167 2239 304 2287 tium
336 2238 401 2289 ita
426 2238 584 2303 gloria
619 2239 726 2301 Dei,
773 2239 822 2290 id
853 2248 964 2299 est,
1017 2235 1177 2291 Filius
1234 2237 1346 2301 Dei,
1394 2238 1607 2291 veniens
1630 2238 1695 2291 ad

160 2304 585 2385 belligerandum
611 2316 971 2385 contraregna
990 2306 1355 2385 tenebrarum,
1404 2307 1571 2375 posuit
1590 2316 1693 2385 ,ιρ-

158 2373 508 2437 bernaculum,
538 2373 585 2426 id
613 2385 716 2436 est,
741 2376 963 2427 militare
988 2373 1335 2427 habitaculum
1356 2373 1519 2437 suum,
1554 2376 1695 2429 vide-

164 2442 315 2505 licet,
344 2457 529 2507 corpus
556 2441 855 2507 humanum,
891 2443 940 2495 in
962 2457 1065 2509 quo
1094 2443 1157 2495 ad
1183 2452 1385 2509 tempus
1418 2443 1524 2497 Deo
1554 2442 1692 2497 Patri

161 2511 305 2562 sicut
337 2512 387 2561 in
420 2513 750 2565 tabernaculo
776 2512 1015 2564 militavit
1051 2512 1102 2563 in
1128 2513 1248 2573 sole,
1281 2512 1329 2564 id
1356 2521 1453 2572 est,
1484 2512 1534 2564 in
1564 2520 1692 2565 tem-

161 2592 316 2643 pore.
345 2580 488 2643 Quod
514 2580 628 2632 ideo
657 2596 689 2647 p
709 2597 747 2632 -r
772 2582 936 2633 solem
983 2580 1300 2647 designatur,
1331 2582 1451 2648 quia
1486 2595 1574 2645 per
1606 2596 1690 2634 so-

165 2654 271 2717 lent
304 2658 529 2713 tempora
562 2650 783 2702 masime
809 2651 1208 2717 distinguuntur.
1260 2652 1356 2715 Qui
1387 2650 1525 2702 enim
1552 2650 1689 2717 apud

166 2714 377 2769 Patrem
406 2727 518 2785 erat
554 2718 673 2785 sine
701 2726 950 2785 tempore,
973 2714 1144 2771 'natus
1187 2730 1265 2771 est
1286 2714 1370 2771 rex
1401 2730 1566 2771 matre
1589 2714 1692 2772 sub

163 2793 422 2849 tempore.
478 2784 565 2837 Vel
604 2786 751 2838 aliter
777 2784 817 2837 :7
846 2784 1019 2841 Posuit
1045 2787 1417 2838 tabernaculum
1454 2802 1597 2838 suam
1638 2790 1693 2840 in

160 2853 292 2913 sole,
326 2854 373 2904 id
401 2862 497 2918 est,
529 2854 577 2903 in
599 2853 775 2907 labare
796 2855 1064 2918 praesentis
1089 2856 1223 2907 vitzc.
1251 2854 1361 2907 Non
1384 2856 1525 2907 enim
1551 2858 1690 2909 venit

158 2923 227 2989 ad
258 2921 624 2987 perfruetiduin
669 2922 839 2989 aliqua
886 2929 1087 2976 terrena
1130 2923 1493 2987 delectatione,
1519 2928 1607 2977 sed
1637 2934 1692 2978 ut

160 2988 264 3059 sibi
298 2990 573 3054 injunctain
596 2988 940 3059 obedientiam
964 2994 1211 3059 perlicere
1236 2992 1510 3044 laboraret.
1544 2992 1689 3047 Unde

159 3056 277 3120 ipse
304 3072 507 3125 quoque
526 3059 674 3111 dicit:
702 3057 819 3112 Non
838 3060 945 3111 veni
964 3056 1257 3123 iuiuistrari,
1279 3060 1365 3112 sed
1384 3061 1683 3115 ministrare.

1804 516 1919 587 hiis.
1953 516 2022 567 Da-
2050 516 2143 569 hac
2168 516 2473 587 egressione
2500 514 2690 587 dictum
2716 522 2831 569 est:
2888 514 3132 587 Egressus
3159 525 3270 587 ejus
3296 538 3331 575 a

1802 582 1978 654 Pat_re,
2002 582 2253 652 regressus
2280 586 2476 654 ejusgad
2504 582 2728 654 Patrem,
2758 591 2811 637 et
2836 582 3052 650 reliqua.

1872 651 1939 705 Et
1966 651 2196 723 occursus
2216 651 2345 723 ejus.
2375 652 2791 723 Occursutniejus
2814 663 2961 723 vocat
2985 655 3330 721 aequalitatem

1800 722 1937 786 ejus.
1970 720 2099 791 Illud
2128 720 2265 791 enim
2317 722 2523 789 proprie
2570 722 2765 791 dicitur
2798 721 2882 773 alii
2915 724 2985 775 rei
3029 720 3331 791 occurrere,

1800 791 1939 858 quod
1968 789 2015 842 ei
2044 790 2238 859 :rqiiiile
2259 800 2359 843 est.
2389 791 2449 842 Et
2468 799 2549 843 est
2573 790 2718 859 quasi
2740 790 2876 841 dicat
2900 806 2913 841 :
2943 791 3071 843 Cum
3094 789 3337 859 egressus

1804 857 1944 911 esset
1985 873 2015 910 τι
2052 857 2202 911 Patre
2251 866 2305 912 et
2348 860 2575 912 venisset
2623 858 2672 910 in
2726 860 2993 922 mundum,
3050 857 3176 913 nihil
3230 864 3329 916 sibi

1803 928 2001 1005 aqu‘ale
2048 928 2126 980 vel
2158 927 2511 1005 coiiiparahile
2553 929 2773 990 invenit,
2822 942 3091 1005 quousque
3118 945 3323 1005 rursum

1801 996 1864 1047 ad
1897 995 2097 1048 Patrem
2147 996 2321 1049 rediit.
2362 997 2491 1060 Quia
2534 1011 2783 1059 occursus,
2838 995 2885 1048 iil
2914 1004 3013 1061 est,
3062 1000 3329 1063 aqualitas

1800 1064 1908 1127 eius
1934 1065 2378 1135 estapertingens
2422 1080 2573 1133 usque
2616 1066 2682 1116 ad
2709 1079 2951 1119 summum
2984 1067 3113 1134 ejus,
3159 1066 3207 1118 id
3234 1080 3333 1135 est,

1801 1147 1961 1199 usque
2002 1132 2065 1184 ad
2098 1132 2241 1185 illum
2294 1132 2553 1185 suininuin
2605 1135 2816 1195 caelum,
2872 1150 2899 1185 a
2927 1132 3028 1197 quo
3060 1132 3331 1200 processit.

1804 1200 1869 1272 Et
1897 1201 2013 1268 quia
2044 1200 2175 1254 adeo
2200 1204 2334 1253 altus
2365 1210 2464 1272 est,
2498 1201 2612 1272 ideo
2640 1218 2738 1253 non
2764 1213 2837 1252 est
2864 1204 2947 1266 qui
2969 1219 3021 1254 se
3039 1203 3330 1272 abscondat,

1806 1270 1854 1320 id
1881 1277 1980 1331 est,
2011 1284 2261 1327 excusare
2282 1271 2469 1339 possit
2516 1269 2595 1323 vel
2625 1272 2827 1331 debeat,
2862 1286 2893 1321 a
2917 1272 3102 1335 calore,
3144 1273 3195 1325 id
3227 1269 3329 1339 est,

1800 1352 1828 1388 a
1862 1339 2064 1401 notitia,
2112 1340 2237 1405 ejus.
2264 1338 2412 1402 Quod
2462 1348 2541 1391 est
2586 1339 2777 1390 dictum
2824 1339 2887 1389 ad
2916 1338 3329 1395 similitudinem.

1799 1406 1855 1458 Si
1883 1407 2021 1458 enim
2056 1407 2106 1460 in
2130 1404 2300 1475 aliqua
2346 1408 2499 1458 domo
2526 1414 2665 1461 esset
2709 1422 2924 1473 magnus
2956 1422 3111 1475 rogus
3142 1424 3333 1462 accen-

1798 1488 1905 1536 sus,
1935 1477 2078 1527 calor
2122 1476 2235 1541 ejus
2274 1484 2333 1543 et
2374 1476 2622 1542 splendor
2666 1489 2849 1528 omnes
2878 1478 3098 1543 angulos
3146 1478 3334 1533 domus

1800 1554 2116 1608 penetraret,
2146 1556 2196 1596 et
2222 1542 2285 1595 ad
2307 1558 2490 1595 omnes
2512 1557 2779 1598 manune
2813 1545 2878 1595 ibi
2910 1542 3233 1610 perveniret;
3264 1549 3338 1600 si-

1798 1612 1989 1663 militer
2009 1611 2216 1682 Christo
2247 1614 2295 1664 in
2326 1612 2497 1664 medio
2538 1613 2737 1673 mundi,
2778 1614 2875 1664 hoc
2904 1624 3003 1674 est,
3056 1629 3104 1665 in
3131 1614 3340 1682 Judea,

1799 1696 1912 1747 quae
1938 1680 2275 1732 circnmclusa
2299 1682 2537 1747 gentibus
2563 1691 2694 1743 erat,
2726 1684 2913 1747 posito,
2945 1684 3089 1748 quasi
3113 1680 3335 1738 ardente

1730 1778 1772 1837 Β
1801 1748 2485 1837 rogatis-lusit.fulsiteniin
2515 1750 2793 1837 miraculis,
2822 1760 2881 1837 et
2910 1753 3066 1837 caluit
3097 1753 3148 1805 in
3176 1757 3336 1807 verbo

1799 1832 1831 1883 p
1860 1817 2177 1871 :edicatiiinis
2199 1818 2377 1870 notitia
2401 1819 2533 1883 ejus,
2560 1826 2615 1870 et
2640 1832 2731 1883 per
2751 1832 2809 1870 se
2833 1828 2884 1869 et
2916 1832 3181 1884 praecones
3209 1837 3335 1876 suos

1794 1886 1864 1959 ait»
1884 1902 2063 1939 omnes
2091 1886 2340 1959 pervenit.
2370 1886 2432 1939 Et
2463 1900 2736 1959 possumus
2755 1901 2942 1959 voeare
2962 1888 3190 1959 calorem
3219 1892 3334 1959 ejus

1796 1956 2128 2027 dilectionem
2172 1958 2312 2008 illam
2351 1969 2455 2023 qua
2495 1970 2552 2008 se
2600 1955 2809 2027 tradidit
2860 1969 2967 2027 pro
3001 1957 3168 2027 nobis,
3216 1955 3334 2027 qua

1797 2024 2038 2076 omnibus
2066 2039 2157 2091 per
2174 2038 2439 2091 praecones
2464 2025 2759 2077 annuntiata
2788 2023 2992 2091 esttEt
3020 2025 3137 2080 ideo
3166 2023 3337 2082 nullus

1796 2103 1889 2157 per
1917 2090 2258 2158 ignorantiam
2285 2107 2343 2144 se
2364 2107 2623 2161 excu~are
2653 2102 2841 2153 potest.
2892 2090 3073 2147 Potest
3095 2100 3337 2161 superior

1796 2173 2001 2222 versus,
2025 2163 2245 2221 scilicet,
2272 2162 2324 2213 in
2344 2160 2447 2214 sole
2473 2162 2636 2228 posuit
2658 2162 3030 2214 tabernaculum
3052 2160 3219 2231 suum,
3246 2166 3341 2219 ali-

1795 2238 1873 2281 ter
1898 2231 2227 2293 continuari,
2260 2240 2308 2281 et
2342 2232 2525 2295 partim
2555 2232 2761 2296 exponi,
2813 2240 2867 2281 ut
2891 2232 2958 2281 sit
2986 2232 3182 2287 dictum
3206 2250 3333 2289 cou-

1797 2305 1873 2349 tra
1900 2296 2194 2358 hereticos,
2219 2298 2305 2365 qui
2334 2299 2469 2361 apud
2507 2313 2564 2351 se
2592 2300 2734 2351 solos
2769 2299 3011 2353 dicebant
3036 2314 3155 2354 esse
3184 2306 3338 2358 Chri-

1794 2376 1951 2429 stum,
1996 2370 2129 2420 sicut
2162 2366 2291 2431 Afri,
2333 2380 2571 2436 tempore
2618 2368 2754 2420 beati
2801 2368 3096 2436 Augustini,
3148 2370 3334 2427 heresi

1797 2440 1939 2496 tacti,
1966 2436 2227 2499 dixerunt,
2268 2435 2595 2488 occasionem
2623 2435 2947 2489 assiuneutes
2974 2440 3039 2492 de
3068 2453 3218 2492 versu
3243 2442 3332 2495 illo

1793 2502 2127 2557 Canticorum
2174 2518 2277 2571 quo
2304 2506 2527 2558 dicitur:
2564 2505 2658 2558 Ubi
2685 2506 2833 2558 cubas
2875 2507 2926 2557 in
2954 2507 3205 2561 meridie?
3232 2509 3334 2563 Pu-

1794 2574 1969 2624 tahaiit
1992 2576 2130 2643 enim
2159 2574 2258 2643 hoc
2282 2575 2343 2625 ad
2372 2574 2615 2643 litteram,
2644 2573 2992 2643 iiiteliigentes
3019 2579 3082 2631 ad
3109 2592 3166 2632 se
3192 2580 3334 2632 solos

1792 2650 1999 2708 propter
2022 2641 2189 2713 situm,
2208 2642 2303 2694 loci
2334 2642 2413 2695 sui
2439 2644 2619 2713 reierri
2644 2658 2660 2704 ;
2707 2652 2758 2695 et
2784 2641 2852 2697 ita
2880 2644 3113 2713 dicemus
3139 2664 3154 2700 :
3200 2651 3331 2713 Quia

1790 2722 1952 2784 sontis
1996 2711 2344 2784 apostolorum
2372 2712 2448 2784 ad
2477 2726 2661 2764 omnes
2689 2716 2959 2784 pervenit,
2992 2712 3124 2784 ideo
3168 2711 3334 2784 gloria

1791 2776 1882 2831 Dei
1906 2778 2467 2855 posuitiabernacultim
2488 2795 2651 2841 suum,
2686 2776 2735 2831 id
2756 2776 3194 2855 est,__Ecclesiaitt:
3221 2802 3339 2855 quin

1792 2848 2125 2899 tabernaculo
2165 2859 2512 2915 comparatur,
2560 2859 2615 2900 ut
2636 2862 2791 2916 supra
2838 2850 3034 2904 dictum
3062 2848 3186 2915 est:
3228 2848 3333 2909 non

1788 2916 1961 2983 aliquo
1987 2916 2171 2983 angulo
2194 2926 2347 2970 teri-te
2371 2927 2587 2982 tantum,
2612 2928 2666 2971 ut
2694 2918 2921 2973 haeretici
2948 2921 3141 2984 dicunt,
3166 2923 3258 2977 sed
3278 2926 3331 2976 iit

1788 2986 1912 3047 sole,
1941 2985 1989 3037 id
2014 2995 2113 3051 est,
2146 2986 2419 3038 manifesto
2445 2990 2578 3051 apud
2608 3001 2793 3040 omnes
2813 3004 2925 3039 eain
2946 2989 3227 3043 dilatando.
3264 2995 3332 3046 Et

1791 3053 1906 3127 ideo
1934 3053 1985 3106 iii
2007 3055 2305 3127 manifesto,
2326 3056 2442 3127 quia
2474 3056 2583 3123 ipse
2607 3056 2943 3127 essultavitAut
2962 3056 3124 3125 gigas,
3153 3059 3203 3112 id
3226 3070 3327 3127 est,

164 3102 1684 3197 ἰᾷὖοῖ-έέιῖιὶῖιῖἶιὲἓέἔιὲὶίἷἷὶῑὲῖξίέἓὶίςῖιῖἱυῖᾟῇἓ’ἷιῖιῖῧὶ

1787 3102 2165 3197 posset;
2176 3102 2319 3176 2.1m;
2337 3102 3325 3197 iurari.)sireis;inme;11.5.}:

158 3194 277 3247 sole
305 3193 498 3265 aliquid
528 3193 770 3265 operatur
790 3198 998 3264 gravius
1020 3193 1236 3263 laboi-at,
1262 3193 1414 3265 quam
1436 3193 1684 3265 qui'extra

159 3266 349 3315 solem.
385 3262 472 3316 Vel
500 3265 648 3315 aliter
675 3280 687 3312 :
721 3262 899 3317 Posuit
924 3268 974 3318 iit
998 3268 1120 3330 sole,
1162 3262 1342 3329 idest,
1376 3269 1427 3319 in
1453 3262 1687 3321 manife-

157 3341 243 3383 sto
268 3332 636 3404 tabernaculuiti
664 3348 827 3386 suum.
872 3333 1028 3387 Iulia
1058 3336 1196 3389 enim
1242 3337 1488 3401 prmelara
1540 3339 1683 3404 signa

161 3412 212 3451 ei
241 3401 583 3472 prgcedentia
613 3404 1047 3472 etgprarsentia,et
1072 3404 1464 3472 subsequentia,
1490 3401 1686 3458 adven-

162 3477 272 3519 tiiin
299 3468 412 3533 ejus
443 3482 563 3522 vere
588 3470 980 3523 rationabilibus
1022 3468 1352 3525 manilesium
1393 3474 1520 3526 satis
1546 3472 1685 3527 fece-

158 3546 300 3610 runt,
330 3550 448 3589 cum
478 3538 896 3610 etiamqutedam
920 3540 986 3593 de
1011 3538 1447 3610 irrationabilist
1476 3541 1681 3610 inpren-

158 3606 271 3670 sepi
298 3618 420 3677 eum
450 3606 755 3677 cognovisse
774 3606 1053 3674 Scriptura:
1083 3616 1351 3661 testentur.
1383 3607 1447 3662 Et
1473 3606 1568 3677 per
1587 3612 1683 3667 hoc

159 3675 545 3746 posuitiu_sole,
575 3688 879 3743 quocunque
911 3677 1063 3729 modo
1087 3677 1307 3741 dicatur,
1357 3675 1485 3745 quia
1507 3694 1683 3746 proce-

158 3743 280 3792 deus
306 3743 605 3817 detliolanto
631 3759 741 3817 suo,
792 3748 840 3797 id
868 3754 968 3817 est,
1008 3747 1071 3817 de
1099 3746 1334 3817 virginali
1378 3743 1549 3817 utero,
1594 3749 1683 3817 qui

160 3818 304 3863 recte
328 3808 517 3882 dic_itur
544 3814 801 3882 thalamus
822 3852 836 3876 ,
865 3816 983 3882 quia
1029 3814 1079 3865 iii
1108 3808 1202 3868 illo
1244 3808 1561 3870 humanitate
1599 3808 1686 3870 as-

157 3890 361 3953 sumpta
390 3876 677 3953 Ecclesiam
718 3882 815 3935 sibi
866 3876 1105 3951 tanquam
1153 3898 1394 3948 sponsam
1443 3887 1679 3953 sociavit,

158 3948 448 4018 procedens,
466 3948 614 4018 dico,
645 3960 877 4018 tauquam
898 3948 1126 4018 sponsus,
1160 3953 1209 4003 id
1243 3962 1341 4015 est,
1372 3964 1584 4006 ornatus
1612 3948 1682 4008 ita

159 4015 748 4080 interiuspletiitudiue
797 4015 1099 4082 divinitatis,
1144 4029 1195 4071 et
1220 4019 1516 4083 virtutibus,
1571 4032 1682 4075 tan-

156 4099 309 4151 quini
338 4087 512 4151 sponsi
543 4086 828 4152 procedere
872 4090 1043 4139 solent
1087 4088 1153 4139 ile
1181 4089 1422 4141 thalamis
1448 4093 1553 4142 suis
1590 4105 1676 4143 or-

158 4153 263 4205 nati
293 4155 548 4222 Aexterius,
598 4163 645 4206 et
686 4156 808 4222 ipse,
858 4156 909 4207 id
951 4164 1051 4220 est,
1101 4158 1356 4209 notabilis.
1406 4156 1531 4211 Nam
1561 4174 1679 4213 cum

156 4220 304 4273 inulti
331 4222 500 4275 ornati
530 4220 903 4289 processissent
926 4225 975 4276 iii
996 4228 1131 4279 hunc
1154 4227 1423 4288 mundum,
1447 4236 1501 4279 ut
1519 4227 1679 4281 Joan-

156 4303 250 4362 nes
274 4292 496 4358 Baptista
536 4301 589 4344 et
610 4293 697 4345 alii
729 4294 875 4355 tales,
907 4296 1002 4347 iste
1029 4304 1198 4347 tamen
1226 4310 1409 4349 omnes
1431 4298 1677 4362 excessit,

156 4360 272 4426 quia
321 4363 461 4413 solus
504 4362 639 4431 inter
682 4370 915 4431 mortuos
952 4377 1071 4431 vere
1097 4364 1225 4416 liber
1260 4363 1375 4417 fuit.
1423 4364 1558 4431 Ipse,
1600 4360 1679 4418 in;

1789 3191 2073 3243 Ecclesiam
2100 3206 2189 3257 per
2214 3193 2478 3259 apostolos
2501 3192 2717 3256 ill‘wle,
2744 3194 2794 3246 id
2832 3204 2933 3259 est,
2982 3194 3034 3247 in
3066 3191 3321 3254 laborem.

1784 3260 1895 3312 Non
1920 3264 2057 3312 enim
2079 3262 2298 3328 apostoli
2321 3260 2619 3315 docuerunt
2657 3263 2981 3328 corporalem
3022 3264 3327 3321 delectatio-

1784 3343 1923 3402 nem,
1937 3329 2029 3402 scd
2048 3330 2295 3402 laborem,
2313 3330 2529 3402 scilicet,
2545 3340 2599 3384 ut
2613 3329 2976 3399 quiCbristum
2998 3347 3322 3402 sequereaur,

1782 3397 1915 3470 sicut
1936 3400 2045 3464 ipse
2074 3398 2355 3470 ambulavit
2374 3397 2679 3453 ambularet.
2709 3403 2767 3452 Et
2803 3402 2919 3453 ideo
2943 3397 3113 3470 pusuit
3134 3418 3248 3456 eam
3272 3397 3323 3459 iii

1784 3466 1981 3528 labore,
1998 3468 2114 3532 quia
2130 3467 2285 3519 etiam
2312 3468 2419 3532 ipse
2441 3470 2577 3520 venit
2596 3472 2658 3519 ad
2681 3470 2907 3523 laborem
2926 3466 3071 3533 {non
3098 3475 3160 3523 ad
3182 3475 3324 3528 dele-

1781 3538 2079 3585 ctationem.
2097 3535 2221 3586 Nam
2237 3536 2341 3599 ipse
2356 3535 2622 3599 procedens
2636 3538 2698 3589 de
2711 3539 2929 3590 thalamo
2945 3544 3321 3600 suo,exsultavt't

1779 3617 1865 3677 ens
1883 3605 2104 3677 utgigas,
2121 3613 2173 3656 ut
2192 3604 2488 3677 praedictum
2507 3616 2605 3677 est.
2619 3606 2842 3677 Venitad
2858 3610 3152 3671 currendum
3170 3613 3326 3677 siam,

1782 3673 1830 3743 i_d
1859 3683 1955 3735 cst,
1988 3672 2053 3725 ad
2082 3686 2290 3726 cursum
2317 3674 2626 3728 obedientize
2652 3676 2895 3743 injuncta:
2923 3672 3317 3743 perliciendum.

1780 3740 1945 3805 Quem
1974 3743 2314 3813 sicgpetlecit,
2336 3744 2465 3813 quia
2497 3740 2736 3813 egressus
2759 3756 2837 3796 est
2874 3761 2902 3795 a
2924 3740 3135 3800 summo
3161 3752 3315 3813 cielo,

1783 3814 1833 3862 id
1860 3821 1960 3874 est,
1994 3824 2025 3862 a
2057 3811 2225 3875 Patre,
2256 3812 2475 3874 scilicet,
2523 3811 2790 3865 descendit
2820 3817 3115 3868 incarnatus
3143 3828 3195 3871 et
3222 3811 3317 3871 na;

1782 3890 1863 3931 tus
1887 3888 1987 3951 est,
2015 3881 2194 3951 crevit,
2224 3879 2421 3944 docuit,
2444 3890 2702 3951 mortuus
2727 3895 2825 3945 eat,
2872 3896 2923 3936 et
2951 3890 3204 3951 sepultus,
3238 3903 3318 3940 re-

1778 3950 2022 4000 surrexit.
2052 3945 2124 4021 Et
2144 3961 2377 4021 occursus
2404 3949 2512 4017 ejus
2545 3966 2696 4021 usque
2734 3953 2800 4001 ad
2825 3945 3071 4005 summum
3106 3945 3235 4021 ejus,
3264 3959 3313 4008 iil

1778 4025 1879 4089 est,
1920 4017 2170 4081 ascendit,
2201 4026 2254 4069 et
2280 4017 2343 4069 ad
2372 4017 2633 4071 dextrani7
2652 4021 2815 4071 Pati-is
2842 4022 3003 4089 sedit.
3042 4017 3165 4075 lude
3193 4017 3313 4089 Spi-

1778 4084 1932 4158 rituiii
1960 4094 2197 4139 sanctum
2225 4099 2384 4153 super
2412 4090 2675 4152 apostolos
2702 4089 2863 4158 misit,
2913 4094 2963 4142 in
2994 4088 3111 4158 igne
3136 4084 3311 4146 fenum

1780 4156 1950 4207 carnis
1975 4170 2641 4224 arsurumgAauruinrvero
2687 4156 2929 4223 virtutum
2976 4156 3309 4224 piobaturum

1775 4232 1828 4301 et
1852 4238 2208 4301 purgaturum.
2240 4220 2383 4300 Uitde
2403 4223 2501 4290 ipsi
2531 4220 2821 4301 conﬁrmati
2841 4220 2997 4301 sunt,
3011 4230 3311 4283 constanter

1780 4291 1969 4357 ubique
1995 4292 2212 4358 gloriam
2240 4291 2355 4359 ejus
2380 4297 2832 4347 annuntiaverunt.
2867 4297 2928 4348 Et
2952 4296 3069 4349 ideo
3099 4312 3200 4349 non
3230 4310 3311 4352 est

1778 4373 1862 4423 qui
1889 4360 2222 4432 abscondere,
2256 4360 2305 4414 id
2330 4370 2427 4426 est,
2475 4376 2728 4416 excusare
2765 4365 2946 4429 possit,
2993 4367 3072 4418 vel
3100 4367 3306 4432 debeat,

155 4443 326 4504 quam,
350 4443 455 4493 proi
474 4430 633 4504 edens
652 4428 1000 4504 exsultavit,“
1022 4440 1123 4504 est,
1143 4426 1523 4504 ειειιιιεριθξιη
1543 4426 1679 4487 hunc
1710 4426 1757 4485 D
1779 4442 1817 4504 is
1845 4428 2011 4504 calore
2036 4432 2167 4499 ejus,
2218 4432 2268 4482 id
2296 4442 2392 4493 est,
2423 4435 2547 4496 quin
2595 4426 2886 4504 perceperit
2931 4426 3165 4487 notitiam
3194 4426 3309 4504 ejus

157 4500 404 4547 mundum
432 4500 589 4558 venit,
621 4511 723 4549 non
751 4500 813 4549 ad
836 4498 1238 4561 immorandum,
1271 4500 1362 4553 sed
1386 4501 1452 4551 ad
1476 4517 1679 4554 curren-

152 4566 269 4651 gat-ii
297 4566 445 4644 aiant,
472 4566 521 4617 id
542 4574 641 4651 est,
668 4566 731 4618 ad
756 4571 1115 4651 peragendum
1133 4581 1342 4651 cursum
1366 4567 1517 4651 huius
1535 4575 1673 4624 vita.

154 4632 310 4705 Natus
338 4634 474 4705 enini
505 4644 602 4699 Cal,
630 4635 813 4700 crevit,
841 4635 1038 4705 docuit,
1068 4645 1121 4689 et
1142 4638 1359 4705 reliqua.
1408 4632 1473 4691 Et
1500 4639 1551 4691 in
1576 4654 1676 4693 ex-

152 4702 392 4773 sultando
439 4704 533 4756 fuit
562 4711 615 4755 ut
638 4705 797 4773 gigas.
844 4702 999 4773 Gigas
1042 4705 1180 4759 enim
1224 4702 1302 4759 est
1352 4715 1405 4759 et
1444 4707 1594 4761 velox
1621 4718 1676 4763 et

154 4771 331 4841 tortis.
352 4772 463 4835 Ipse
490 4771 702 4841 quoque
718 4783 772 4827 et
803 4771 947 4841 velox
978 4772 1093 4841 fuit,
1121 4774 1238 4841 quia
1269 4775 1408 4827 nulla
1430 4774 1673 4831 illecebra

152 4851 272 4891 eum
301 4840 550 4911 detinuit;
571 4840 629 4911 et
656 4843 804 4895 fortis
833 4840 947 4907 fuit,
976 4840 1094 4909 quia
1117 4840 1257 4896 iiiors
1280 4858 1398 4897 eum
1424 4857 1675 4911 superare

154 4920 257 4959 non
278 4909 462 4974 potuit,
489 4910 581 4979 sed
610 4910 677 4979 ab
707 4911 820 4976 ipso
848 4912 981 4963 vicia
1009 4911 1124 4964 fuit.
1154 4910 1278 4963 Item
1303 4909 1535 4979 gigantes
1559 4928 1674 4968 ser-

155 4984 393 5048 pentiiios
418 4978 578 5043 pedes
607 4978 851 5048 habuisse
868 4980 1260 5048 describuntur,
1300 4978 1485 5048 inquo
1516 4989 1668 5035 terra:

154 5042 475 5098 adurentia
516 5054 568 5099 et
614 5046 831 5101 humiles
858 5047 985 5101 licet
1028 5048 1152 5111 sitit,
1198 5047 1358 5101 fortes
1399 5042 1667 5105 notantur.

157 5112 392 5166 Christus
455 5128 659 5181 quoque
713 5116 805 5168 fuit
863 5116 1071 5170 humilis
1125 5116 1482 5170 misericordia
1536 5119 1667 5173 infra

154 5194 352 5244 manu,
381 5184 649 5250 majestate
675 5197 799 5239 vero
824 5186 971 5238 tortis
1010 5198 1164 5253 supra
1209 5200 1413 5239 omnes.
1443 5185 1665 5241 Rursum

190 5253 294 5321 igne
317 5253 451 5305 altus
484 5267 701 5321 corpore
726 5264 824 5318 est,
872 5262 927 5306 et
952 5254 1192 5307 Christus
1233 5269 1357 5308 vere
1397 5254 1532 5307 altus
1573 5255 1670 5309 luit

237 5323 414 5386 nitate,
460 5326 575 5389 quia
611 5337 837 5391 egressus
864 5326 972 5389 ejus
1012 5334 1097 5391 est
1136 5338 1167 5373 ι
1194 5338 1389 5375 summa
1432 5328 1583 5391 calo,
1616 5326 1665 5379 id

152 5395 249 5450 est,
269 5402 506 5456 egressus
528 5390 694 5458 ejus’e
713 5392 827 5449 sinu
852 5391 1036 5445 Patris.
1085 5390 1236 5445 Pater
1263 5396 1399 5443 enim
1426 5402 1504 5445 est
1524 5390 1667 5446 suin-

154 5468 286 5529 Itium
312 5460 523 5529 cielum,
553 5461 671 5527 quia
695 5473 773 5513 est
806 5464 1026 5529 primum
1053 5466 1240 5514 cmlum
1272 5476 1371 5513 non
1394 5462 1661 5529 dignitate,

152 5525 230 5595 vel
258 5528 502 5592 potentia,
552 5525 642 5581 sed
688 5525 888 5592 ordine,
932 5528 1049 5595 quia
1082 5544 1181 5583 non
1208 5539 1287 5582 est
1335 5535 1401 5581 ab
1423 5525 1545 5594 aiio,
1572 5534 1664 5583 sed

154 5590 233 5666 lux
257 5590 344 5660 per
371 5609 429 5649 se
458 5590 556 5650 est.
582 5595 750 5666 Filius
777 5590 899 5651 vero
927 5590 1114 5650 dicitur
1142 5602 1332 5651 cmluni
1371 5599 1512 5661 cmli,
1531 5590 1663 5666 quia

151 5660 309 5714 lumen
337 5666 401 5717 de
430 5666 625 5720 lu'tnitie
655 5665 807 5721 Patre
828 5678 925 5721 cst.
972 5666 1195 5734 Spiritus
1237 5679 1444 5721 sanctus
1487 5660 1659 5722 auieiii

1779 4498 2084 4567 simpliciter
2131 4509 2186 4551 ut
2216 4513 2376 4564 prius,
2427 4507 2504 4552 vet
2534 4498 2658 4567 quin
2686 4502 2907 4555 senserit
2955 4498 3306 4559 fervoreiii'et

1774 4566 2025 4642 doctrina:
2053 4577 2105 4623 et
2130 4568 2459 4642 dilectionii.‘
2485 4566 2639 4636 quam
2688 4572 2907 4624 contulit
2945 4574 3167 4641 Spiritus
3193 4576 3308 4642 ejus

1774 4638 2044 4704 apostolis,
2070 4647 2120 4690 et
2146 4652 2237 4704 per
2265 4652 2355 4689 eos
2378 4638 2512 4689 aliis.

1850 4703 1953 4758 La
1984 4703 2179 4757 Domitii
2209 4707 2542 4758 immaculata.
2582 4707 2710 4760 Vere
2739 4708 2908 4759 nullus
2932 4708 3086 4762 debet
3128 4722 3185 4761 se
3213 4724 3305 4765 ex-

1774 4786 1960 4845 cusare
1985 4779 2049 4825 ab
2078 4790 2192 4845 eius
2218 4777 2420 4845 notitia,
2449 4780 2539 4829 sed
2569 4777 2788 4830 libenter
2819 4793 2937 4829 eum
2962 4792 3301 4845 cognoscere,

1772 4851 1824 4912 et
1854 4842 2017 4908 legem
2046 4841 2158 4910 i-jus
2187 4857 2305 4895 cum
2331 4844 2439 4909 jam
2469 4848 2809 4912 suscepisset,
2835 4849 2998 4911 legem
3024 4841 3158 4899 Servi
3188 4841 3306 4902 διιδὶ

1767 4910 2111 4980 cipere,.quia
2140 4926 2256 4965 cum
2294 4915 2373 4967 lex
2407 4917 2540 4967 servi
2570 4910 2708 4965 esset
2750 4910 3001 4964 iiiacu’lata
3051 4927 3298 4980 quantum

1770 4979 2082 5049 adlitteraiu
2108 5019 2125 5043 ,
2181 4996 2298 5033 cum
2328 4982 2560 5036 diceret:
2594 4982 2783 5049 Diliges
2823 4984 3037 5033 amicum
3065 4979 3221 5044 luunt,
3253 4996 3301 5035 et

1770 5048 1885 5099 odio
1928 5048 2129 5101 habebis
2166 5051 2425 5103 inimicam
2452 5062 2619 5113 satiat,
2665 5048 2715 5103 et
2745 5050 2859 5117 quia
2890 5054 3204 5103 concedebat
3232 5055 3297 5101 li-

1770 5117 1964 5169 beltuin
2002 5121 2202 5185 repudii
2251 5121 2458 5173 mittere
2486 5122 2765 5182 uxoribus,
2818 5128 2873 5172 et
2899 5128 3087 5172 cetera
3136 5119 3290 5177 talia,

1769 5200 1863 5251 per
1894 5188 2034 5254 quod
2062 5190 2249 5241 inultos
2280 5188 2497 5241 faciebat
2531 5191 2835 5253 maculatos,
2868 5190 2967 5240 Lex
2991 5187 3212 5250 Domitii,
3241 5186 3291 5238 id

1767 5265 1847 5307 est
1873 5270 2003 5307 nova
2036 5259 2115 5308 lex
2141 5257 2368 5319 Christi,
2419 5271 2496 5309 est
2540 5260 2878 5320 immaculata,
2914 5271 3029 5325 quae
3056 5272 3085 5309 e
3113 5264 3293 5317 contra

1768 5326 2002 5390 praecipit
2039 5334 2092 5377 et
2128 5326 2387 5376 inimicum
2417 5326 2666 5393 diligere,
2695 5340 2745 5379 et
2775 5328 2929 5378 dicit:
2959 5326 3103 5388 Quod
3125 5326 3166 5375 si
3186 5326 3294 5391 quis

1766 5394 2002 5443 dimiserit
2030 5408 2232 5463 uxorein
2254 5430 2270 5457 ,
2321 5396 2418 5446 nisi
2439 5412 2588 5447 eausa
2617 5396 2959 5463 fornicationis
2984 5433 2999 5454 ,
3047 5403 3090 5463 et
3140 5395 3292 5442 altam

1765 5463 1981 5534 duxerit,
2025 5461 2291 5513 meliores
2320 5475 2425 5525 est,
2470 5475 2521 5517 et
2560 5461 2772 5528 reliqua.
2809 5463 2867 5534 Et
2896 5474 3013 5513 cuiu
3040 5461 3122 5514 illa
3154 5466 3293 5534 esset

1765 5532 2051 5595 prohibens
2077 5544 2309 5593 manum,
2336 5548 2437 5585 non
2463 5534 2723 5584 instruens
2749 5532 2998 5591 animum,
3028 5541 3083 5581 ut
3114 5530 3289 5593 prohi-

1765 5599 1909 5650 beret
1955 5596 2230 5653 all-actum.
2284 5600 2395 5653 lta-c
2444 5600 2651 5653 instruit
2696 5600 2895 5649 animas
2945 5611 3045 5649 non
3078 5598 3291 5665 timore

1766 5684 1848 5731 νω
1874 5681 1956 5732 .ze,
1984 5667 2074 5721 sed
2096 5669 2159 5720 ad
2186 5682 2242 5721 se
2271 5669 2571 5722 imitandum
2604 5669 2837 5722 libertate
2860 5672 3192 5727 convertens,
3242 5668 3301 5714 et
