3912 6230
599 464 691 518 πηι

1052 461 1245 513 Πῐσίῐὶιίιί
1288 458 1730 513 \"ENERMHLIS
1770 459 1914 514 OPP.
1957 457 2128 514 PARS
2169 457 2226 512 ll.
2269 457 2459 514 SECT.
2497 459 2560 516 Il.
2596 485 2666 502 --
2703 458 2903 516 DUBIA
2948 458 3033 513 ΕΤ
3070 458 3337 514 SPL'RM.

3711 459 3802 513 με

601 578 773 639 l'ater,
805 574 938 626 Deus
962 574 1192 623 omnium
1226 586 1316 635 per
1343 579 1602 633 naturam,
1627 585 1772 624 meus
1795 579 1965 626 autem
1995 572 2135 624 Deus
2164 574 2205 630 A
2239 572 2445 640 quando
2497 571 2738 625 inimicus
2789 571 3013 637 aliquem
3073 587 3134 624 ex
3186 573 3313 636 ipsis
3359 578 3678 637 continge-'9
3719 589 3800 638 sp.

596 644 927 716 singnlariter
951 656 1040 716 per
1073 643 1292 708 gratiam
1328 656 1431 705 pra:
1460 641 1576 693 aliis
1608 641 1732 716 mihi
1771 656 2090 716 concessam
2115 681 2130 705 ,

601 710 786 778 respice
833 728 929 770 me,
986 710 1036 762 id
1085 719 1184 771 est,
1219 725 1387 770 mens,
1421 725 1552 774 quos
1599 711 1725 762 olim
1769 711 2046 774 inspexisti
2081 712 2130 762 in

605 783 769 851 primo
800 792 1012 846 parente
1049 780 1101 851 in
1137 778 1452 851 abundantia
1482 781 1731 851 virtutum
1758 781 1952 851 posito,
1981 795 2135 846 quem

599 848 868 920 iniectum
915 865 1006 916 per
1048 848 1454 901 iuohedientiam
1502 848 2136 920 ejusdemuamiscrunt;

599 918 740 986 illos,
769 918 1002 990 inquam,
1033 920 1242 990 respice
1269 933 1361 990 per
1407 931 1578 990 meam
1619 918 2000 990 ebedientiam,
2036 934 2138 990 quo

603 987 851 1056 respectu
870 1003 1002 1055 Opus
1027 999 1126 1050 est,
1159 987 1278 1054 quia
1310 987 1630 1054 dereliquisli
1673 1001 1764 1040 eos
1793 1002 1882 1053 per
1911 988 2010 1040 hoc
2039 989 2137 1040 sei-

606 1065 746 1122 licet,
777 1061 895 1126 quia
925 1059 1170 1123 praevalet
1202 1066 1432 1109 vetustas
1464 1056 1679 1126 peccati.
1718 1057 1780 1108 Et
1831 1071 1996 1120 quare
2048 1058 2139 1109 de-

602 1130 861 1196 reliquisti
907 1141 1008 1183 me.
1045 1127 1095 1178 id
1139 1136 1258 1187 est,
1313 1127 1498 1178 meus?
1549 1125 1691 1187 Ideo,
1739 1125 1983 1196 scilicet,
2019 1126 2138 1192 quia

604 1195 752 1264 longe
784 1198 1016 1251 fecerunt
1049 1204 1098 1250 te
1127 1204 1335 1262 peccata
1362 1210 1479 1246 esse
1506 1209 1536 1244 a
1566 1197 1725 1264 salute
1762 1210 1870 1244 mea
1893 1235 1907 1257 ,
1938 1195 1986 1246 id
2017 1204 2134 1256 est,

603 1257 863 1325 ineorum.
913 1266 1084 1335 Longe
1113 1257 1238 1316 enim
1265 1281 1294 1315 a
1324 1263 1663 1335 peccatoribus
1703 1272 1775 1315 est
1810 1264 1972 1317 salus.
2019 1265 2140 1318 lla‘c

602 1341 759 1394 verba
814 1337 968 1403 plane
1011 1333 1234 1387 innnunt
1275 1343 1427 1403 caput
1460 1349 1561 1384 non
1594 1333 1642 1383 in
1676 1347 1901 1400 persnna
1930 1347 2024 1386 sua
2057 1335 2142 1386 hic

601 1408 764 1477 loqui.
794 1402 1068 1472 Quomodo
1097 1404 1237 1477 enim
1268 1402 1569 1477 derelictus,
1599 1404 1888 1477 veLA‘longe
1913 1418 1946 1477 τι.
1971 1404 2140 1477 salute

605 1471 792 1537 factus,
821 1471 996 1541 posset
1027 1488 1144 1525 esse
1171 1472 1278 1536 ille,
1304 1471 1390 1536 qui
1421 1487 1536 1541 cum
1570 1471 1639 1524 sit
1671 1471 1831 1523 Filius
1862 1472 1969 1533 Dei,
2006 1471 2143 1525 Deus

606 1557 690 1602 est
715 1590 728 1610 ,
762 1540 907 1597 etde
938 1559 1040 1610 quo
1088 1542 1281 1592 dictmn
1313 1549 1395 1594 est
1424 1556 1437 1592 :
1474 1540 1606 1592 Deus
1659 1551 1766 1592 erat
1792 1542 1867 1610 Δἱιι
1904 1541 2138 1604 Christo,

606 1607 848 1669 mundum
895 1607 1217 1664 reconcilians
1247 1611 1376 1672 sibi;
1405 1621 1458 1662 et
1489 1625 1693 1662 rursum
1734 1626 1745 1660 :
1781 1607 1844 1660 In
1895 1611 2141 1676 principio

607 1698 714 1740 erat
753 1682 985 1742 Verbum,
1023 1691 1064 1733 et
1103 1679 1320 1731 Verbum
1371 1689 1473 1731 erat
1523 1679 1656 1742 apud
1687 1677 1868 1741 Deum,
1912 1690 1959 1731 et
2009 1679 2143 1732 Deus

610 1765 713 1809 erat
757 1752 986 1812 Verbum,
1032 1751 1166 1809 quod
1226 1749 1451 1800 Verbum
1502 1749 1827 1800 incarnatum
1887 1749 1934 1800 in
1986 1763 2144 1802 cruce

614 1825 893 1887 pendebat,
924 1833 976 1872 et
1016 1821 1125 1871 haec
1158 1820 1276 1870 talia
1306 1818 1552 1870 dicebat?
1587 1817 1772 1884 Utique
1814 1832 1913 1869 non
1947 1827 2141 1884 posset.

2239 647 2404 707 petit,
2455 651 2544 694 aut
2592 643 2826 700 molestia
2871 643 3159 706 corporali,
3220 650 3314 694 aut
3364 642 3560 708 aliqua
3618 643 3802 697 damna

2236 714 2507 771 exteriori,
2539 713 2807 764 autetiam
2841 721 3008 763 tnorte
3038 727 3272 771 suorum,
3304 721 3358 764 et
3405 714 3456 763 ei
3490 725 3784 764 concess-1.:-

2237 781 2414 844 fucrit,
2448 782 2532 834 ille
2554 782 2643 849 qui
2676 780 2992 846 contingitur
3026 781 3232 832 ﬁrmum
3261 795 3358 833 cor
3383 778 3439 830 in
3474 782 3572 831 illo
3599 783 3798 836 bal;ng

2236 854 2404 918 quise
2451 868 2551 902 non
2577 850 2854 911 subtrahit,
2885 849 2933 901 id
2977 859 3078 910 est,
3115 851 3165 901 in
3199 850 3327 912 Deo,
3356 851 3486 915 quia
3520 861 3574 902 et
3609 852 3651 902 si
3691 859 3800 904 sui»

2239 924 2400 972 trahit
2429 936 2607 971 aurem
2636 922 2856 984 ploranti
2883 921 3137 978 exterius,
3169 921 3609 974 misericordiam
3641 932 3804 972 tarn-ei.-

2238 991 2445 1055 apponit
2472 989 2769 1054 deprecanti
2795 989 3034 1040 interius.
3063 989 3214 1041 Novit
3235 991 3378 1041 enim
3429 989 3662 1042 reticere
3695 1009 3799 1048 ικςς,

2238 1061 2323 1122 qui
2355 1058 2470 1111 fecit
2503 1073 2618 1116 nos,
2646 1071 2720 1118 tu,
2749 1058 2885 1117 dico,
2919 1058 3006 1123 qui
3039 1075 3089 1111 es
3111 1057 3222 1110 laus
3255 1057 3450 1122 Israel,
3487 1059 3542 1109 id
3594 1068 3696 1120 est,
3725 1081 3801 1122 qh.

2242 1130 2374 1181 lacis
2400 1128 2715 1180 laudabilem
2740 1143 2971 1188 omnem,
3000 1129 3086 1196 qui
3118 1138 3195 1180 est
3228 1127 3416 1190 lsrael,
3455 1127 3504 1179 id
3539 1138 3647 1190 est,
3678 1133 3732 1180 in
3769 1149 3804 1168 ·-ι

2241 1199 2537 1254 intendens,
2566 1207 2616 1250 et
2643 1198 2824 1249 nonde
2856 1212 2912 1248 se
2939 1211 3277 1259 pra'sumens.
3298 1207 3353 1249 ut
3376 1212 3605 1250 manum
3629 1213 3798 1251 centra

2242 1272 2462 1320 velitum
2493 1269 2556 1317 ad
2582 1267 2759 1319 illicita
2791 1267 3058 1330 extendat,
3084 1269 3219 1318 sicut
3248 1268 3418 1319 Adam
3447 1268 3597 1319 fecit.

2312 1335 2374 1388 In
2405 1346 2449 1388 te
2479 1345 2820 1403 speraverant.
2865 1335 2957 1388 llic
2991 1346 3246 1400 retnonel,
3299 1352 3404 1388 non
3453 1351 3517 1389 ex
3552 1338 3800 1403 injus’n'a

2241 1407 2333 1459 Dei
2365 1408 2461 1456 hoc
2493 1422 2645 1467 esse,
2694 1407 2831 1472 quod
2879 1417 3002 1457 Suos
3058 1408 3346 1458 clamantes
3404 1421 3511 1457 non
3568 1413 3792 1466 exaudit

2241 1477 2330 1528 ενι]
2360 1479 2525 1527 notius
2554 1490 2615 1528 ex
2636 1488 2816 1526 eorum
2841 1476 2994 1539 culpa
3011 1489 3146 1536 esse,
3167 1475 3285 1539 quia
3311 1475 3611 1528 immundis
3641 1487 3798 1528 78th:;-

2242 1545 2553 1598 delictortnn
2585 1545 2831 1595 clamant.
2885 1543 3010 1596 Nam
3043 1543 3085 1595 si
3134 1545 3289 1610 digne
3320 1544 3628 1597 clamarent
3655 1587 3671 1606 .
3716 1563 3796 1600 ens

2241 1616 2528 1674 exaudiret,
2563 1615 2695 1666 sicut
2726 1623 2896 1679 patres
2931 1616 3149 1678 priores,
3187 1615 3521 1679 patriarchas
3578 1617 3792 1674 scilicet,

2242 1694 2294 1737 et
2319 1685 2435 1737 illos
2463 1699 2595 1753 quos
2637 1682 2702 1735 de
2735 1682 2959 1753 Aigypto
2984 1683 3180 1742 eduxit,
3213 1697 3238 1734 s
3258 1697 3356 1748 i-pe
3383 1685 3508 1750 quia
3541 1683 3727 1753 digne,
3756 1691 3794 1735 ιι]

2243 1765 2342 1817 ρει,
2377 1753 2545 1805 verbis
2573 1751 2818 1816 iustitiae,
2872 1752 3255 1814 clamaveruut,
3303 1751 3622 1805 exaudivit;
3659 1755 3792 1818 Quae

2247 1826 2326 1876 sic
2356 1823 2517 1874 dicit:
2553 1821 2728 1873 Patres
2761 1822 2937 1880 nostri,
2983 1822 3030 1872 id
3073 1829 3187 1880 est,
3237 1830 3613 1875 antecessmes
3647 1840 3791 1876 nos”.

609 1896 674 1948 Et
702 1893 839 1958 quia,
875 1892 992 1942 licet
1024 1890 1074 1941 in
1115 1902 1336 1960 persona
1368 1888 1718 1960 membrorum
1759 1888 1868 1939 lucc
1907 1887 2134 1960 dixerit,
2174 1903 2213 1960 Β
2244 1896 2306 1946 de
2330 1892 2486 1954 priori
2517 1891 2707 1960 populo
2736 1898 3078 1958 speraverant,
3113 1891 3164 1942 id
3218 1903 3300 1941 est
3329 1929 3343 1952 ,
3395 1907 3550 1956 spem
3578 1907 3726 1944 suam
3752 1897 3792 1943 is

607 1955 765 2017 verba
799 1973 970 2012 tamen
1001 1974 1186 2011 sonare
1215 1957 1452 2009 videntur
1481 1956 1602 2023 quid
1633 1959 1695 2008 de
1719 1971 1775 2008 se
1797 1955 1979 2022 egerit,
2012 1961 2136 2008 sub-

605 2033 764 2097 ditur,
795 2031 894 2082 lioc
939 2029 1303 2086 determinato,
1360 2025 1503 2078 verba
1544 2025 1848 2097 delictorum
1891 2042 2137 2078 meorum.

607 2095 769 2167 Quasi
801 2100 940 2151 dicat
971 2114 984 2149 :
1023 2098 1186 2167 Verba
1220 2111 1333 2162 qua:
1368 2095 1656 2167 ttunedixi,
1699 2095 1920 2159 scilicet,
1953 2100 2141 2167 respice

608 2164 661 2223 in
693 2187 785 2225 mc,
819 2166 1124 2231 dereliquisti
1156 2182 1229 2216 me
1254 2206 1266 2223 .
1317 2175 1367 2218 et
1419 2165 1618 2230 reliqua
1641 2203 1656 2226 ,
1708 2178 1808 2216 non
1840 2175 1960 2216 sunt
1985 2164 2140 2218 verba

606 2240 823 2305 iustitiae
852 2239 986 2287 dicta
1021 2237 1068 2287 in
1104 2248 1492 2305 personamea,
1535 2235 1625 2286 sed
1675 2241 1795 2285 sunt
1843 2235 1996 2305 verba
2047 2235 2139 2287 de-

610 2303 873 2368 lictorum,
904 2306 951 2357 id
984 2315 1082 2366 est,
1113 2315 1235 2356 sunt
1257 2304 1423 2379 ed'icta
1444 2304 1506 2379 in
1536 2316 1757 2379 persona
1790 2303 2142 2356 membrorum

610 2394 702 2446 pro
730 2378 936 2430 delictis
966 2371 1561 2446 ipsorum,quiedelicta
1593 2371 1848 2446 fecimea,
1884 2377 2002 2446 quia
2036 2388 2144 2441 pae-

613 2441 729 2501 iiam
759 2462 941 2500 eorum
968 2446 1015 2496 in
1041 2460 1122 2496 me
1148 2444 1386 2514 transtuli
1411 2483 1425 2505 ,
1458 2452 1514 2493 ιιι
1542 2450 1591 2494 ct
1618 2441 1714 2507 ipsi
1741 2443 1966 2514 iacerent
1988 2443 2145 2514 iusti-

611 2522 734 2570 tiam
762 2531 927 2567 meam
970 2531 1085 2566 esse
1114 2528 1282 2564 suam.
1311 2513 1474 2563 Aliter
1500 2513 1637 2562 enim
1667 2509 1811 2562 nefas
1842 2520 1926 2562 est
1955 2509 2148 2564 intelli-

609 2601 734 2653 gere
761 2587 859 2636 hoc
889 2584 954 2634 de
986 2584 1073 2633 ilio
1103 2583 1184 2646 qui
1214 2591 1469 2647 percolunt
1495 2595 1593 2630 non
1626 2580 1762 2645 fecit,
1804 2596 1892 2632 nec
1921 2580 2148 2634 inventus

613 2664 681 2708 est
706 2654 852 2705 dolus
882 2653 934 2702 in
963 2667 1047 2703 ore
1074 2653 1201 2719 ejus.

689 2721 825 2774 Deus
855 2738 1011 2784 mcus,
1047 2720 1270 2771 clamabo
1301 2734 1384 2778 per
1415 2719 1565 2770 diem.
1599 2719 1837 2772 Ostendit
1868 2733 1990 2770 suos
2025 2734 2150 2774 vere

611 2807 731 2846 esse
757 2792 863 2843 den
885 2790 1185 2858 lietns,quia
1219 2803 1314 2840 nec
1335 2789 1682 2858 exaniliuntur
1701 2791 1749 2840 in
1782 2789 2147 2856 prosperitate,

615 2875 711 2915 nec
738 2861 788 2913 in
818 2863 1151 2911 adversitale.
1205 2857 1360 2922 Quasi
1414 2859 1596 2910 dicat:
1649 2858 1780 2911 Vere
1825 2858 2149 2924 dereliquisli

614 2947 779 2984 meos.
813 2930 936 2981 t\'am
979 2939 1051 2989 et,
1084 2942 1115 2978 0
1146 2926 1281 2980 Dens
1327 2942 1493 2989 meus,
1526 2926 1750 2978 clamabo
1777 2941 1874 2995 ego
1901 2966 1913 2986 ,
1946 2927 1995 2978 id
2049 2936 2149 2993 est,

613 3000 914 3067 clattiabnnt
935 2996 1034 3067 mei
1060 2999 1122 3046 ad
1147 3005 1195 3048 te
1221 3010 1307 3061 per
1332 2995 1394 3045 di.
1415 2995 1572 3067 m,_id
1588 3007 1684 3067 est,
1718 3012 1807 3062 per
1839 2997 2156 3067 prOSperila~

617 3083 719 3123 tem
751 3065 1112 3135 temporalem,
1140 3082 1204 3118 ne
1227 3075 1469 3117 mutetur.
1489 3065 1550 3135 Et
1580 3065 1876 3118 clamabunt
1904 3066 1953 3117 in
1979 3077 2151 3134 nocte,

614 3141 664 3192 id
689 3147 790 3200 est,
816 3134 1225 3199 inadviersitate,
1246 3144 1299 3186 ut
1328 3135 1378 3185 iu
1407 3134 1588 3187 melius
1618 3145 1864 3187 mutetur.
1892 3135 1955 3187 Et
1983 3146 2154 3189 tamen

614 3210 733 3274 quia
765 3205 1045 3260 immundis
1078 3205 1254 3258 verbis
1275 3205 1581 3257 delictorum
1625 3206 1941 3267 clamabunt,
1978 3214 2030 3256 tu
2057 3222 2157 3262 non

614 3278 850 3329 exaudies
867 3290 988 3332 eos:
1025 3276 1298 3342 ctquudtu
1319 3290 1419 3324 non
1439 3275 1705 3334 exaudies,
1737 3289 1838 3324 non
1859 3284 2041 3341 reputo
2062 3289 2158 3340 ego

620 3347 730 3399 lieri
761 3345 903 3406 mihi,
925 3344 975 3395 id
998 3354 1096 3403 est,
1128 3343 1343 3405 titeis,ad
1366 3344 1784 3410 iusipicntiam,id
1811 3351 1910 3406 est,
1945 3353 1998 3396 ut
2029 3346 2157 3398 iusi-

620 3417 820 3483 pientes
846 3418 990 3475 tiant,
1022 3414 1112 3465 sed
1145 3421 1197 3463 ut
1221 3416 1444 3483 sapiant,
1480 3412 1615 3479 quod
1638 3426 1730 3465 eos
1755 3413 1981 3465 clamare
2009 3415 2158 3480 velis,

617 3481 833 3547 Scilicet,
869 3496 971 3534 non
1005 3481 1286 3535 immundis
1319 3483 1492 3535 verbis
1539 3483 1850 3535 delictorum
1884 3496 1976 3546 pro
2018 3484 2153 3536 desi-

617 3555 765 3607 derio
811 3555 1173 3619 tempoialium
1221 3565 1394 3604 rerum
1463 3551 1526 3603 ad
1575 3551 2002 3615 damnationem,
2067 3553 2158 3606 sed

617 3626 789 3677 verbis
817 3623 1176 3675 eonveisionis
1225 3636 1373 3673 novae
1419 3623 1482 3672 ad
1514 3620 1643 3674 tein
1687 3619 1842 3673 vitam
1886 3631 2157 3676 :eternam.

617 3694 899 3747 Sciendum
923 3693 1058 3757 quod
1087 3692 1226 3743 Deus
1266 3691 1365 3742 hoc
1394 3691 1531 3756 quod
1562 3703 1684 3742 suos'
1734 3690 1782 3741 in
1829 3689 2159 3745 tribulatione

619 3779 725 3816 non
775 3760 1002 3820 exaudit,
1036 3759 1102 3810 ad
1152 3774 1389 3824 magnam
1446 3774 1623 3811 eorum
1678 3761 1946 3811 utilitatem
1995 3759 2157 3826 facit,

621 3832 826 3884 scilicet
857 3839 910 3880 ut
935 3829 1228 3896 intelligant
1254 3833 1420 3893 ipsum
1453 3828 1710 3880 medicum
1741 3843 1878 3894 esse,
1915 3838 1967 3882 et
1992 3831 2157 3883 tribu-

621 3899 871 3952 lationem
924 3897 1358 3950 medicamentum
1389 3911 1506 3950 csse
1535 3898 1600 3950 ad
1631 3899 1874 3961 salutem,
1909 3914 2011 3952 non
2045 3915 2158 3965 pa:-

625 3983 742 4021 natn
773 3969 836 4017 ad
866 3965 1290 4036 damnationem;
1323 3968 1456 4019 sicut
1505 3977 1555 4020 ιιι
1593 3968 1780 4036 aliquis
1809 3969 1906 4021 sub
1933 3971 2162 4022 medica-

623 4045 800 4091 mento
825 4039 1039 4100 positus,
1063 4035 1181 4087 dum
1205 4039 1414 4094 secaris,
1442 4036 1564 4088 dum
1591 4035 1778 4100 ureris,
1797 4037 2030 4090 medicus
2054 4055 2154 4092 non

621 4105 834 4160 exaudit
851 4113 898 4156 te
919 4105 1231 4156 clamantem
1261 4105 1324 4156 ad
1351 4106 1686 4166 voluntatem,
1706 4107 1810 4159 imo
1827 4108 1888 4158 ad
1913 4108 2154 4162 salutem.

623 4177 834 4231 Multum
856 4180 998 4228 enim
1029 4173 1222 4241 profuit
1252 4175 1412 4227 Paulo
1441 4175 1576 4242 quod
1621 4190 1712 4240 pro
1749 4177 1960 4229 stimulo
1986 4181 2160 4231 carnis

620 4247 898 4298 exauditus
931 4260 1033 4296 nou
1062 4244 1176 4307 l'uit,
1210 4245 1326 4312 quia
1357 4255 1408 4296 et
1434 4257 1594 4297 Virtus
1621 4248 1732 4312 ejus
1762 4247 1812 4297 in
1856 4245 2159 4301 inlirmitate

624 4314 761 4380 magi
774 4342 791 4358 κ
805 4314 1009 4376 enituit,
1025 4323 1074 4364 et
1086 4316 1203 4380 quia
1221 4315 1389 4367 verbis
1402 4314 1731 4379 delictorum,
1745 4313 1797 4368 id
1811 4324 1910 4378 est,
1926 4329 2017 4381 pro
2038 4325 2142 4368 tein

627 4383 801 4452 ιιοιειιιιΔ
812 4383 984 4452 salute
1013 4382 1276 4452 clamavit,
1302 4395 1513 4450 pr0pter
1533 4384 1668 4452 quod
1687 4385 1922 4437 exattdiri
1951 4401 2051 4438 non
2076 4387 2161 4440 de-

625 4451 754 4503 buit.
787 4449 969 4502 Verbis
991 4450 1127 4502 enim
1159 4449 1467 4504 delictorum
1499 4449 2022 4521 clamat,quicunque
2067 4471 2160 4520 pro

630 4521 903 4589 temporali
931 4521 1207 4589 commodo
1235 4523 1479 4587 postulat.
1512 4523 1564 4574 Si
1602 4525 1715 4589 quis
1756 4533 1930 4575 autem
1961 4533 2158 4589 quazrat

627 4579 790 4656 quare
819 4588 952 4641 Deus
980 4588 1134 4659 [:tdd.
1166 4579 1273 4659 qui]
1293 4605 1418 4641 suos
1441 4592 1489 4642 in
1517 4579 1850 4644 tribulatione
1877 4579 2159 4646 immundis
2193 4579 2240 4638 D

631 4659 802 4732 verbis
820 4661 1127 4712 tleliCtorum
1145 4661 1429 4726 clariiantes
1443 4675 1542 4711 non
1563 4661 1789 4732 exaudit,
1805 4663 2058 4726 quosdam
2077 4665 2163 4732 qui

625 4744 704 4782 διο
731 4731 1248 4800 clamassevidentur
1275 4731 1626 4800 exaudiverlt,
1654 4731 1787 4782 sicut
1818 4743 1921 4784 tres
1953 4731 2161 4800 pueros,

628 4814 759 4863 quos
784 4801 847 4851 de
875 4799 1077 4850 rainino
1108 4801 1242 4866 ignis
1274 4799 1533 4861 liberavit,
1565 4811 1617 4853 et
1645 4801 1906 4853 Danielem
1933 4799 1999 4854 de
2030 4806 2161 4863 lacu,

627 4880 680 4921 et
707 4878 905 4919 busattn
927 4886 991 4918 :m
1020 4873 1084 4919 de
1116 4873 1244 4918 la’lso
1272 4871 1491 4919 crimine
1517 4883 1532 4931 ;
1563 4871 1689 4920 sciat
1722 4886 1822 4921 non
1855 4871 1970 4924 illos
1998 4873 2168 4924 verbis

630 4939 938 4989 delictonnn
970 4939 1241 4998 clainaSse,
1269 4948 1318 4988 et
1341 4939 1584 4988 liberatos
1613 4941 1953 5005 corporaliter
1975 4944 2040 4992 ob
2069 4946 2168 4994 hoc

633 5016 828 5078 tantum
852 5020 986 5069 esse,
1012 5016 1274 5078 utcorum
1303 5008 1519 5078 salvatio
1544 5007 1658 5078 aliis
1680 5022 1820 5060 esset
1849 5013 2163 5078 exemplum.

635 5076 737 5126 Nec
764 5076 1177 5140 prietcreundum
1203 5077 1339 5141 quod
1367 5079 1500 5128 sicut
1523 5076 1727 5141 quidam
1754 5093 1854 5129 non
1876 5076 2162 5132 erati—uiuu-

634 5154 714 5194 tur
757 5145 1113 5208 extrinsecus,
1162 5161 1279 5197 cum
1331 5156 1501 5197 tamen
1556 5147 1780 5198 maxime
1828 5150 2171 5202 exaudiantur

612 5211 948 5264 intrinsecus
977 5215 1040 5264 ad
1089 5217 1332 5272 salutem.
1366 5217 1436 5266 ita
1467 5219 1676 5283 quidam
1728 5217 2076 5269 exaudiuntur
2106 5223 2168 5268 ad

633 5283 1039 5343 damnationem,
1073 5292 1125 5332 nt
1154 5283 1389 5336 diabolus
1419 5288 1466 5338 in
1502 5297 1863 5351 persecutione
1907 5289 2041 5338 beati
2073 5288 2171 5340 Job

630 5353 904 5404 exauditus
935 5351 1144 5417 quidem
1179 5352 1293 5414 fuit,
1323 5356 1412 5405 sed
1440 5359 1502 5405 ad
1525 5357 1938 5408 damnationem.

704 5419 782 5472 Tu
810 5433 972 5472 autent
1003 5422 1053 5472 in
1082 5429 1277 5472 sancto.
1303 5421 1410 5474 Hoc
1433 5425 1568 5489 quod
1594 5440 1737 5476 meos
1763 5426 1812 5475 in
1841 5425 1994 5476 tribnl
2017 5425 2175 5478 itione

634 5506 736 5543 non
767 5493 1005 5556 cxandis,
1042 5507 1142 5543 non
1176 5502 1256 5543 est
1304 5494 1366 5543 ad
1423 5493 1779 5557 insipientiam
1833 5496 2063 5555 quidem,
2095 5503 2175 5546 est

633 5569 806 5614 autem
832 5563 894 5611 ad
924 5566 1252 5625 sapientiam.
1292 5562 1388 5628 Qui
1421 5563 1668 5613 iIt/tttbitas
1689 5563 1741 5613 in
1763 5576 1952 5626 saneto,
1994 5564 2044 5614 id
2073 5573 2172 5622 est,

637 5630 688 5680 in
719 5631 827 5692 illo,
862 5645 1012 5697 quem
1059 5637 1177 5698 quia
1229 5647 1330 5684 noti
1381 5636 1620 5691 exaudis,
1650 5644 1965 5683 sanctiorem
2025 5633 2172 5698 lacis,

637 5701 855 5760 scilicet,
881 5711 933 5752 ut
962 5701 1212 5768 intelligat
1239 5717 1296 5753 se
1322 5716 1423 5753 non
1454 5704 1753 5753 exauditum
1781 5713 1898 5753 esse
1940 5701 2004 5753 ad
2037 5702 2177 5753 salu-

638 5778 758 5828 tem,
793 5772 903 5834 quia
937 5787 1066 5836 quos
1094 5781 1144 5821 tu
1196 5772 1484 5833 inhabitas,
1519 5772 1633 5823 illos
1684 5770 1860 5838 utique
1910 5771 2178 5825 tribulatio

637 5841 880 5890 meliores
931 5843 1069 5903 iacit,
1109 5843 1270 5894 velut
1317 5857 1498 5894 aurum
1550 5842 1684 5908 ignis
1739 5843 1998 5910 probabit,
2029 5851 2085 5895 ut
2131 5844 2174 5896 si

2243 1976 2307 2026 te,
2342 1963 2578 2023 Domine,
2613 1969 2797 2014 etnon
2851 1961 2901 2010 in
2951 1975 3008 2010 se
3059 1969 3368 2025 posuerunt.
3429 1962 3787 2026 Speraverurd

2240 2032 2420 2099 digne,
2440 2031 2672 2095 inquam,
2690 2040 2734 2080 et
2754 2037 2805 2079 tu
2836 2029 3052 2080 liberasti
3074 2044 3176 2099 eos.
3201 2028 3566 2081 Clamaverstnt
3591 2048 3788 2098 qum-pi:

2242 2098 2345 2152 non
2375 2099 2546 2150 verbis
2575 2099 2906 2160 delictorum,
2935 2099 3024 2149 sed
3047 2098 3112 2149 ad
3139 2111 3206 2162 te,
3229 2099 3275 2148 id
3301 2113 3404 2160 esi,
3435 2105 3621 2150 verbis
3647 2103 3788 2166 ιιι-ιιι

2243 2172 2328 2234 tim
2371 2169 2744 2230 clamaverunt,
2788 2176 2833 2218 et
2895 2168 3011 2220 ideo
3041 2185 3066 2216 ιι
3101 2176 3148 2220 te
3172 2185 3294 2219 vere
3339 2170 3471 2220 sulci
3506 2171 3630 2237 facti
3673 2187 3787 2224 sunt.

2242 2240 2374 2306 quia
2408 2246 2724 2302 speraverant
2777 2237 2827 2288 in
2883 2245 2952 2306 te,
2981 2247 3037 2306 et
3082 2252 3181 2288 non
3217 2238 3266 2287 in
3315 2250 3395 2299 se,
3436 2251 3482 2289 et
3540 2256 3638 2290 non
3686 2254 3785 2289 sunt

2242 2304 2456 2372 confusi,
2505 2308 2553 2358 id
2595 2315 2694 2368 est,
2733 2321 2835 2359 non
2866 2304 3069 2370 decepit
3111 2321 3203 2359 eos
3249 2320 3374 2371 spes
3407 2322 3624 2360 eorum.
3654 2310 3783 2373 Quod

2243 2386 2566 2442 speraverant
2624 2376 2777 2426 toties
2811 2378 3036 2441 ponitur,
3068 2390 3170 2427 non
3218 2388 3391 2440 vacat,
3422 2379 3519 2430 sed
3551 2388 3630 2431 est
3658 2394 3789 2444 repe-

2247 2447 2362 2498 titio
2385 2449 2446 2497 ad
2475 2446 2947 2496 conlirmalionem.

2318 2515 2427 2584 Ego
2455 2523 2638 2566 autem.
2667 2513 2844 2566 Patres
2873 2514 3084 2580 quzdem
3119 2515 3296 2567 verbis
3323 2514 3550 2581 justitia:
3582 2517 3788 2570 claman-

2249 2592 2328 2638 tes
2348 2584 2577 2636 exauditi
2605 2592 2761 2645 sunt;
2811 2599 2908 2650 ego
2935 2594 3104 2635 autem
3136 2596 3189 2635 ut
3220 2584 3328 2648 jam
3389 2601 3495 2637 ιιοιι
3541 2588 3717 2652 loquar
3745 2591 3782 2638 in

2249 2669 2468 2719 persona
2501 2652 2687 2706 veteris
2712 2654 2956 2714 hominis,
2990 2653 3080 2704 sed
3131 2653 3315 2720 loquar
3361 2663 3418 2704 ut
3472 2671 3594 2721 ego,
3627 2657 3672 2706 id
3700 2671 3782 2709 ert.

2250 2724 2423 2776 verbis
2449 2723 2686 2789 jllStiliiB,
2713 2723 3002 2774 secundum
3035 2737 3116 2773 me
3143 2724 3265 2774 divo
3293 2724 3436 2788 quod
3468 2741 3582 2774 sum
3605 2730 3780 2785 rerum,

2249 2792 2368 2860 quia
2386 2804 2436 2843 et
2455 2791 2855 2853 mni-talis,etde
2880 2791 3076 2858 virgine
3101 2791 3215 2843 sine
3249 2792 3386 2844 virili
3438 2797 3782 2847 C(ﬂlttﬂistbnt

2253 2871 2421 2923 natus,
2456 2870 2509 2912 ut
2536 2875 2728 2912 vermis
2763 2860 2829 2912 de
2857 2862 3073 2912 materia
3106 2864 3336 2912 nascitur
3381 2861 3500 2913 sine
3541 2876 3711 2928 patre;
3751 2878 3782 2913 ει

2256 2931 2394 2999 quod
2424 2945 2521 2981 non
2551 2946 2664 2980 sunt
2698 2940 2894 2981 tantum
2925 2932 3090 2992 homo,
3127 2939 3345 2996 βωμία-ι·
3396 2931 3630 2984 Verbum
3679 2945 3780 2984 una:

2253 3000 2576 3067 adjunctum.
2610 3002 2765 3062 Quasn
2796 2999 2936 3051 dicat
2967 3016 2977 3049 :
3013 3000 3117 3065 ligo
3162 3004 3248 3066 qui
3284 3000 3456 3051 factus
3486 3017 3602 3053 sum
3630 3006 3673 3052 in
3705 3013 3780 3052 ιιι-

2254 3072 2396 3122 mine
2418 3071 2550 3120 ultra
2586 3068 2868 3130 hominem,
2902 3077 2958 3120 ιιι
2980 3075 3058 3120 vel
3077 3069 3161 3121 sit:
3194 3071 3421 3120 humana
3452 3075 3692 3137 Superbia
3721 3085 3779 3118 «ιε-

2254 3152 2504 3204 pnaretur
2527 3138 2714 3188 imitari
2749 3152 2915 3189 meam
2941 3138 3306 3201 humilitatem,
3339 3142 3388 3188 in
3419 3139 3776 3206 quoiustinaiu

2262 3216 2464 3274 patrum
2491 3216 2542 3260 et
2580 3213 2811 3258 oanum
2845 3207 3114 3259 hominum
3171 3210 3371 3259 excedo
3396 3250 3410 3269 ,
3462 3222 3578 3260 sum
3636 3225 3778 3260 tanien

2260 3279 2398 3328 sicut
2425 3292 2526 3328 non
2557 3279 2833 3330 exauditus
2859 3292 2886 3327 a
2920 3287 2985 3334 te,
3021 3277 3258 3340 Domine,
3287 3279 3413 3329 dum
3461 3293 3691 3330 meorum
3713 3281 3783 3332 iu-

2259 3347 2556 3398 lii'niitatem
2610 3347 2660 3396 in
2709 3360 2789 3397 me
2830 3347 3120 3405 transfero,
3169 3357 3219 3396 et
3273 3348 3410 3399 sicut
3455 3348 3684 3400 inarmus
3729 3351 3777 3401 ad

2257 3417 2523 3482 exemplar
2544 3429 2722 3466 eorum
2751 3429 2896 3482 rogo.
2917 3416 2967 3465 In
2991 3409 3087 3466 hoc
3109 3415 3334 3475 scilicet,
3367 3433 3471 3469 non
3506 3420 3776 3479 exauditus,

2257 3486 2375 3552 quia
2401 3500 2518 3535 sunt
2548 3484 2710 3536 lactus
2759 3485 3081 3548 approbrium
3107 3485 3368 3537 hominum
3401 3488 3452 3538 in
3505 3496 3715 3548 tanton,
3738 3497 3779 3538 ιιι

2257 3569 2345 3607 me
2374 3555 2528 3606 etiam
2555 3554 2667 3604 aliis
2700 3555 2954 3619 impnteut
2979 3554 3043 3605 ad
3072 3557 3436 3620 opprobrium.
3466 3556 3565 3606 l’ro
3596 3572 3774 3609 summa

2257 3624 2394 3676 enim
2424 3623 2703 3688 opprobrio
2726 3623 2890 3675 Judaei
2924 3627 3236 3686 habuerunt,
3267 3625 3409 3690 quod
3435 3638 3580 3678 caeco
3605 3628 3664 3677 de
3687 3628 3776 3689 ipso

2257 3693 2503 3746 dixerunt
2534 3709 2545 3743 :
2582 3691 2661 3743 Tu
2691 3692 2963 3758 discipulus
3006 3692 3113 3761 ejus
3144 3697 3231 3754 sis,
3263 3703 3314 3745 et
3349 3696 3578 3761 reliqua.
3610 3696 3773 3746 Et'iioa

2257 3764 2695 3831 qttaliumcunque
2750 3762 3021 3814 hominum
3075 3764 3416 3827 approbrium
3450 3766 3614 3816 [actus
3657 3779 3772 3820 sum,

2257 3830 2350 3884 scd
2408 3847 2520 3883 sum
2571 3833 2784 3899 abjectio
2814 3830 2991 3898 plcbis,
3021 3831 3069 3882 id
3110 3841 3211 3892 est,
3241 3847 3270 3881 a
3306 3833 3525 3897 plebeiis
3566 3834 3770 3884 omnibus

2257 3911 2588 3966 contemptus
2638 3915 2774 3951 sum.
2837 3903 2984 3962 Quod
3032 3903 3176 3966 quasi
3210 3902 3412 3954 diceret
3459 3903 3616 3954 :Non
3659 3905 3766 3960 iatn.

2261 3971 2497 4030 licuitne,
2525 3969 2736 4026 factum,
2767 3970 2890 4034 quin
2938 3977 2988 4021 tu
3021 3985 3123 4032 tne,
3158 3971 3275 4023 cum
3315 3977 3415 4023 sint
3465 3972 3517 4023 iu
3574 3975 3767 4028 nonnae,

2257 4055 2410 4100 Supra
2455 4042 2713 4092 hominem
2743 4038 3016 4101 exaudias;
3047 4040 3136 4092 sed
3182 4040 3302 4106 quia
3333 4042 3635 4107 dis‘posuisti
3660 4058 3766 4090 win-

2261 4110 2402 4174 plere
2435 4123 2523 4175 per
2545 4113 2952 4173 mortempneam
2979 4110 3198 4161 salutem
3233 4114 3464 4162 humano
3485 4111 3656 4178 generi
3680 4124 3770 4176 pro-

2259 4178 2493 4231 missam.
2513 4180 2619 4231 lloc
2639 4178 2689 4231 iu
2720 4179 2834 4230 loco
2863 4179 2989 4231 dicit
3006 4180 3251 4247 quiddam
3272 4181 3459 4232 beatus
3481 4181 3764 4250 Augustinus

2257 4251 2394 4315 quod
2439 4251 2563 4300 satis
2602 4251 2842 4316 c0ngruit
2892 4249 3014 4300 huic
3063 4250 3359 4308 sentcntiae,
3415 4250 3511 4302 hoc
3564 4249 3765 4301 Scilicet:

2264 4335 2282 4366 ι
2324 4316 2558 4384 Nunquid
2588 4322 2672 4383 qui
2707 4327 2878 4382 patres
2907 4319 3198 4370 clamantes
3227 4319 3292 4370 ad
3331 4333 3390 4372 se
3435 4321 3696 4375 exaudivit,
3720 4317 3765 4366 ad

2259 4386 2445 4439 Filium
2471 4388 2692 4439 defecit?
2724 4389 2911 4454 Utique
2932 4401 3033 4439 non
3060 4388 3380 4447 delecit.si-.d
3412 4405 3530 4443 vere
3551 4389 3768 4441 cnuth

2258 4472 2408 4521 eum,
2463 4471 2582 4526 quia
2628 4457 3013 4526 salutemaute
3065 4466 3298 4526 tempora
3349 4464 3652 4526 promissam
3697 4469 3766 4516 per

2263 4526 2428 4592 ipsmn
2461 4525 2781 4591 adimplevit.
2834 4525 2937 4578 Nec
2991 4529 3334 4591 credendum,
3381 4529 3518 4589 ιιιιοι]
3574 4528 3765 4578 Christus

2268 4610 2363 4663 pro
2383 4610 2438 4647 se
2459 4598 2669 4658 dixerit,
2700 4596 2844 4663 qua~i
2870 4598 3056 4649 timens
3088 4607 3310 4649 mortem
3340 4597 3552 4660 :Pater,
3571 4605 3766 4657 transiet.

2264 4666 2308 4719 si
2337 4666 2567 4734 possibile
2597 4675 2696 4730 est,
2735 4668 2940 4717 calicem
2980 4669 3160 4718 trunca
3187 4683 3281 4731 nte,
3315 4680 3364 4721 et
3396 4669 3612 4726 sintilta;
3637 4669 3710 4716 sed
3730 4672 3768 4734 et

2268 4747 2447 4788 nostra
2480 4735 2784 4787 inlirmitate
2817 4738 2914 4787 hoc
2958 4737 3114 4800 dixit,
3147 4747 3200 4789 ut
3231 4753 3326 4789 nos
3368 4737 3491 4789 licet
3513 4735 3696 4788 timidos

2269 4809 2567 4870 passionem
2608 4819 2756 4855 suam
2789 4805 3094 4857 imitandam
3122 4809 3470 4859 c0nlortaret.
3503 4805 3608 4858 Non
3634 4807 3766 4855 timuit

2269 4873 2405 4926 enim
2431 4882 2648 4942 mortem
2683 4875 2892 4937 Paulus,
2937 4879 3021 4942 qui
3051 4876 3183 4928 dixit
3209 4894 3222 4929 :
3252 4876 3416 4941 Cupio
3443 4877 3651 4927 dissolui.
3677 4872 3763 4942 hoc

2272 4944 2442 4995 timuit
2470 4957 2583 4995 eam
2631 4941 2964 5006 Laurentius,
2999 4960 3102 4997 nou
3151 4946 3473 5011 Stephanus,
3505 4960 3596 4998 nec
3627 4941 3762 4994 catch

2274 5015 2424 5067 tales.
2447 5013 2718 5077 Quomodo
2738 5027 2863 5082 ergo
2892 5017 3159 5077 convenit,
3183 5028 3239 5066 ut
3269 5015 3408 5079 quod
3453 5018 3594 5069 miles
3621 5017 3762 5079 putuit.

2273 5085 2556 5148 imperator
2584 5097 2683 5134 non
2712 5086 2930 5149 posset?
2959 5084 3112 5135 Nullo
3142 5085 3298 5136 modo
3326 5085 3525 5152 utique.
3562 5103 3578 5135 ι
3608 5085 3721 5133 Nunc
3741 5089 3759 5123 1

2273 5154 2525 5218 principio
2554 5154 2885 5216 reiteremus,
2904 5166 2954 5205 ut
2986 5155 3036 5204 in
3060 5157 3375 5222 supradictis
3403 5155 3623 5208 versibus
3646 5153 3760 5222 aput

2272 5215 2323 5292 in
2353 5215 2571 5292 persona
2601 5236 2692 5272 sua
2727 5215 3000 5292 loipiatur.
3047 5215 3203 5275 Juita
3255 5225 3395 5291 quod
3442 5223 3620 5292 poterit
3641 5215 3757 5292 solm

2276 5291 2443 5341 littera
2470 5291 2590 5356 legi,
2621 5287 2841 5353 scilicet,
2863 5295 3049 5360 respice
3070 5294 3121 5344 in
3158 5311 3255 5356 me,
3275 5287 3410 5346 satis
3439 5287 3756 5346 commoda“

2274 5371 2352 5429 est
2379 5362 2524 5426 quasi
2550 5361 2687 5412 dicat
2720 5375 2734 5410 :
2766 5361 2980 5414 Domine
3015 5365 3148 5416 Deus
3177 5365 3414 5416 omnium
3434 5375 3527 5429 per
3555 5368 3755 5412 naturali.

2274 5425 2414 5480 Deus
2436 5442 2608 5482 autem
2643 5442 2786 5481 meus
2810 5445 2899 5494 per
2919 5443 3162 5498 gratiam,
3209 5449 3276 5486 ne
3307 5425 3552 5498 respicias
3581 5432 3674 5478 illos
3695 5436 3755 5486 *1⁸η

2276 5499 2587 5550 insultantes
2618 5500 2742 5549 Inibi
2767 5500 2946 5552 dicunt
2973 5518 2983 5552 :
3018 5502 3079 5555 Si
3106 5501 3271 5554 Filius
3301 5501 3396 5552 Dei
3423 5510 3517 5562 est,
3549 5499 3753 5549 desirant

2275 5567 2336 5617 de
2358 5583 2522 5632 crure,
2554 5567 2642 5618 sed
2670 5572 2868 5634 respice
2899 5585 2982 5624 me
3025 5571 3300 5632 humilem,
3333 5573 3403 5622 ita
3451 5581 3506 5621 ut
3552 5573 3754 5628 resqu

2277 5645 2398 5688 tuus
2427 5645 2674 5701 appareat
2704 5651 2751 5688 in
2782 5655 2884 5701 me,
2918 5642 3179 5704 videlicet,
3228 5651 3286 5693 ut
3326 5640 3482 5691 facias
3510 5654 3584 5691 me
3610 5641 3664 5704 de
3696 5643 3755 5680 δε·

2279 5713 2459 5771 pulcro
2491 5719 2781 5772 resurgere,
2813 5724 2914 5761 non
2956 5711 3022 5761 de
3065 5703 3220 5761 eruet:
3274 5712 3597 5761 descemtere.
3626 5703 3753 5764 Ιοωιε

2277 5776 2416 5828 enim
2439 5776 2714 5841 gloriosius
2742 5787 2795 5828 et
2822 5779 3202 5845 competentius
3238 5777 3332 5830 luit
3372 5790 3428 5829 ut
3459 5776 3755 5830 bonumst!“

2280 5857 2421 5900 ratta
2446 5845 2745 5899 obedientia
2786 5861 2813 5899 a
2843 5849 3058 5901 mortuis
3087 5860 3268 5902 contra
3311 5862 3494 5902 eorum
3522 5845 3750 5912 api-tm“
