3912 6230
68 332 267 392 5‘35

72 456 503 519 resurgeret,
530 462 685 517 quam
708 456 762 502 ut
781 444 927 516 quasi
968 446 1241 519 impatiens
1272 442 1336 495 ad
1361 455 1539 494 vocem
1564 440 1723 519 insul:

74 509 411 572 ιτιηιίιὶἰιι
456 509 521 573 de
550 509 726 571 'cruce
753 509 1113 571 descenderet.
1165 514 1418 567 Praeterea
1448 509 1723 577 quoquesi

79 588 580 650 descendisset,
613 601 790 640 eorum
823 585 1057 652 petitioni
1090 585 1349 637 videretur
1400 582 1728 652 obtempera-

86 669 247 718 re.
302 670 357 711 et
395 660 472 711 sic
510 671 689 711 eorum
741 649 1020 718 nequitiam
1074 652 1459 705 corroboraret.
1500 649 1726 717 Respice.

90 722 425 793 inquam,
450 729 501 778 iu
531 743 625 789 nte,
650 726 768 791 quia
796 723 1122 790 dereliquisti,
1142 722 1197 779 id
1230 730 1328 782 est,
1353 719 1546 793 videris
1574 718 1729 771 dere-

101 788 421 861 liqisisse'
442 811 524 850 me
571 788 923 853 estrinsecus.
965 788 1088 861 cum
1116 800 1281 842 morte
1310 788 1615 861 turpissima
1641 802 1719 852 pa-

102 857 335 916 tiéris
365 882 451 918 me
477 866 541 917 ab
571 863 793 916 inimicis
823 862 1001 929 afﬂigi.
1038 859 1098 912 Et
1126 875 1280 925 quare
1308 857 1616 923 dereliquiin
1656 872 1731 907 tne

106 933 243 984 sic
274 937 304 985 Ἰ
339 934 481 997 Ideo,
512 934 729 995 scilicet,
760 932 876 996 quia
930 932 1084 983 verba
1131 930 1439 981 delictorum
1471 941 1727 987 meorum,

106 1000 199 1052 id
236 1012 362 1063 est,
380 1002 651 1055 manifesm
672 1002 857 1055 delicta
886 1015 1118 1053 meormn
1150 999 1411 1052 faciuntte
1433 997 1585 1063 longe
1615 1010 1730 1049 esse

112 1082 160 1119 a
251 1072 440 1125 salute
470 1086 603 1132 mea,
653 1070 900 1123 exteriori
950 1068 1181 1129 scilicet,
1238 1067 1286 1119 id
1337 1075 1437 1127 est,
1484 1072 1733 1129 expetunt

118 1137 309 1203 hoc,
326 1153 385 1193 ut
402 1142 629 1194 “terius
658 1141 707 1192 in
738 1154 954 1206 corpore
976 1152 1076 1206 non
1098 1138 1267 1188 solves
1290 1150 1391 1196 me,
1411 1135 1500 1186 sed
1534 1135 1733 1201 permit-

122 1217 261 1261 las
296 1210 530 1263 exterius
571 1224 655 1262 me
694 1204 981 1261 tunc‘mori
1013 1204 1062 1257 iu
1090 1220 1265 1267 cruce,
1304 1213 1359 1256 ιιι
1397 1218 1488 1270 per
1509 1212 1731 1255 mortem

123 1292 365 1333 meam
399 1289 607 1345 peccata
639 1279 723 1331 illa
747 1277 1038 1329 deleantur.

250 1341 410 1401 Deus
430 1364 564 1400 meus
593 1347 782 1399 clamal'
807 1368 835 1396 ο.
871 1345 989 1397 Ideo
1036 1343 1216 1395 videor
1243 1354 1358 1395 esse
1389 1341 1730 1394 derelictus'a

130 1422 253 1474 ιθ,
288 1418 414 1483 quia
461 1429 558 1483 ego
586 1416 808 1468 clamabo
836 1424 888 1467 et
938 1414 986 1465 in
1011 1428 1095 1466 me
1125 1422 1175 1466 et
1205 1410 1254 1463 in
1282 1410 1431 1483 meis,
1462 1422 1505 1461 et
1554 1422 1603 1460 ιιι
1639 1427 1735 1462 ιιοιι

130 1481 435 1537 exaudies
457 1481 557 1539 me.
595 1487 656 1538 Et
683 1486 932 1538 debemus
967 1484 1049 1535 hic
1080 1485 1126 1533 in
1174 1495 1238 1534 eo
1288 1481 1571 1533 clamorem
1597 1496 1736 1532 acet-

145 1568 346 1619 pere,
373 1571 525 1621 quem
559 1570 659 1608 non
693 1568 784 1619 pro
812 1563 895 1621 se;
918 1551 1119 1613 fecerit,
1149 1551 1239 1601 sed
1258 1565 1358 1621 pro
1388 1552 1561 1608 nostra
1588 1549 1734 1621 intir-

145 1617 491 1687 initate,.ut
513 1625 648 1691 quod
681 1617 840 1676 dicit:
869 1618 1041 1683 Pater,
1062 1621 1105 1691 si
1134 1619 1366 1687 possibile
1389 1626 1481 1679 est,
1515 1627 1565 1668 ιιι
1595 1617 1739 1691 sitni-

146 1690 288 1755 Iia,
317 1688 728 1760 inquibusquod
742 1689 1279 1743 videturextriusecus
1300 1696 1549 1754 quanttnn
1575 1688 1636 1738 ad
1662 1689 1739 1739 lit:

950 337 1013 392 IN
1055 332 1459 391 PSALMORUM
1498 328 1747 385 LIBRU“
1790 327 2135 383 EXEGESIS.
2180 356 2243 363 —-
2285 322 2471 378 PSAL.
2514 317 2651 405 κει.

1756 441 1800 497 Α
1828 447 1931 489 tur.
1966 437 2075 501 Vel,
2104 447 2155 490 tu
2176 450 2232 488 es
2253 432 2339 502 qui
2367 432 2628 485 extruxisti
2653 446 2753 502 me,
2772 434 2897 502 etc.,
2926 427 2977 480 id
2999 435 3108 502 est:
3127 427 3203 502 '_l‘u
3232 426 3374 502 solus

3267 314 3365 367 594

1833 522 1921 569 per
1949 495 2166 570 gratiam
2194 495 2425 564 sanctus.
2457 510 2507 554 tti
2536 504 2620 554 via
2671 497 2794 553 inihi
2845 498 3094 570 nascendi
3122 498 3266 570 fuisti
3309 495 3375 548 de

1833 566 2062 645 Virgine,
2096 590 2197 627 non
2230 575 2701 645 hunianns‘pater;
2746 584 2837 645 per
2884 567 3019 634 quod
3052 566 3229 619 videor
3258 581 3379 620 esse

1829 640 2145 707 canit-arias,
2170 645 2285 710 quia
2310 640 2579 710 dis-similis
2597 654 2711 693 sum
2740 640 2839 699 eis,
2866 649 2917 710 et
2946 646 2996 690 tu
3022 652 3075 688 es
3104 654 3214 710 spes
3244 652 3379 699 meo,

1832 715 1879 766 id
1908 724 2005 778 est,
2036 708 2379 780 spem—meam
2408 721 2457 763 te
2488 709 2583 763 feci
2628 710 2688 780 ob
2738 709 2967 780 uberibus
3016 708 3189 759 matris
3234 720 3377 765 mete,

1833 784 1881 837 id
1904 793 2002 847 est,
2030 779 2239 849 prouter
2272 779 2961 849 hum-inaniinfirmitatem,
2991 792 3145 843 quam
3168 790 3230 830 ex
3264 792 3378 827 ma-

1834 862 1910 905 tre
1932 848 2189 905 contraxi.
2222 853 2347 905 Nam
2380 848 2663 903 secundum
2690 858 2738 900 te
2781 860 2884 898 non
2914 859 2970 898 es
3003 856 3051 897 tn
3084 860 3204 911 Spes
3237 859 3373 903 mea,

1832 923 1924 974 sed
1954 923 2105 975 Pater
2137 937 2284 974 mens
2307 928 2431 972 ante
2471 921 2643 970 omnia
2675 928 2931 981 tempora,
2960 926 3010 967 et
3033 929 3094 966 ex
3128 924 3295 973 utero,
3325 913 3373 964 id

1833 1001 1930 1053 est,
1963 1006 2025 1044 ex
2059 993 2382 1043 buinauitate
2408 990 2504 1041 hoc
2544 987 2732 1047 habeo,
2762 984 2897 1050 quod
2930 1001 3045 1037 sum
3091 986 3254 1045 iactus
3287 998 3376 1046 per

1833 1076 1978 1123 spent
2009 1062 2057 1111 in
2093 1070 2174 1121 te;
2216 1075 2278 1113 ex
2310 1059 2473 1126 gratia
2506 1070 2651 1114 vero,
2674 1057 2793 1123 quia
2834 1070 2865 1105 a
2901 1056 3117 1120 peccatis
3160 1071 3235 1126 mc
3259 1053 3378 1106 libe-

1834 1130 1979 1193 ras-ti,
2015 1133 2111 1180 hoc
2140 1129 2276 1195 quod
2310 1125 2571 1195 projectus
2602 1140 2736 1195 sum,
2773 1126 2825 1195 id
2876 1133 2976 1186 est,
3008 1139 3165 1191 porro
3207 1125 3379 1195 jztcltts

1834 1216 1947 1250 sum
1980 1200 2028 1250 in
2057 1209 2125 1260 ιε.
2155 1193 2273 1264 quia
2308 1193 2419 1259 plus
2440 1196 2554 1248 aliis
2579 1194 2785 1246 confido
2816 1194 2865 1243 iit
2901 1202 2981 1251 te;
3027 1202 3079 1243 ct
3111 1194 3208 1245 hoc
3240 1193 3377 1251 ideo,

1834 1267 1952 1332 quia
1981 1279 2031 1319 tu
2054 1284 2112 1321 es
2142 1267 2279 1319 Deus
2299 1280 2469 1328 meus,
2496 1264 2545 1316 id
2573 1264 2907 1325 est,tlreator
2938 1276 3087 1313 muns
3112 1263 3275 1312 fartus
3298 1276 3379 1322 es,

1837 1350 1942 1388 non
1975 1338 2261 1389 secundum
2287 1335 2535 1395 Verbum,
2558 1334 2692 1400 quod
2714 1333 2802 1385 tibi
2834 1342 3148 1383 ειιιειειίιιιιιι
3179 1341 3229 1384 ει
3253 1346 3405 1383 eun-.

1836 1408 2180 1459 substantiale
2225 1413 2324 1465 est,
2356 1404 2448 1456 sed
2479 1406 2538 1455 de
2560 1412 2726 1455 t'eutre
2765 1404 2957 1461 matris.
2985 1402 3033 1454 id
3069 1411 3171 1459 est.
3193 1416 3380 1470 secun-

1835 1475 1957 1526 dum
1992 1475 2364 1526 humanitatem
2417 1482 2677 1534 sumptam
2724 1486 2789 1525 ex
2832 1483 3018 1525 matre.
3073 1471 3296 1524 Possunt
3327 1470 3379 1522 lii

1837 1544 1942 1596 duo
1966 1557 2146 1595 versus
2172 1544 2325 1596 aliter
2372 1555 2576 1609 quoque
2622 1540 2757 1605 dici,
2801 1549 2852 1593 et
2904 1541 2981 1593 sic
3035 1543 3329 1593 continuari
3368 1559 3377 1591 :

1842 1614 1959 1666 Ideo
1981 1612 2149 1665 Judaei
2174 1625 2275 1665 tam
2305 1612 2647 1679 ignominiosa
2681 1610 2860 1663 dicunt
2895 1620 3075 1661 contra
3124 1627 3226 1673 me,
3255 1627 3383 1675 quo-

1842 1684 1978 1735 niam
2024 1684 2217 1735 carnali
2270 1683 2368 1743 legi
2408 1695 2587 1734 eorum
2643 1695 2744 1731 non
2798 1680 3088 1733 consentio.
3125 1680 3251 1732 Nam
3286 1690 3339 1733 ιιι
3366 1720 3379 1735 .

150 1749 532 1825 ιθιὶιιηίιιοιι
578 1749 883 1824 exauditus,
913 1774 1029 1812 cuni
1078 1768 1247 1829 tamen
1282 1749 1401 1809 vere
1447 1759 1731 1829 secundum
1771 1772 1812 1829 Β
1845 1752 2369 1829 Dotnirie,_extra:risti
2390 1764 2465 1801 me
2501 1751 2561 1829 de
2605 1758 2770 1829 cetetre
2797 1749 2968 1829 matris
3000 1749 3310 1829 Syri:tgog:e,
3333 1749 3383 1802 id

153 1832 339 1893 quod
368 1832 526 1883 corde
556 1830 873 1890 intendebat,
904 1830 967 1881 sit
999 1827 1270 1879 exauditus
1295 1864 1309 1886 ,
1360 1842 1460 1876 oon
1488 1829 1654 1878 solum
1685 1828 1735 1878 in

152 1897 301 1960 his,
332 1898 422 1951 sed
452 1899 744 1966 ubicunque
777 1897 959 1951 voluit.
994 1897 1113 1966 Dies
1140 1910 1264 1947 vero
1294 1896 1345 1946 in
1396 1894 1492 1946 hac
1516 1905 1739 1966 senten-

158 1970 259 2018 Iia
288 1968 479 2020 dicitur
507 1982 630 2021 caro
659 1964 771 2032 ejus
793 1982 821 2019 a
852 1965 1079 2019 tenebris
1110 1974 1439 2031 peccatornn‘i
1479 1964 1736 2017 absoluta.

158 2036 313 2089 Nox
349 2051 560 2103 quoque
588 2038 776 2089 dicitur
807 2034 999 2087 Paulus
1053 2043 1105 2087 et
1150 2036 1324 2086 creteri
1381 2032 1578 2094 ﬁdeles,
1628 2036 1737 2101 qni,

157 2117 663 2176 quantumcunque
687 2107 789 2160 sint
819 2104 1257 2176 perfecti,tatuen_
1281 2119 1381 2153 non
1411 2113 1527 2176 sunt
1552 2103 1740 2156 immu-

164 2171 294 2228 Iies
325 2190 353 2226 a
386 2171 615 2238 peccato,
644 2174 789 2243 juxta
817 2175 941 2227 illttd
968 2192 979 2224 :
1015 2173 1078 2243 Si
1103 2172 1372 2243 dixerimus
1409 2171 1525 2234 quia
1560 2188 1740 2236 pecia-

161 2254 304 2296 tum
322 2260 418 2296 non
452 2242 701 2304 habemus.
734 2256 785 2297 et
816 2245 1034 2311 reliqua.
1065 2242 1263 2311 Nttxrad
1297 2249 1738 2311 comparationem

165 2312 447 2366 dominici
474 2314 695 2365 hominis
727 2322 866 2366 recte
893 2313 1151 2365 dicuntur.
1175 2310 1369 2363 Littera
1399 2313 1475 2361 sic
1500 2310 1703 2363 dicetur
1726 2327 1737 2362 :

166 2383 435 2434 Clumobo
453 2399 537 2451 per
563 2383 713 2443 diem,
729 2381 779 2434 id
802 2388 903 2443 est,
922 2395 1011 2446 per
1030 2380 1293 2451 proprium
1316 2393 1515 2451 corpus
1542 2395 1737 2444 meum,

165 2454 337 2517 quod
368 2448 607 2506 est'dies.
651 2451 714 2503 Et
745 2452 982 2504 clamabo
1009 2450 1059 2499 in
1088 2457 1248 2517 nocte,
1277 2448 1326 2498 id
1374 2457 1472 2506 est.
1507 2450 1556 2500 in
1588 2450 1737 2515 meis,

167 2515 277 2587 (iu.
304 2530 553 2586 quantum
568 2525 628 2573 ad
648 2538 729 2573 me
747 2536 845 2573 nox
870 2528 1039 2574 erunt.
1060 2515 1121 2569 Et
1134 2527 1303 2569 tamen
1322 2526 1373 2568 ιιι
1391 2534 1489 2568 non
1502 2518 1734 2571 exaudiet;

171 2603 301 2651 me,
338 2590 385 2641 id
414 2600 513 2650 est,
545 2589 761 2644 videbor
789 2605 885 2657 ego
928 2606 1027 2641 non
1060 2588 1355 2657 exauditus
1398 2594 1451 2638 et
1500 2588 1599 2657 mei
1631 2602 1732 2639 non

168 2659 446 2711 exauditi.
484 2660 545 2711 Et
586 2659 696 2711 huic
744 2655 1150 2711 non-exauditio
1185 2670 1287 2707 non
1332 2666 1433 2709 erit
1481 2655 1626 2717 mihi,
1652 2657 1737 2710 vel

176 2729 349 2787 meis,
378 2729 440 2779 ad
475 2728 848 2795 insipientiam,
873 2727 964 2781 sed
998 2727 1168 2793 potius
1214 2725 1279 2778 ad
1310 2728 1651 2793 sapientiam,
1686 2737 1741 2779 ut

174 2811 354 2861 supra
383 2798 576 2850 dictum
609 2805 707 2850 est.

263 2865 342 2917 Tu
363 2876 547 2919 autem.
570 2868 674 2920 Hoc
696 2866 815 2919 ideo
830 2865 1128 2933 apponitur,
1146 2878 1209 2916 ne
1232 2862 1513 2927 videretur,
1534 2865 1738 2917 Patrem

174 2935 496 3000 despexisse
525 2936 713 2991 Filium
745 2951 845 2988 non
898 2936 1220 2987 exauditum.
1251 2934 1407 2997 Quasi
1438 2935 1577 2987 dicat
1610 2951 1622 2985 :
1655 2934 1740 2987 Vi-

173 3004 324 3054 deor
344 3005 553 3069 quidem
598 3022 698 3058 non
728 3005 1025 3067 exauditus,
1050 3004 1175 3056 etin
1208 3003 1303 3053 hoc
1345 3003 1639 3068 tiespt'Cltts.
1666 3002 1739 3057 Tu

177 3082 365 3143 autem
393 3089 494 3127 non
520 3090 603 3128 me
627 3075 873 3143 despicis,
900 3072 1020 3142 quia
1044 3072 1236 3125 habitas
1337 3087 1426 3143 me
1439 3086 1608 3127 sancto
1634 3084 1734 3127 tuo.

181 3141 337 3193 Deus
360 3148 501 3197 enim
526 3155 638 3198 erat
666 3140 970 3209 arcuum,
990 3152 1119 3205 etc.,
1145 3151 1217 3203 tu,
1243 3140 1379 3204 dico,
1416 3140 1527 3193 laus
1557 3144 1737 3209 lsrael,

178 3221 245 3263 ut
267 3226 454 3277 supra.

268 3279 411 3351 [uite
438 3292 779 3351 speraverant.
812 3280 887 3335 Ad
918 3284 1140 3347 primntn
1168 3294 1375 3351 versum
1405 3282 1743 3351 continuatur

184 3352 264 3403 ita
301 3369 313 3403 :
340 3350 673 3405 Non’mirunt
715 3353 758 3405 si
790 3352 969 3403 videor
999 3367 1027 3401 ει
1062 3361 1132 3412 te,
1164 3350 1400 3411 Domine,
1434 3350 1736 3415 derelictus,

183 3422 316 3485 quia
341 3435 459 3474 cum
492 3436 666 3489 patres
692 3423 846 3474 etiam
878 3435 969 3486 pro
1014 3420 1233 3472 terrenis
1285 3421 1572 3471 clamantes
1613 3424 1741 3474 oliui

184 3488 509 3554 exaudiaris,
541 3506 625 3543 me
652 3492 806 3560 digne
832 3495 1145 3543 clamantem
1178 3505 1278 3539 nun
1319 3488 1567 3560 exaudire
1597 3493 1740 3544 vide-

188 3560 288 3611 ris.
341 3560 534 3612 Littera
586 3557 772 3614 eodem
813 3562 967 3612 modo
1017 3560 1297 3623 exponitur
1328 3568 1382 3608 nt
1436 3557 1597 3623 prius,
1642 3561 1737 3612 nisi

188 3628 316 3695 quia
345 3639 397 3680 et
424 3642 634 3693 sperare
660 3642 715 3684 et
742 3630 990 3691 clamare,
1035 3637 1085 3680 et
1112 3627 1319 3679 liberari
1345 3635 1396 3678 et
1426 3629 1642 3691 salvari,
1676 3631 1738 3681 ad

193 3694 408 3751 terrena
433 3698 748 3752 referuntur.
779 3700 1009 3753 Terrena
1051 3702 1375 3763 accipiuntur
1419 3694 1500 3746 hic
1528 3698 1738 3751 victoria

191 3769 264 3836 de
292 3768 535 3831 inimicis,
567 3778 621 3820 et
662 3783 793 3831 aqua
842 3784 958 3836 quae
1003 3769 1052 3821 in
1108 3768 1317 3820 deserto
1342 3766 1409 3819 de
1437 3774 1579 3831 petri
1614 3784 1741 3835 pro-

191 3835 366 3900 fluxit,
397 3846 451 3890 et
477 3850 663 3891 caetera
690 3839 807 3891 talia
827 3880 840 3904 ,
863 3835 968 3905 pro
1018 3840 1201 3905 quibus
1234 3845 1405 3903 patres
1440 3844 1560 3887 sunt
1584 3855 1743 3891 exau-

194 3905 313 3956 diti.

269 3973 380 4045 Ego
401 3985 588 4029 autem.
612 3976 791 4029 Patres
811 3974 1015 4045 quidem
1037 3985 1154 4029 sunt
1172 3976 1419 4036 exauditi,
1445 3989 1541 4042 ego
1566 3985 1738 4029 autem

194 4042 382 4097 videor
412 4060 513 4096 non
534 4042 840 4112 exauditus,
859 4048 977 4114 quia
1004 4061 1114 4099 sum
1137 4047 1334 4105 vermis,
1364 4046 1412 4096 id
1447 4055 1546 4105 est,
1579 4047 1742 4111 negli-

198 4121 426 4181 guntme
451 4114 701 4169 damnare
728 4117 922 4169 inimici
950 4117 1072 4177 mei,
1097 4117 1233 4167 sicut
1260 4116 1493 4167 vermisa
1525 4118 1737 4169 concal-

197 4183 667 4253 cantencgligitur,
686 4193 738 4238 et
758 4187 905 4253 quasi
936 4202 1034 4237 non
1060 4187 1156 4237 sim
1188 4184 1354 4245 homo,
1386 4186 1433 4236 id
1466 4194 1568 4249 est,
1591 4186 1737 4252 quasi

201 4266 300 4306 nec
357 4252 692 4305 humanitatis
746 4252 1013 4321 respectus
1065 4256 1115 4307 in
1167 4269 1249 4307 me
1292 4258 1560 4306 habeatur.
1590 4257 1737 4319 Quod

198 4336 319 4375 vere
350 4330 557 4392 putatur
584 4322 649 4373 de
678 4338 781 4385 me.
813 4328 929 4392 quia
963 4326 1126 4377 iactus
1151 4338 1264 4375 sum
1295 4323 1613 4392 opprobrium
1652 4328 1742 4378 lio-

204 4393 394 4444 minum
417 4401 463 4443 et
490 4391 698 4459 abjectio
727 4390 900 4459 plebis,
933 4403 985 4443 ut
1017 4408 1191 4455 supra.

273 4461 456 4514 Omnes
478 4462 693 4513 ridentes
721 4476 813 4511 me.
842 4462 997 4526 Quasi
1044 4460 1181 4513 dicat
1209 4475 1223 4512 :
1250 4461 1357 4513 lloc
1411 4464 1564 4513 modo
1618 4478 1733 4516 sum

208 4532 368 4583 lactus
414 4533 744 4598 opprobrium
784 4540 835 4581 et
863 4530 1083 4598 alijoectio
1107 4570 1120 4586 ,
1149 4532 1266 4596 quia
1318 4546 1486 4583 omnes
1518 4532 1734 4585 ridentes

206 4616 277 4650 me
300 4601 578 4651 deriserunt
599 4608 752 4657 iae,et
776 4600 927 4650 locuti
951 4610 1065 4651 sunt
1093 4602 1157 4652 de
1186 4615 1289 4661 me,
1321 4615 1436 4652 cum
1456 4606 1694 4654 dixi-runt
1719 4621 1729 4655 :

202 4670 313 4729 Are,
346 4684 436 4719 rex
476 4667 790 4733 Judaornm,
813 4679 865 4721 et
909 4670 1116 4720 similia.
1148 4668 1283 4721 Solis
1330 4671 1495 4730 lab:i~:,
1530 4681 1583 4724 οι
1632 4688 1731 4726 non

204 4738 377 4797 corde,
402 4748 454 4789 et
491 4749 765 4792 moverunt
810 4747 963 4803 caput
992 4737 1246 4802 corporis,
1281 4740 1579 4791 insultando
1607 4743 1733 4795 mihi

200 4807 446 4868 exterius,
466 4808 585 4874 quia
617 4807 756 4873 prius
782 4816 1053 4859 moverant
1083 4815 1255 4871 caput,
1276 4806 1323 4858 id
1355 4821 1451 4870 cst,
1482 4821 1731 4875 tuentem,

205 4876 418 4928 interitus
448 4892 476 4926 a
508 4892 630 4929 vero
659 4879 913 4941 tontnitu,
966 4876 1186 4936 scilicet,
1222 4886 1277 4925 ut
1324 4891 1425 4928 non
1476 4880 1736 4943 intellige-

202 4956 312 4998 rent
341 4959 425 4996 me
470 4960 629 5010 super
657 4961 875 5012 egenum
905 4955 957 4998 et
1008 4959 1301 5011 pauperem.
1336 4945 1451 5009 ipsi,
1488 4950 1623 5013 dico,
1656 4952 1735 5002 di-

200 5026 372 5066 centes
402 5014 463 5066 ad
496 5015 713 5068 invicem
742 5017 807 5067 de
834 5032 913 5066 me
945 5033 955 5066 :
996 5014 1092 5066 Iste
1126 5015 1361 5078 speravit,
1399 5017 1444 5065 id
1476 5030 1575 5080 εει,
1610 5020 1733 5073 dicit

200 5098 252 5135 se
272 5098 419 5149 spem
449 5087 684 5151 posuisse
714 5090 761 5135 iu
788 5081 1019 5153 Domino,
1058 5096 1108 5134 et
1142 5086 1255 5135 ideo
1281 5084 1461 5147 eripiat
1490 5103 1599 5136 eum
1637 5092 1733 5141 Uo-

203 5156 387 5210 tninus.
418 5164 526 5205 uta
558 5153 708 5205 nobis
752 5170 853 5204 non
903 5154 1201 5216 tribuletnr;
1256 5162 1299 5203 et
1338 5153 1527 5204 salvum
1580 5158 1731 5223 faciat

202 5237 334 5272 eum.
369 5234 425 5273 ut
466 5236 684 5275 mortem
734 5238 832 5273 non
885 5228 1125 5289 patiatur.
1178 5224 1323 5286 Quod
1382 5238 1501 5277 vere
1558 5227 1726 5289 laciet,

203 5306 436 5355 quoniam
464 5293 585 5345 dicit
619 5309 632 5344 '.
669 5292 797 5353 Quia
831 5293 939 5356 ipse
980 5293 1223 5345 Dominus
1254 5292 1355 5343 vult
1392 5309 1521 5355 eum,
1556 5293 1603 5347 id
1631 5307 1727 5359 ιτει,

202 5358 359 5423 diligit
388 5375 539 5424 cum;
566 5362 666 5414 hoc
695 5372 774 5413 est
807 5362 997 5413 ironice
1030 5364 1244 5414 dictum.

209 5495 219 5504 .
265 5428 515 5489 Quoniam
554 5442 606 5483 tu
630 5449 695 5484 es.
727 5431 845 5483 ldeo
882 5432 957 5504 sic
1000 5448 1080 5481 tne
1109 5431 1421 5504 despiciunt,
1452 5433 1568 5499 quia
1603 5432 1729 5504 nihil

203 5502 249 5567 in
265 5511 344 5548 me
361 5508 551 5561 praeter
574 5504 920 5554 inﬁrmitatem
940 5502 1215 5567 humanam
1235 5502 1540 5563 attendunt;
1565 5502 1731 5555 ethoc

203 5566 327 5628 ideo,
350 5569 589 5633 quoniam
616 5581 666 5623 tu
694 5570 957 5625 extruxisti
998 5586 1073 5619 me
1118 5573 1176 5621 de
1206 5581 1370 5622 ventre
1416 5574 1593 5622 matris
1616 5612 1629 5630 ,
1680 5574 1728 5626 id

202 5645 291 5700 est,
324 5637 491 5688 iecisti
522 5652 605 5689 me
631 5652 746 5693 εεεε
770 5640 1052 5692 hominem.
1080 5639 1200 5691 Haec
1221 5639 1360 5693 enim
1392 5651 1469 5692 est
1496 5657 1729 5695 commu-

203 5706 275 5759 uis
295 5709 375 5761 lex
407 5706 636 5759 euntium
672 5712 1017 5770 nascentium,
1060 5719 1112 5761 ιιι
1139 5709 1202 5763 de
1237 5720 1415 5763 ventre
1444 5714 1725 5766 cxtrahau-

1766 4437 1814 4495 D

1841 1830 1961 1885 est,
2012 1821 2180 1873 fecisti
2234 1830 2291 1873 ut
2338 1833 2439 1871 non
2495 1818 2768 1870 clauderer
2811 1819 3041 1871 tenebris
3093 1820 3384 1873 carnalium

1842 1890 2321 1949 observantiarum,
2362 1888 2601 1953 ponendo
2644 1888 2767 1938 iitihi
2798 1891 3020 1940 salutent
3052 1889 3101 1941 in
3131 1891 3231 1950 eis,
3268 1904 3385 1957 qua:

1842 1968 1963 2011 sunt
2006 1958 2155 2025 quasi
2188 1969 2367 2011 venter
2398 1957 2719 2025 Synagogze,
2778 1959 2969 2007 multos
3023 1972 3381 2021 conmuiens;

1842 2028 1993 2095 cujus
2038 2028 2267 2081 tenebris
2297 2028 2552 2081 clauditur
2599 2025 2834 2093 quisquis
2862 2025 3087 2078 nondmn
3120 2030 3169 2079 in
3214 2028 3383 2081 lucem

1844 2099 2035 2149 Christi
2084 2107 2315 2160 renatus,
2370 2110 2514 2161 Spem
2561 2105 2756 2147 certam
2813 2095 2992 2147 salutis
3022 2097 3115 2148 sibi
3146 2098 3289 2163 ponit
3334 2100 3384 2150 ιιι

1842 2168 2038 2219 carnali
2068 2166 2437 2217 observatione
2465 2164 2675 2216 Sahhati
2730 2172 2781 2216 et
2823 2166 3253 2229 circuntcisionis,
3284 2180 3386 2217 ca:-

1845 2244 2181 2303 terornmque
2224 2236 2424 2286 talium.
2458 2234 2517 2286 Et
2542 2246 2591 2285 tu
2622 2248 2679 2284 es
2709 2233 2870 2285 lactus
2900 2250 3011 2298 spes
3037 2251 3164 2295 ineo,
3200 2237 3249 2286 id
3281 2246 3381 2298 est,

1844 2307 1969 2369 mei,
2006 2308 2191 2356 remoti
2226 2321 2315 2372 per
2346 2315 2393 2356 te
2417 2308 2481 2355 ab
2504 2303 2750 2356 uberibus
2781 2304 2960 2356 matris
2989 2318 3117 2356 mea:
3138 2304 3386 2374 Syuago-

1842 2390 1953 2440 gae,
1978 2375 2197 2438 scilicet,
2232 2384 2286 2426 ιιι
2318 2391 2419 2426 ιιοιι
2456 2387 2695 2442 sugereni
2726 2383 2969 2438 tanquam
3000 2374 3163 2426 ubera
3195 2390 3382 2426 carna-

1847 2448 1921 2495 les
1951 2445 2312 2497 obs‘ervantias
2338 2443 2647 2495 delectando
2673 2443 2719 2494 in
2752 2442 2849 2506 eis,
2876 2442 3011 2495 sicut
3040 2445 3134 2511 ipsi
3166 2443 3381 2497 ficiunt.

1850 2514 1912 2563 lit
1934 2529 1992 2564 ea:
2012 2523 2148 2564 utero
2165 2529 2274 2565 sum
2304 2517 2550 2582 proiectus
2582 2514 2633 2563 in
2660 2521 2872 2575 terram,
2894 2512 2943 2565 id
2962 2521 3062 2575 est,
3080 2524 3255 2568 uterus
3278 2531 3386 2567 ma—

1850 2582 1941 2633 tris
1969 2583 2277 2651 Synagogie,
2310 2598 2395 2649 qui
2422 2597 2505 2634 nte
2527 2596 2629 2633 non
2672 2583 2904 2647 pertulit,
2933 2584 3086 2647 ejccit
3122 2599 3204 2637 me
3246 2601 3273 2636 a
3304 2600 3383 2650 se,

1844 2660 1896 2703 et
1938 2661 2112 2705 tamen
2160 2668 2263 2704 non
2306 2651 2492 2712 cecidi,
2520 2654 2636 2717 quia
2669 2651 2933 2717 prlljt'CillS
2961 2666 3077 2703 sum
3104 2655 3301 2719 positus
3331 2656 3383 2707 itt

1844 2734 1913 2784 te,
1954 2721 2043 2789 qui
2071 2736 2154 2774 me
2186 2737 2286 2775 non
2314 2722 2416 2774 labi
2443 2722 2492 2773 in
2514 2722 2741 2789 peccatis
2768 2722 3069 2786 permisiSti,
3096 2726 3187 2775 sed
3210 2734 3387 2777 sustu-

1842 2790 1944 2842 listi
1970 2788 2019 2842 in
2043 2791 2397 2857 Spiritualibns
2416 2808 2430 2855 ;
2452 2800 2568 2843 ettu
2595 2806 2644 2841 es
2672 2788 2805 2841 Deus
2835 2806 2970 2850 meus
2998 2792 3060 2842 de
3089 2803 3251 2844 ventre
3278 2811 3377 2844 nm-

1840 2860 1949 2928 lris,
1982 2858 2032 2910 id
2062 2869 2161 2923 est,
2192 2871 2373 2914 venter
2402 2861 2580 2912 matris
2621 2860 2906 2928 Sytiztgngu:
2947 2876 3049 2911 non
3083 2862 3249 2926 punit
3280 2865 3377 2914 hoc

1839 2927 2074 2998 efﬁcere,
2108 2940 2162 2982 ut
2194 2938 2437 2998 tanquam
2485 2934 2726 2998 paruilus
2780 2929 3118 2981 obliviscerer
3151 2932 3256 2992 tui;
3290 2934 3380 2985 sed

1845 3010 1893 3052 te
1944 2997 2108 3052 Deum
2161 3015 2355 3067 meum,
2406 2999 2453 3052 id
2478 3008 2575 3062 est,
2624 2997 2951 3051 defensorem
2996 3007 3049 3051 ct
3087 3000 3379 3064 atljuturem

1845 3082 2014 3121 meum
2039 3070 2306 3132 Constitui,
2337 3081 2389 3123 et
2429 3069 2545 3122 ideo
2572 3080 2652 3134 tu,
2689 3070 2921 3129 Itoinine,
2954 3084 3014 3121 ne
3052 3068 3329 3122 disresseris
3353 3090 3383 3125 ιι

1847 3152 1940 3199 me,
1970 3137 2017 3189 id
2045 3144 2146 3200 est,
2181 3155 2244 3191 ne
2271 3139 2549 3192 subtrahas
2578 3139 2702 3192 mihi
2731 3139 3004 3203 auxilium,
3036 3144 3113 3192 vel
3141 3156 3205 3194 ne
3235 3142 3381 3194 dilfe-

1842 3219 1929 3258 HIS
1974 3210 2408 3261 resurrrctiouem
2453 3224 2622 3262 ιιιεειιιι
2673 3210 2724 3261 ιιι
2780 3224 3111 3263 Communem
3151 3214 3382 3266 omnium

1842 3277 2299 3330 resurrectionem.

1914 3346 2160 3410 Quon'am
2190 3346 2443 3418 tribulat’o
2474 3348 2717 3418 proximo.
2746 3344 2865 3398 Ideo
2887 3362 2951 3400 ne
2972 3347 3228 3413 discedas,
3260 3368 3382 3418 quo-

1841 3415 1977 3466 niam
2001 3418 2254 3469 tribulatio
2284 3417 2511 3484 proxiinu
2552 3427 2642 3480 est,
2669 3416 2717 3468 id
2744 3425 2841 3478 est,
2874 3417 3152 3470 intirmitas
3178 3415 3379 3473 morta-

1844 3485 2002 3537 litatis
2020 3496 2073 3537 et
2089 3489 2467 3553 paSsibilitatis,
2486 3503 2575 3556 per
2592 3502 2743 3553 quam
2769 3485 3087 3538 tribulationi
3111 3488 3377 3556 subjaceo,

1840 3562 1921 3607 est
1949 3560 2180 3620 proxima
2214 3558 2361 3621 mibi,
2392 3559 2512 3624 quia
2539 3561 2588 3610 in
2618 3572 2699 3609 me
2730 3556 2844 3623 ipso
2866 3565 2967 3621 est,
3000 3557 3081 3611 vel
3123 3559 3377 3613 tribulatio

1840 3624 2071 3691 proxima
2092 3637 2184 3689 est,
2210 3627 2258 3679 id
2288 3638 2386 3689 est,
2412 3630 2498 3695 qui
2532 3626 2824 3679 tribnlaturi
2855 3624 2973 3679 sunt
3005 3626 3210 3697 mejam
3243 3631 3380 3685 circa

1842 3707 1925 3746 me
1947 3705 2097 3756 sunt;
2124 3712 2208 3746 nec
2225 3708 2294 3747 est
2319 3697 2472 3748 hoino
2489 3698 2572 3763 qui
2594 3698 2791 3763 adjuvet
2820 3712 2923 3754 me.
2944 3708 2993 3748 et
3018 3698 3134 3751 ideo
3156 3702 3380 3756 maxime

1840 3777 1968 3827 egeo
2008 3775 2094 3815 tuo
2125 3768 2349 3827 auxilio;
2403 3780 2497 3817 nec
2546 3763 2734 3817 frustra
2760 3806 2774 3828 ,
2829 3769 3074 3829 quoniam
3106 3772 3380 3824 circumde-

1841 3835 2018 3886 derunt
2048 3851 2122 3886 me
2151 3836 2194 3886 vi
2220 3837 2288 3887 uli
2317 3835 2478 3896 multi,
2510 3834 2561 3885 id
2608 3844 2706 3897 est,
2756 3836 3031 3887 multitudo
3061 3838 3380 3893 lascivientis

1843 3906 2017 3969 populi
2049 3906 2390 3958 circumdedit
2437 3917 2520 3957 nte
2562 3903 2622 3954 ad
2673 3905 3059 3955 damnationem
3092 3921 3281 3969 meant,
3332 3923 3379 3962 et

1842 3972 2049 4039 pingues
2080 3978 2247 4041 tauri,
2308 3975 2356 4028 id
2403 3982 2504 4033 est.
2556 3973 2817 4039 principes
2856 3987 3038 4024 eorum
3070 3973 3120 4025 in
3152 3981 3376 4031 terrenis

1841 4044 2272 4108 prosperitatibus
2310 4044 2669 4110 superbientes
2695 4042 2990 4093 obsederunt
3019 4057 3095 4094 me
3126 4051 3375 4113 tanquam

1840 4124 1984 4162 reum
2018 4124 2066 4163 et
2089 4114 2460 4166 damnandum.
3348 4128 3352 4135 ‘

1912 4180 1973 4232 Et
2004 4195 2300 4249 aperuerunt
2340 4198 2586 4249 superine
2613 4200 2666 4235 os
2688 4199 2850 4245 stituit,
2876 4197 2978 4234 non
3014 4193 3175 4246 tuum,
3210 4183 3257 4237 id
3274 4195 3373 4251 est,

1839 4248 2221 4305 damnaverunt
2259 4270 2343 4306 me
2391 4270 2491 4305 non
2532 4255 2596 4306 de
2641 4262 2917 4306 sententiis
2960 4248 3371 4320 Scripturarum,

1839 4321 1928 4371 sed
1960 4324 2023 4372 de
2070 4323 2506 4388 ciuicttpiscetttiis
2559 4324 2686 4373 suis.
2721 4322 2842 4389 Ipsi,
2893 4324 3034 4383 dico,
3086 4325 3373 4381 existentes

1839 4392 1973 4462 sicut
1996 4393 2075 4443 leo
2105 4402 2313 4457 paratus
2342 4394 2403 4443 ad
2455 4392 2834 4462 devorandum,
2864 4392 2947 4457 qui
2979 4404 3059 4444 est
3084 4395 3292 4462 rapiens
3322 4407 3376 4450 et

1840 4460 2068 4525 rugiens.
2102 4461 2324 4523 ltapiens
2358 4462 2438 4512 leo
2483 4459 2687 4512 fuerunt
2719 4459 2909 4523 Judaii,
2938 4459 3156 4529 quando
3198 4466 3374 4517 Domi-

1836 4543 1957 4578 ltum
1988 4538 2041 4581 et
2083 4540 2330 4594 ceperunt
2357 4539 2407 4581 et
2434 4530 2748 4597 ligaverunt,
2780 4540 2834 4581 et
2862 4532 2924 4581 ad
2957 4534 3230 4595 pontitices
3277 4538 3369 4586 ad-

1835 4599 2123 4668 duxerunt;
2183 4614 2392 4668 rugiens
2426 4614 2549 4650 vero
2582 4601 2662 4651 leo
2690 4600 2916 4661 fuerunt,
2949 4616 3068 4652 cum
3102 4620 3199 4654 uua
3249 4620 3373 4658 voce

1834 4667 2001 4720 Pilato
2029 4671 2271 4720 dixerunt
2307 4686 2316 4719 :
2343 4668 2608 4733 Cruci/ﬁge,
2635 4670 2869 4735 cruci/iga
2907 4684 3041 4720 eum.

1905 4740 2047 4792 Sicut
2073 4754 2203 4805 aqua
2231 4738 2435 4803 e/Tusus.
2470 4748 2819 4805 Aperueruut,
2848 4753 3078 4801 inquam.
3109 4754 3166 4791 os
3194 4753 3371 4806 ειιιιιιι,

1835 4811 2010 4861 ethoc
2052 4811 2203 4859 modo
2231 4810 2427 4860 etl‘uSiis
2458 4824 2592 4869 sum,
2626 4808 2675 4859 id
2725 4817 2821 4868 est,
2858 4807 3025 4858 viliter
3063 4809 3177 4861 sine
3224 4827 3367 4864 υιιιιιι

1834 4880 2302 4944 circumspectione
2329 4888 2377 4929 et
2408 4894 2530 4929 cura
2557 4880 2621 4926 ah
2650 4877 2725 4929 eis
2756 4879 3031 4929 damnatus
3059 4893 3175 4930 sunt
3194 4920 3207 4942 ,
3236 4895 3371 4931 sicut.

1834 4964 1964 5015 aqua
1996 4950 2131 4999 inter
2161 4957 2374 4999 canere.-
2410 4950 2634 5013 liquores
2682 4948 3161 5015 incircumSpectius
3203 4951 3369 5001 ell'nn-

1833 5019 1992 5079 ditur,
2026 5029 2074 5069 et
2104 5017 2219 5068 ideo
2251 5016 2413 5067 munia
2455 5032 2566 5067 ossa
2588 5030 2714 5078 meo,
2742 5015 2790 5068 id
2819 5031 2934 5082 est,
2985 5034 3168 5073 omnes
3216 5022 3371 5070 robu-

1833 5091 2020 5140 stio.es
2075 5092 2140 5139 de
2189 5090 2339 5148 meis,
2371 5086 2589 5153 dispersi
2640 5099 2780 5141 sunt.
2826 5088 2971 5140 Unde
3019 5092 3210 5143 dictum
3242 5098 3368 5142 est;

1839 5156 2120 5209 Pcrcutiom
2159 5168 2428 5221 pastorem,
2462 5167 2506 5208 ct
2537 5156 2881 5224 dispergentur
2910 5174 3021 5210 oves
3070 5159 3265 5227 gregis;
3313 5171 3372 5213 et

1832 5230 1948 5294 quia
1981 5242 2098 5278 ossa
2154 5233 2385 5293 dispersa
2438 5236 2575 5287 sunt,
2603 5227 2717 5277 ideo
2744 5241 2829 5275 cor
2853 5242 3035 5292 meum,
3066 5228 3112 5278 id
3142 5238 3241 5291 est,
3276 5230 3369 5283 do-

1832 5297 1995 5348 ctrina
2037 5297 2445 5364 Scripturarnm,
2475 5312 2588 5361 que
2619 5294 2735 5346 ideo
2762 5306 2841 5365 est
2887 5312 2977 5347 cor
3005 5296 3207 5359 ιίιειιιιι,
3242 5314 3364 5365 quta

1830 5368 1935 5429 agit
1960 5365 2025 5415 de
2053 5368 2290 5419 interiori
2315 5383 2429 5420 meo
2456 5364 2732 5431 praecipue,
2769 5364 2815 5417 id
2843 5376 2942 5423 est.
2975 5366 3041 5417 de
3070 5364 3365 5427 divinitate,

1830 5445 1881 5484 et
1910 5450 2024 5499 qnw
2050 5439 2192 5499 prius
2221 5441 2364 5488 lirma
2396 5446 2535 5497 erat,
2588 5436 2719 5488 tacta
2752 5449 2825 5487 est
2859 5435 3148 5501 tiquescens,
3180 5435 3231 5487 id
3261 5447 3361 5495 est,

1832 5503 2004 5565 labiis,
2028 5514 2080 5554 et
2110 5504 2333 5565 iulirma,
2352 5508 2400 5557 in
2418 5507 2577 5555 medio
2602 5505 2780 5556 ventris
2803 5510 2915 5565 mei,
2934 5505 2979 5555 id
3001 5515 3101 5565 est,
3125 5505 3177 5557 itt
3204 5506 3364 5559 Corde

1833 5588 2085 5633 lucorum,
2111 5578 2196 5641 qui
2246 5576 2513 5628 molliores
2542 5586 2594 5627 et
2641 5576 2953 5626 inﬁrmiores
3002 5582 3172 5641 erant,
3224 5577 3371 5629 sicut‘

1834 5652 2011 5712 venter
2070 5644 2118 5712 in
2172 5648 2411 5711 corporis
2463 5645 2690 5712 partibus
2742 5641 2947 5712 molior
3006 5652 3127 5707 est;
3175 5654 3228 5699 et
3281 5660 3363 5700 est

1832 5711 2056 5767 breviter
2086 5711 2198 5767 hcc
2218 5711 2476 5768 sententia
2498 5732 2503 5761 :
2526 5711 2787 5767 l‘reconia
2817 5712 3222 5785 Scripturarum,
3250 5737 3362 5788 qum
