  <div class='ocr_page' id='page_1' title='image "/cluster/home/n/w/nwhite01/storage/ocr_20150623/92-93/uva.x000827076/828.png"; bbox 0 0 3912 6230; ppageno 0'>
   <div class='ocr_carea' id='block_1_1' title="bbox 8 333 220 402">
    <p class='ocr_par' dir='ltr' id='par_1_1' title="bbox 8 333 220 402">
     <span class='ocr_line' id='line_1_1' title="bbox 8 333 220 402; baseline 0.052 -11"><span class='ocrx_word' id='word_1_1' title='bbox 8 333 220 402; x_wconf 60' lang='grc' dir='ltr'><strong>ενι</strong></span> 
     </span>
    </p>
   </div>
   <div class='ocr_carea' id='block_1_2' title="bbox 873 351 2624 411">
    <p class='ocr_par' dir='ltr' id='par_1_2' title="bbox 873 351 2624 411">
     <span class='ocr_line' id='line_1_2' title="bbox 873 351 2624 411; baseline 0.002 -4"><span class='ocrx_word' id='word_1_2' title='bbox 873 351 935 407; x_wconf 74' lang='grc' dir='ltr'><strong>ΙΝ</strong></span> <span class='ocrx_word' id='word_1_3' title='bbox 978 353 1389 409; x_wconf 67' lang='grc' dir='ltr'><strong>ΡδΑωιοιιυδι</strong></span> <span class='ocrx_word' id='word_1_4' title='bbox 1433 353 1677 408; x_wconf 68' lang='lat' dir='ltr'><strong>LIBRUM</strong></span> <span class='ocrx_word' id='word_1_5' title='bbox 1725 351 2078 408; x_wconf 74' lang='lat' dir='ltr'><strong>EXEGESlS.</strong></span> <span class='ocrx_word' id='word_1_6' title='bbox 2121 389 2190 398; x_wconf 83' lang='lat'><strong>--</strong></span> <span class='ocrx_word' id='word_1_7' title='bbox 2230 357 2418 411; x_wconf 76' lang='lat' dir='ltr'><strong>PSAI..</strong></span> <span class='ocrx_word' id='word_1_8' title='bbox 2461 356 2624 411; x_wconf 70' lang='lat' dir='ltr'><strong>XXII.</strong></span> 
     </span>
    </p>
   </div>
   <div class='ocr_carea' id='block_1_3' title="bbox 3238 360 3340 415">
    <p class='ocr_par' dir='ltr' id='par_1_3' title="bbox 3238 360 3340 415">
     <span class='ocr_line' id='line_1_3' title="bbox 3238 360 3340 415; baseline -0.059 -1"><span class='ocrx_word' id='word_1_9' title='bbox 3238 360 3340 415; x_wconf 70' lang='lat'><strong>503</strong></span> 
     </span>
    </p>
   </div>
   <div class='ocr_carea' id='block_1_4' title="bbox 9 464 3346 534">
    <p class='ocr_par' dir='ltr' id='par_1_4' title="bbox 9 464 3346 534">
     <span class='ocr_line' id='line_1_4' title="bbox 9 464 3346 534; baseline 0.003 -23"><span class='ocrx_word' id='word_1_10' title='bbox 9 470 322 534; x_wconf 61' lang='lat' dir='ltr'><strong>Qassus</strong></span> <span class='ocrx_word' id='word_1_11' title='bbox 351 466 441 528; x_wconf 83' lang='lat' dir='ltr'><strong>sit,</strong></span> <span class='ocrx_word' id='word_1_12' title='bbox 473 464 690 534; x_wconf 83' lang='lat' dir='ltr'><strong>inseruit</strong></span> <span class='ocrx_word' id='word_1_13' title='bbox 717 465 872 517; x_wconf 88' lang='lat' dir='ltr'><strong>etiam</strong></span> <span class='ocrx_word' id='word_1_14' title='bbox 903 465 968 517; x_wconf 89' lang='lat' dir='ltr'><strong>de</strong></span> <span class='ocrx_word' id='word_1_15' title='bbox 989 467 1389 530; x_wconf 71' lang='lat' dir='ltr'><strong>resurrectione,</strong></span> <span class='ocrx_word' id='word_1_16' title='bbox 1414 475 1466 519; x_wconf 92' lang='lat' dir='ltr'><strong>et</strong></span> <span class='ocrx_word' id='word_1_17' title='bbox 1513 466 1562 518; x_wconf 91' lang='lat' dir='ltr'><strong>in</strong></span> <span class='ocrx_word' id='word_1_18' title='bbox 1597 465 1677 517; x_wconf 98' lang='lat' dir='ltr'><strong>his</strong></span> <span class='ocrx_word' id='word_1_19' title='bbox 1707 467 1754 524; x_wconf 80' lang='grc' dir='ltr'><strong>Α</strong></span> <span class='ocrx_word' id='word_1_20' title='bbox 1781 465 2159 527; x_wconf 74' lang='lat' dir='ltr'><strong>saturabuntur,</strong></span> <span class='ocrx_word' id='word_1_21' title='bbox 2205 467 2251 518; x_wconf 92' lang='lat' dir='ltr'><strong>id</strong></span> <span class='ocrx_word' id='word_1_22' title='bbox 2277 475 2358 520; x_wconf 89' lang='lat' dir='ltr'><strong>est</strong></span> <span class='ocrx_word' id='word_1_23' title='bbox 2405 467 2759 534; x_wconf 65' lang='lat' dir='ltr'><strong>imitabantur.</strong></span> <span class='ocrx_word' id='word_1_24' title='bbox 2796 469 2904 534; x_wconf 85' lang='lat' dir='ltr'><strong>ipsa</strong></span> <span class='ocrx_word' id='word_1_25' title='bbox 2952 469 3093 523; x_wconf 88' lang='lat' dir='ltr'><strong>enim</strong></span> <span class='ocrx_word' id='word_1_26' title='bbox 3126 471 3346 523; x_wconf 80' lang='lat' dir='ltr'><strong>imitatio</strong></span> 
     </span>
    </p>
   </div>
   <div class='ocr_carea' id='block_1_5' title="bbox 11 523 1682 600">
    <p class='ocr_par' dir='ltr' id='par_1_5' title="bbox 11 523 1682 600">
     <span class='ocr_line' id='line_1_5' title="bbox 11 523 1682 600; baseline 0.007 -20"><span class='ocrx_word' id='word_1_27' title='bbox 11 523 340 600; x_wconf 55' lang='lat' dir='ltr'><strong>qvlobus</strong></span> <span class='ocrx_word' id='word_1_28' title='bbox 381 523 629 600; x_wconf 75' lang='lat' dir='ltr'><strong>proximis</strong></span> <span class='ocrx_word' id='word_1_29' title='bbox 657 534 894 586; x_wconf 83' lang='lat' dir='ltr'><strong>versibus</strong></span> <span class='ocrx_word' id='word_1_30' title='bbox 920 544 970 587; x_wconf 90' lang='lat' dir='ltr'><strong>et</strong></span> <span class='ocrx_word' id='word_1_31' title='bbox 994 523 1486 598; x_wconf 35' lang='lat' dir='ltr'><strong>superiorihnsfubi</strong></span> <span class='ocrx_word' id='word_1_32' title='bbox 1514 537 1646 586; x_wconf 81' lang='lat' dir='ltr'><strong>dixit</strong></span> <span class='ocrx_word' id='word_1_33' title='bbox 1672 560 1682 591; x_wconf 87' lang='lat'><strong>:</strong></span> 
     </span>
    </p>
   </div>
   <div class='ocr_carea' id='block_1_6' title="bbox 23 593 1688 673">
    <p class='ocr_par' dir='ltr' id='par_1_6' title="bbox 23 593 1688 673">
     <span class='ocr_line' id='line_1_6' title="bbox 23 593 1688 673; baseline 0.004 -24"><span class='ocrx_word' id='word_1_34' title='bbox 23 593 120 646; x_wconf 75' lang='grc' dir='ltr'><em>Ν</em></span> <span class='ocrx_word' id='word_1_35' title='bbox 137 616 192 650; x_wconf 75' lang='lat' dir='ltr'><strong>e</strong></span> <span class='ocrx_word' id='word_1_36' title='bbox 244 593 535 656; x_wconf 70' lang='lat' dir='ltr'><strong>discesseris</strong></span> <span class='ocrx_word' id='word_1_37' title='bbox 558 621 586 654; x_wconf 89' lang='lat' dir='ltr'><strong>a</strong></span> <span class='ocrx_word' id='word_1_38' title='bbox 611 620 709 663; x_wconf 84' lang='lat' dir='ltr'><strong>me;</strong></span> <span class='ocrx_word' id='word_1_39' title='bbox 738 619 873 655; x_wconf 90' lang='lat' dir='ltr'><strong>nunc</strong></span> <span class='ocrx_word' id='word_1_40' title='bbox 902 593 1075 657; x_wconf 77' lang='lat' dir='ltr'><strong>autem</strong></span> <span class='ocrx_word' id='word_1_41' title='bbox 1100 593 1386 673; x_wconf 75' lang='lat' dir='ltr'><strong>ingreditur</strong></span> <span class='ocrx_word' id='word_1_42' title='bbox 1411 606 1688 662; x_wconf 70' lang='lat' dir='ltr'><strong>oatendere</strong></span> 
     </span>
    </p>
   </div>
   <div class='ocr_carea' id='block_1_7' title="bbox 23 673 1684 738">
    <p class='ocr_par' dir='ltr' id='par_1_7' title="bbox 23 673 1684 738">
     <span class='ocr_line' id='line_1_7' title="bbox 23 673 1684 738; baseline 0.005 -18"><span class='ocrx_word' id='word_1_43' title='bbox 23 679 84 730; x_wconf 78' lang='grc' dir='ltr'>η</span> <span class='ocrx_word' id='word_1_44' title='bbox 103 683 303 738; x_wconf 67' lang='lat' dir='ltr'><strong>nare</strong></span> <span class='ocrx_word' id='word_1_45' title='bbox 334 688 517 738; x_wconf 88' lang='lat' dir='ltr'><strong>passus</strong></span> <span class='ocrx_word' id='word_1_46' title='bbox 543 675 629 726; x_wconf 85' lang='lat' dir='ltr'><strong>sit.</strong></span> <span class='ocrx_word' id='word_1_47' title='bbox 661 673 817 737; x_wconf 83' lang='lat' dir='ltr'><strong>Quasi</strong></span> <span class='ocrx_word' id='word_1_48' title='bbox 851 673 986 725; x_wconf 84' lang='lat' dir='ltr'><strong>dicat</strong></span> <span class='ocrx_word' id='word_1_49' title='bbox 1020 692 1031 724; x_wconf 91' lang='lat'><strong>:</strong></span> <span class='ocrx_word' id='word_1_50' title='bbox 1068 674 1187 727; x_wconf 87' lang='lat' dir='ltr'><strong>ldco</strong></span> <span class='ocrx_word' id='word_1_51' title='bbox 1214 682 1331 737; x_wconf 78' lang='lat' dir='ltr'><strong>peto</strong></span> <span class='ocrx_word' id='word_1_52' title='bbox 1356 689 1437 725; x_wconf 90' lang='lat' dir='ltr'><strong>me</strong></span> <span class='ocrx_word' id='word_1_53' title='bbox 1465 684 1516 727; x_wconf 91' lang='lat' dir='ltr'><strong>et</strong></span> <span class='ocrx_word' id='word_1_54' title='bbox 1540 691 1684 729; x_wconf 86' lang='lat' dir='ltr'><strong>meos</strong></span> 
     </span>
    </p>
   </div>
   <div class='ocr_carea' id='block_1_8' title="bbox 27 737 1686 810">
    <p class='ocr_par' dir='ltr' id='par_1_8' title="bbox 27 737 1686 810">
     <span class='ocr_line' id='line_1_8' title="bbox 27 737 1686 810; baseline 0.008 -25"><span class='ocrx_word' id='word_1_55' title='bbox 27 737 170 788; x_wconf 71' lang='lat' dir='ltr'><strong>sa!</strong></span> <span class='ocrx_word' id='word_1_56' title='bbox 189 737 353 803; x_wconf 63' lang='lat' dir='ltr'><strong>vari,</strong></span> <span class='ocrx_word' id='word_1_57' title='bbox 387 745 500 806; x_wconf 83' lang='lat' dir='ltr'><strong>quia</strong></span> <span class='ocrx_word' id='word_1_58' title='bbox 557 745 767 796; x_wconf 80' lang='lat' dir='ltr'><strong>narrabo</strong></span> <span class='ocrx_word' id='word_1_59' title='bbox 795 757 892 810; x_wconf 86' lang='lat' dir='ltr'><strong>ego</strong></span> <span class='ocrx_word' id='word_1_60' title='bbox 921 751 973 794; x_wconf 87' lang='lat' dir='ltr'><strong>et</strong></span> <span class='ocrx_word' id='word_1_61' title='bbox 1017 745 1304 797; x_wconf 85' lang='lat' dir='ltr'><strong>narrabunt</strong></span> <span class='ocrx_word' id='word_1_62' title='bbox 1359 745 1457 796; x_wconf 89' lang='lat' dir='ltr'><strong>mei</strong></span> <span class='ocrx_word' id='word_1_63' title='bbox 1510 761 1686 799; x_wconf 86' lang='lat' dir='ltr'><strong>nomen</strong></span> 
     </span>
    </p>
   </div>
   <div class='ocr_carea' id='block_1_9' title="bbox 31 811 1685 880">
    <p class='ocr_par' dir='ltr' id='par_1_9' title="bbox 31 811 1685 880">
     <span class='ocr_line' id='line_1_9' title="bbox 31 811 1685 880; baseline 0.002 -20"><span class='ocrx_word' id='word_1_64' title='bbox 31 815 304 880; x_wconf 49' lang='lat' dir='ltr'><strong>(nam,</strong></span> <span class='ocrx_word' id='word_1_65' title='bbox 351 813 399 864; x_wconf 89' lang='lat' dir='ltr'><strong>id</strong></span> <span class='ocrx_word' id='word_1_66' title='bbox 430 822 506 865; x_wconf 74' lang='lat' dir='ltr'><strong>eat</strong></span> <span class='ocrx_word' id='word_1_67' title='bbox 538 812 752 879; x_wconf 77' lang='lat' dir='ltr'><strong>gloriam</strong></span> <span class='ocrx_word' id='word_1_68' title='bbox 789 821 836 864; x_wconf 92' lang='lat' dir='ltr'><strong>et</strong></span> <span class='ocrx_word' id='word_1_69' title='bbox 869 811 1074 865; x_wconf 87' lang='lat' dir='ltr'><strong>laudem</strong></span> <span class='ocrx_word' id='word_1_70' title='bbox 1130 821 1290 872; x_wconf 86' lang='lat' dir='ltr'><strong>tuam,</strong></span> <span class='ocrx_word' id='word_1_71' title='bbox 1326 813 1522 865; x_wconf 78' lang='lat' dir='ltr'><strong>scilicet</strong></span> <span class='ocrx_word' id='word_1_72' title='bbox 1548 819 1685 880; x_wconf 84' lang='lat' dir='ltr'><strong>quod</strong></span> 
     </span>
    </p>
   </div>
   <div class='ocr_carea' id='block_1_10' title="bbox 31 877 1685 947">
    <p class='ocr_par' dir='ltr' id='par_1_10' title="bbox 31 877 1685 947">
     <span class='ocr_line' id='line_1_10' title="bbox 31 877 1685 947; baseline 0.005 -18"><span class='ocrx_word' id='word_1_73' title='bbox 31 877 158 929; x_wconf 71' lang='lat' dir='ltr'><strong>de</strong></span> <span class='ocrx_word' id='word_1_74' title='bbox 252 877 622 945; x_wconf 79' lang='lat' dir='ltr'><strong>peccatoribus</strong></span> <span class='ocrx_word' id='word_1_75' title='bbox 646 881 834 947; x_wconf 76' lang='lat' dir='ltr'><strong>justos,</strong></span> <span class='ocrx_word' id='word_1_76' title='bbox 876 892 927 934; x_wconf 89' lang='lat' dir='ltr'><strong>et</strong></span> <span class='ocrx_word' id='word_1_77' title='bbox 950 881 1015 934; x_wconf 92' lang='lat' dir='ltr'><strong>de</strong></span> <span class='ocrx_word' id='word_1_78' title='bbox 1046 883 1306 934; x_wconf 77' lang='lat' dir='ltr'><strong>damnatis</strong></span> <span class='ocrx_word' id='word_1_79' title='bbox 1347 882 1474 934; x_wconf 85' lang='lat' dir='ltr'><strong>facis</strong></span> <span class='ocrx_word' id='word_1_80' title='bbox 1502 877 1578 935; x_wconf 48' lang='lat' dir='ltr'><strong>in&#39;</strong></span> <span class='ocrx_word' id='word_1_81' title='bbox 1605 901 1685 937; x_wconf 87' lang='lat' dir='ltr'><strong>re-</strong></span> 
     </span>
    </p>
   </div>
   <div class='ocr_carea' id='block_1_11' title="bbox 39 950 1687 1019">
    <p class='ocr_par' dir='ltr' id='par_1_11' title="bbox 39 950 1687 1019">
     <span class='ocr_line' id='line_1_11' title="bbox 39 950 1687 1019; baseline 0.007 -23"><span class='ocrx_word' id='word_1_82' title='bbox 39 961 297 1019; x_wconf 62' lang='lat' dir='ltr'><strong>gnum</strong></span> <span class='ocrx_word' id='word_1_83' title='bbox 329 961 666 1016; x_wconf 81' lang='lat' dir='ltr'><strong>assumptus;</strong></span> <span class='ocrx_word' id='word_1_84' title='bbox 698 952 932 1019; x_wconf 74' lang='lat' dir='ltr'><strong>fratribus</strong></span> <span class='ocrx_word' id='word_1_85' title='bbox 962 952 1102 1014; x_wconf 77' lang='lat' dir='ltr'><strong>meis,</strong></span> <span class='ocrx_word' id='word_1_86' title='bbox 1131 950 1180 1004; x_wconf 95' lang='lat' dir='ltr'><strong>id</strong></span> <span class='ocrx_word' id='word_1_87' title='bbox 1221 964 1322 1013; x_wconf 84' lang='lat' dir='ltr'><strong>est,</strong></span> <span class='ocrx_word' id='word_1_88' title='bbox 1354 953 1469 1004; x_wconf 90' lang='lat' dir='ltr'><strong>aliis</strong></span> <span class='ocrx_word' id='word_1_89' title='bbox 1495 956 1687 1008; x_wconf 85' lang='lat' dir='ltr'><strong>renatis</strong></span> 
     </span>
    </p>
   </div>
   <div class='ocr_carea' id='block_1_12' title="bbox 41 1016 1684 1089">
    <p class='ocr_par' dir='ltr' id='par_1_12' title="bbox 41 1016 1684 1089">
     <span class='ocr_line' id='line_1_12' title="bbox 41 1016 1684 1089; baseline 0.004 -20"><span class='ocrx_word' id='word_1_90' title='bbox 41 1016 161 1067; x_wconf 77' lang='lat' dir='ltr'><strong>de</strong></span> <span class='ocrx_word' id='word_1_91' title='bbox 239 1022 430 1089; x_wconf 84' lang='lat' dir='ltr'><strong>eodem</strong></span> <span class='ocrx_word' id='word_1_92' title='bbox 467 1020 633 1072; x_wconf 85' lang='lat' dir='ltr'><strong>fructu</strong></span> <span class='ocrx_word' id='word_1_93' title='bbox 673 1016 950 1089; x_wconf 77' lang='lat' dir='ltr'><strong>spirituali,</strong></span> <span class='ocrx_word' id='word_1_94' title='bbox 983 1020 1203 1079; x_wconf 83' lang='lat' dir='ltr'><strong>scilicet.</strong></span> <span class='ocrx_word' id='word_1_95' title='bbox 1248 1022 1383 1073; x_wconf 88' lang='lat' dir='ltr'><strong>unde</strong></span> <span class='ocrx_word' id='word_1_96' title='bbox 1411 1038 1506 1088; x_wconf 90' lang='lat' dir='ltr'><strong>ego</strong></span> <span class='ocrx_word' id='word_1_97' title='bbox 1536 1035 1684 1075; x_wconf 85' lang='lat' dir='ltr'><strong>natus</strong></span> 
     </span>
    </p>
   </div>
   <div class='ocr_carea' id='block_1_13' title="bbox 41 1088 1684 1154">
    <p class='ocr_par' dir='ltr' id='par_1_13' title="bbox 41 1088 1684 1154">
     <span class='ocr_line' id='line_1_13' title="bbox 41 1088 1684 1154; baseline 0.008 -21"><span class='ocrx_word' id='word_1_98' title='bbox 41 1097 273 1140; x_wconf 78' lang='lat' dir='ltr'><strong>sum.</strong></span> <span class='ocrx_word' id='word_1_99' title='bbox 311 1088 379 1140; x_wconf 83' lang='lat' dir='ltr'><strong>Et</strong></span> <span class='ocrx_word' id='word_1_100' title='bbox 407 1090 619 1142; x_wconf 82' lang='lat' dir='ltr'><strong>laudabo</strong></span> <span class='ocrx_word' id='word_1_101' title='bbox 663 1088 710 1142; x_wconf 84' lang='lat' dir='ltr'><strong>te</strong></span> <span class='ocrx_word' id='word_1_102' title='bbox 736 1108 831 1154; x_wconf 82' lang='lat' dir='ltr'><strong>ego</strong></span> <span class='ocrx_word' id='word_1_103' title='bbox 870 1102 921 1142; x_wconf 91' lang='lat' dir='ltr'><strong>et</strong></span> <span class='ocrx_word' id='word_1_104' title='bbox 953 1091 1051 1142; x_wconf 89' lang='lat' dir='ltr'><strong>mei</strong></span> <span class='ocrx_word' id='word_1_105' title='bbox 1081 1091 1131 1141; x_wconf 85' lang='lat' dir='ltr'><strong>in</strong></span> <span class='ocrx_word' id='word_1_106' title='bbox 1157 1092 1318 1142; x_wconf 87' lang='lat' dir='ltr'><strong>medio</strong></span> <span class='ocrx_word' id='word_1_107' title='bbox 1347 1091 1602 1153; x_wconf 70' lang='lat' dir='ltr'><strong>Ecclesiae,</strong></span> <span class='ocrx_word' id='word_1_108' title='bbox 1635 1096 1684 1147; x_wconf 89' lang='lat' dir='ltr'><strong>id</strong></span> 
     </span>
    </p>
   </div>
   <div class='ocr_carea' id='block_1_14' title="bbox 54 1159 1685 1222">
    <p class='ocr_par' dir='ltr' id='par_1_14' title="bbox 54 1159 1685 1222">
     <span class='ocr_line' id='line_1_14' title="bbox 54 1159 1685 1222; baseline 0.007 -19"><span class='ocrx_word' id='word_1_109' title='bbox 54 1164 237 1217; x_wconf 70' lang='lat' dir='ltr'><strong>est,</strong></span> <span class='ocrx_word' id='word_1_110' title='bbox 275 1174 380 1211; x_wconf 92' lang='lat' dir='ltr'><strong>non</strong></span> <span class='ocrx_word' id='word_1_111' title='bbox 415 1169 614 1211; x_wconf 86' lang='lat' dir='ltr'><strong>tantum</strong></span> <span class='ocrx_word' id='word_1_112' title='bbox 645 1161 697 1212; x_wconf 91' lang='lat' dir='ltr'><strong>in</strong></span> <span class='ocrx_word' id='word_1_113' title='bbox 746 1159 969 1212; x_wconf 86' lang='lat' dir='ltr'><strong>Ecclesia</strong></span> <span class='ocrx_word' id='word_1_114' title='bbox 1001 1161 1066 1210; x_wconf 90' lang='lat' dir='ltr'><strong>de</strong></span> <span class='ocrx_word' id='word_1_115' title='bbox 1109 1160 1323 1222; x_wconf 63' lang='lat' dir='ltr'><strong>Judaris,</strong></span> <span class='ocrx_word' id='word_1_116' title='bbox 1371 1162 1463 1214; x_wconf 88' lang='lat' dir='ltr'><strong>sed</strong></span> <span class='ocrx_word' id='word_1_117' title='bbox 1521 1162 1571 1213; x_wconf 88' lang='lat' dir='ltr'><strong>iii</strong></span> <span class='ocrx_word' id='word_1_118' title='bbox 1600 1179 1685 1214; x_wconf 87' lang='lat' dir='ltr'><strong>ca-</strong></span> 
     </span>
    </p>
   </div>
   <div class='ocr_carea' id='block_1_15' title="bbox 57 1227 1685 1297">
    <p class='ocr_par' dir='ltr' id='par_1_15' title="bbox 57 1227 1685 1297">
     <span class='ocr_line' id='line_1_15' title="bbox 57 1227 1685 1297; baseline 0.009 -26"><span class='ocrx_word' id='word_1_119' title='bbox 57 1227 361 1288; x_wconf 73' lang='lat' dir='ltr'><strong>tholica,</strong></span> <span class='ocrx_word' id='word_1_120' title='bbox 396 1227 441 1279; x_wconf 91' lang='lat' dir='ltr'><strong>id</strong></span> <span class='ocrx_word' id='word_1_121' title='bbox 497 1239 595 1289; x_wconf 88' lang='lat' dir='ltr'><strong>est,</strong></span> <span class='ocrx_word' id='word_1_122' title='bbox 655 1231 704 1281; x_wconf 91' lang='lat' dir='ltr'><strong>in</strong></span> <span class='ocrx_word' id='word_1_123' title='bbox 736 1229 998 1282; x_wconf 88' lang='lat' dir='ltr'><strong>cmnmuni</strong></span> <span class='ocrx_word' id='word_1_124' title='bbox 1049 1228 1302 1289; x_wconf 85' lang='lat' dir='ltr'><strong>Ecclesia,</strong></span> <span class='ocrx_word' id='word_1_125' title='bbox 1354 1231 1501 1297; x_wconf 82' lang='lat' dir='ltr'><strong>cujus</strong></span> <span class='ocrx_word' id='word_1_126' title='bbox 1554 1248 1685 1286; x_wconf 88' lang='lat' dir='ltr'><strong>unus</strong></span> 
     </span>
    </p>
   </div>
   <div class='ocr_carea' id='block_1_16' title="bbox 53 1298 1681 1363">
    <p class='ocr_par' dir='ltr' id='par_1_16' title="bbox 53 1298 1681 1363">
     <span class='ocr_line' id='line_1_16' title="bbox 53 1298 1681 1363; baseline 0.008 -22"><span class='ocrx_word' id='word_1_127' title='bbox 53 1298 308 1357; x_wconf 73' lang='lat' dir='ltr'><strong>paries</strong></span> <span class='ocrx_word' id='word_1_128' title='bbox 339 1299 406 1350; x_wconf 91' lang='lat' dir='ltr'><strong>de</strong></span> <span class='ocrx_word' id='word_1_129' title='bbox 454 1298 668 1359; x_wconf 60' lang='lat' dir='ltr'><strong>ludatis,</strong></span> <span class='ocrx_word' id='word_1_130' title='bbox 715 1300 843 1351; x_wconf 82' lang='lat' dir='ltr'><strong>alter</strong></span> <span class='ocrx_word' id='word_1_131' title='bbox 873 1312 995 1350; x_wconf 87' lang='lat' dir='ltr'><strong>vero</strong></span> <span class='ocrx_word' id='word_1_132' title='bbox 1023 1298 1088 1350; x_wconf 86' lang='lat' dir='ltr'><strong>de</strong></span> <span class='ocrx_word' id='word_1_133' title='bbox 1145 1299 1385 1357; x_wconf 77' lang='lat' dir='ltr'><strong>gentibus</strong></span> <span class='ocrx_word' id='word_1_134' title='bbox 1439 1304 1681 1363; x_wconf 76' lang='lat' dir='ltr'><strong>arcessit,</strong></span> 
     </span>
    </p>
   </div>
   <div class='ocr_carea' id='block_1_17' title="bbox 59 1365 1684 1438">
    <p class='ocr_par' dir='ltr' id='par_1_17' title="bbox 59 1365 1684 1438">
     <span class='ocr_line' id='line_1_17' title="bbox 59 1365 1684 1438; baseline 0.005 -22"><span class='ocrx_word' id='word_1_135' title='bbox 59 1365 206 1426; x_wconf 69' lang='lat' dir='ltr'><strong>qui</strong></span> <span class='ocrx_word' id='word_1_136' title='bbox 249 1382 346 1433; x_wconf 89' lang='lat' dir='ltr'><strong>per</strong></span> <span class='ocrx_word' id='word_1_137' title='bbox 375 1371 673 1435; x_wconf 76' lang='lat' dir='ltr'><strong>angularem</strong></span> <span class='ocrx_word' id='word_1_138' title='bbox 719 1368 944 1438; x_wconf 77' lang='lat' dir='ltr'><strong>lapidein</strong></span> <span class='ocrx_word' id='word_1_139' title='bbox 967 1368 1228 1438; x_wconf 81' lang='lat' dir='ltr'><strong>conjuncti</strong></span> <span class='ocrx_word' id='word_1_140' title='bbox 1259 1382 1396 1438; x_wconf 85' lang='lat' dir='ltr'><strong>sunt.</strong></span> <span class='ocrx_word' id='word_1_141' title='bbox 1447 1369 1534 1423; x_wconf 84' lang='lat' dir='ltr'><strong>Vel</strong></span> <span class='ocrx_word' id='word_1_142' title='bbox 1566 1373 1684 1438; x_wconf 85' lang='lat' dir='ltr'><strong>quia</strong></span> 
     </span>
    </p>
   </div>
   <div class='ocr_carea' id='block_1_18' title="bbox 59 1437 1685 1503">
    <p class='ocr_par' dir='ltr' id='par_1_18' title="bbox 59 1437 1685 1503">
     <span class='ocr_line' id='line_1_18' title="bbox 59 1437 1685 1503; baseline 0.005 -22"><span class='ocrx_word' id='word_1_143' title='bbox 59 1438 496 1503; x_wconf 80' lang='lat' dir='ltr'><strong>unusquisque</strong></span> <span class='ocrx_word' id='word_1_144' title='bbox 524 1439 678 1488; x_wconf 86' lang='lat' dir='ltr'><strong>etiam</strong></span> <span class='ocrx_word' id='word_1_145' title='bbox 716 1437 880 1490; x_wconf 82' lang='lat' dir='ltr'><strong>fidelis</strong></span> <span class='ocrx_word' id='word_1_146' title='bbox 912 1437 1136 1489; x_wconf 81' lang='lat' dir='ltr'><strong>Ecclesia</strong></span> <span class='ocrx_word' id='word_1_147' title='bbox 1169 1437 1377 1498; x_wconf 78' lang='lat' dir='ltr'><strong>dicitur,</strong></span> <span class='ocrx_word' id='word_1_148' title='bbox 1412 1437 1685 1501; x_wconf 77' lang='lat' dir='ltr'><strong>possumus</strong></span> 
     </span>
    </p>
   </div>
   <div class='ocr_carea' id='block_1_19' title="bbox 61 1507 1682 1574">
    <p class='ocr_par' dir='ltr' id='par_1_19' title="bbox 61 1507 1682 1574">
     <span class='ocr_line' id='line_1_19' title="bbox 61 1507 1682 1574; baseline 0.009 -25"><span class='ocrx_word' id='word_1_149' title='bbox 61 1513 168 1551; x_wconf 74' lang='lat' dir='ltr'><strong>ita</strong></span> <span class='ocrx_word' id='word_1_150' title='bbox 209 1508 442 1559; x_wconf 80' lang='lat' dir='ltr'><strong>dicere:</strong></span> <span class='ocrx_word' id='word_1_151' title='bbox 477 1507 717 1557; x_wconf 84' lang='lat' dir='ltr'><strong>Laudabo</strong></span> <span class='ocrx_word' id='word_1_152' title='bbox 747 1518 790 1559; x_wconf 91' lang='lat' dir='ltr'><strong>te</strong></span> <span class='ocrx_word' id='word_1_153' title='bbox 818 1509 866 1558; x_wconf 87' lang='lat' dir='ltr'><strong>in</strong></span> <span class='ocrx_word' id='word_1_154' title='bbox 918 1508 1078 1558; x_wconf 85' lang='lat' dir='ltr'><strong>medio</strong></span> <span class='ocrx_word' id='word_1_155' title='bbox 1131 1507 1384 1570; x_wconf 74' lang='lat' dir='ltr'><strong>Ecclesiie,</strong></span> <span class='ocrx_word' id='word_1_156' title='bbox 1421 1510 1466 1561; x_wconf 89' lang='lat' dir='ltr'><strong>id</strong></span> <span class='ocrx_word' id='word_1_157' title='bbox 1499 1521 1599 1574; x_wconf 86' lang='lat' dir='ltr'><strong>est,</strong></span> <span class='ocrx_word' id='word_1_158' title='bbox 1634 1513 1682 1563; x_wconf 92' lang='lat' dir='ltr'><strong>in</strong></span> 
     </span>
    </p>
   </div>
   <div class='ocr_carea' id='block_1_20' title="bbox 61 1577 1680 1643">
    <p class='ocr_par' dir='ltr' id='par_1_20' title="bbox 61 1577 1680 1643">
     <span class='ocr_line' id='line_1_20' title="bbox 61 1577 1680 1643; baseline 0.007 -21"><span class='ocrx_word' id='word_1_159' title='bbox 61 1578 294 1643; x_wconf 64' lang='lat' dir='ltr'><strong>qorde</strong></span> <span class='ocrx_word' id='word_1_160' title='bbox 324 1577 577 1643; x_wconf 81' lang='lat' dir='ltr'><strong>cujusque</strong></span> <span class='ocrx_word' id='word_1_161' title='bbox 611 1577 796 1639; x_wconf 79' lang='lat' dir='ltr'><strong>fidelis,</strong></span> <span class='ocrx_word' id='word_1_162' title='bbox 852 1577 936 1641; x_wconf 88' lang='lat' dir='ltr'><strong>qui</strong></span> <span class='ocrx_word' id='word_1_163' title='bbox 966 1577 1254 1628; x_wconf 87' lang='lat' dir='ltr'><strong>membrum</strong></span> <span class='ocrx_word' id='word_1_164' title='bbox 1302 1588 1381 1630; x_wconf 88' lang='lat' dir='ltr'><strong>est</strong></span> <span class='ocrx_word' id='word_1_165' title='bbox 1413 1579 1680 1633; x_wconf 69' lang='lat' dir='ltr'><strong>Ecclt-sire.</strong></span> 
     </span>
    </p>
   </div>
   <div class='ocr_carea' id='block_1_21' title="bbox 61 1639 1683 1713">
    <p class='ocr_par' dir='ltr' id='par_1_21' title="bbox 61 1639 1683 1713">
     <span class='ocr_line' id='line_1_21' title="bbox 61 1639 1683 1713; baseline 0.007 -22"><span class='ocrx_word' id='word_1_166' title='bbox 61 1639 405 1713; x_wconf 66' lang='lat' dir='ltr'><strong>[:audabo,</strong></span> <span class='ocrx_word' id='word_1_167' title='bbox 451 1639 681 1712; x_wconf 84' lang='lat' dir='ltr'><strong>inquam,</strong></span> <span class='ocrx_word' id='word_1_168' title='bbox 742 1647 807 1696; x_wconf 88' lang='lat' dir='ltr'><strong>ita</strong></span> <span class='ocrx_word' id='word_1_169' title='bbox 848 1639 1072 1697; x_wconf 77' lang='lat' dir='ltr'><strong>dicens:</strong></span> <span class='ocrx_word' id='word_1_170' title='bbox 1123 1648 1316 1698; x_wconf 82' lang='lat' dir='ltr'><strong>Omnes</strong></span> <span class='ocrx_word' id='word_1_171' title='bbox 1370 1651 1452 1713; x_wconf 84' lang='lat' dir='ltr'><strong>qui</strong></span> <span class='ocrx_word' id='word_1_172' title='bbox 1504 1651 1683 1702; x_wconf 78' lang='lat' dir='ltr'><strong>timetis</strong></span> 
     </span>
    </p>
   </div>
   <div class='ocr_carea' id='block_1_22' title="bbox 67 1709 1683 1778">
    <p class='ocr_par' dir='ltr' id='par_1_22' title="bbox 67 1709 1683 1778">
     <span class='ocr_line' id='line_1_22' title="bbox 67 1709 1683 1778; baseline 0.006 -15"><span class='ocrx_word' id='word_1_173' title='bbox 67 1709 431 1777; x_wconf 84' lang='lat' dir='ltr'><strong>Dominum,</strong></span> <span class='ocrx_word' id='word_1_174' title='bbox 462 1709 646 1768; x_wconf 81' lang='lat' dir='ltr'><strong>timore</strong></span> <span class='ocrx_word' id='word_1_175' title='bbox 668 1725 831 1778; x_wconf 88' lang='lat' dir='ltr'><strong>casto,</strong></span> <span class='ocrx_word' id='word_1_176' title='bbox 853 1730 953 1766; x_wconf 89' lang='lat' dir='ltr'><strong>non</strong></span> <span class='ocrx_word' id='word_1_177' title='bbox 982 1717 1116 1768; x_wconf 85' lang='lat' dir='ltr'><strong>servi</strong></span> <span class='ocrx_word' id='word_1_178' title='bbox 1142 1717 1176 1775; x_wconf 89' lang='lat' dir='ltr'><strong>i,</strong></span> <span class='ocrx_word' id='word_1_179' title='bbox 1203 1709 1401 1769; x_wconf 77' lang='lat' dir='ltr'><strong>laudate</strong></span> <span class='ocrx_word' id='word_1_180' title='bbox 1423 1735 1530 1770; x_wconf 86' lang='lat' dir='ltr'><strong>eum</strong></span> <span class='ocrx_word' id='word_1_181' title='bbox 1560 1736 1683 1772; x_wconf 83' lang='lat' dir='ltr'><strong>vera</strong></span> 
     </span>
    </p>
   </div>
   <div class='ocr_carea' id='block_1_23' title="bbox 69 1778 1681 1850">
    <p class='ocr_par' dir='ltr' id='par_1_23' title="bbox 69 1778 1681 1850">
     <span class='ocr_line' id='line_1_23' title="bbox 69 1778 1681 1850; baseline 0.006 -18"><span class='ocrx_word' id='word_1_182' title='bbox 69 1778 330 1847; x_wconf 81' lang='lat' dir='ltr'><strong>laude,</strong></span> <span class='ocrx_word' id='word_1_183' title='bbox 388 1800 546 1850; x_wconf 90' lang='lat' dir='ltr'><strong>opere</strong></span> <span class='ocrx_word' id='word_1_184' title='bbox 599 1786 814 1845; x_wconf 82' lang='lat' dir='ltr'><strong>scilicet,</strong></span> <span class='ocrx_word' id='word_1_185' title='bbox 884 1799 984 1836; x_wconf 85' lang='lat' dir='ltr'><strong>non</strong></span> <span class='ocrx_word' id='word_1_186' title='bbox 1033 1800 1146 1838; x_wconf 90' lang='lat' dir='ltr'><strong>ore.</strong></span> <span class='ocrx_word' id='word_1_187' title='bbox 1188 1786 1457 1838; x_wconf 77' lang='lat' dir='ltr'><strong>Timentes</strong></span> <span class='ocrx_word' id='word_1_188' title='bbox 1510 1801 1681 1841; x_wconf 80' lang='lat' dir='ltr'><strong>autem</strong></span> 
     </span>
    </p>
   </div>
   <div class='ocr_carea' id='block_1_24' title="bbox 73 1850 1690 1923">
    <p class='ocr_par' dir='ltr' id='par_1_24' title="bbox 73 1850 1690 1923">
     <span class='ocr_line' id='line_1_24' title="bbox 73 1850 1690 1923; baseline 0.004 -20"><span class='ocrx_word' id='word_1_189' title='bbox 73 1850 412 1923; x_wconf 83' lang='lat' dir='ltr'><strong>_D_omiutim</strong></span> <span class='ocrx_word' id='word_1_190' title='bbox 440 1855 640 1920; x_wconf 78' lang='lat' dir='ltr'><strong>accipio</strong></span> <span class='ocrx_word' id='word_1_191' title='bbox 670 1868 848 1906; x_wconf 87' lang='lat' dir='ltr'><strong>semen</strong></span> <span class='ocrx_word' id='word_1_192' title='bbox 900 1853 1078 1916; x_wconf 82' lang='lat' dir='ltr'><strong>Jacob,</strong></span> <span class='ocrx_word' id='word_1_193' title='bbox 1121 1864 1173 1907; x_wconf 90' lang='lat' dir='ltr'><strong>et</strong></span> <span class='ocrx_word' id='word_1_194' title='bbox 1219 1868 1397 1908; x_wconf 81' lang='lat' dir='ltr'><strong>semen</strong></span> <span class='ocrx_word' id='word_1_195' title='bbox 1428 1855 1611 1923; x_wconf 70' lang='lat' dir='ltr'><strong>Israel,</strong></span> <span class='ocrx_word' id='word_1_196' title='bbox 1641 1871 1690 1909; x_wconf 81' lang='lat' dir='ltr'><strong>et</strong></span> 
     </span>
    </p>
   </div>
   <div class='ocr_carea' id='block_1_25' title="bbox 71 1920 1691 1992">
    <p class='ocr_par' dir='ltr' id='par_1_25' title="bbox 71 1920 1691 1992">
     <span class='ocr_line' id='line_1_25' title="bbox 71 1920 1691 1992; baseline 0.005 -20"><span class='ocrx_word' id='word_1_197' title='bbox 71 1920 249 1992; x_wconf 73' lang='lat' dir='ltr'><strong>ideo</strong></span> <span class='ocrx_word' id='word_1_198' title='bbox 277 1937 460 1976; x_wconf 81' lang='lat' dir='ltr'><strong>semen</strong></span> <span class='ocrx_word' id='word_1_199' title='bbox 518 1925 836 1984; x_wconf 89' lang='lat' dir='ltr'><strong>universum,</strong></span> <span class='ocrx_word' id='word_1_200' title='bbox 872 1924 920 1975; x_wconf 90' lang='lat' dir='ltr'><strong>id</strong></span> <span class='ocrx_word' id='word_1_201' title='bbox 969 1933 1067 1985; x_wconf 88' lang='lat' dir='ltr'><strong>est,</strong></span> <span class='ocrx_word' id='word_1_202' title='bbox 1104 1939 1196 1975; x_wconf 88' lang='lat' dir='ltr'><strong>vos</strong></span> <span class='ocrx_word' id='word_1_203' title='bbox 1238 1940 1421 1978; x_wconf 89' lang='lat' dir='ltr'><strong>omnes</strong></span> <span class='ocrx_word' id='word_1_204' title='bbox 1448 1928 1532 1992; x_wconf 88' lang='lat' dir='ltr'><strong>qui</strong></span> <span class='ocrx_word' id='word_1_205' title='bbox 1565 1920 1691 1980; x_wconf 78' lang='lat' dir='ltr'><strong>estis</strong></span> 
     </span>
    </p>
   </div>
   <div class='ocr_carea' id='block_1_26' title="bbox 76 1991 1690 2062">
    <p class='ocr_par' dir='ltr' id='par_1_26' title="bbox 76 1991 1690 2062">
     <span class='ocr_line' id='line_1_26' title="bbox 76 1991 1690 2062; baseline 0.006 -22"><span class='ocrx_word' id='word_1_206' title='bbox 76 1991 430 2062; x_wconf 79' lang='lat' dir='ltr'><strong>imitatores</strong></span> <span class='ocrx_word' id='word_1_207' title='bbox 477 1993 656 2054; x_wconf 82' lang='lat' dir='ltr'><strong>Jacob,</strong></span> <span class='ocrx_word' id='word_1_208' title='bbox 687 1993 989 2058; x_wconf 59' lang='lat' dir='ltr'><strong>posterioris</strong></span> <span class='ocrx_word' id='word_1_209' title='bbox 1019 1995 1238 2056; x_wconf 85' lang='lat' dir='ltr'><strong>scilicet,</strong></span> <span class='ocrx_word' id='word_1_210' title='bbox 1259 1999 1337 2046; x_wconf 88' lang='lat' dir='ltr'><strong>cui</strong></span> <span class='ocrx_word' id='word_1_211' title='bbox 1372 1991 1540 2062; x_wconf 76' lang='lat' dir='ltr'><strong>major</strong></span> <span class='ocrx_word' id='word_1_212' title='bbox 1581 2015 1690 2050; x_wconf 81' lang='lat' dir='ltr'><strong>ser-</strong></span> 
     </span>
    </p>
   </div>
   <div class='ocr_carea' id='block_1_27' title="bbox 73 2061 1689 2131">
    <p class='ocr_par' dir='ltr' id='par_1_27' title="bbox 73 2061 1689 2131">
     <span class='ocr_line' id='line_1_27' title="bbox 73 2061 1689 2131; baseline 0.007 -22"><span class='ocrx_word' id='word_1_213' title='bbox 73 2061 257 2124; x_wconf 79' lang='lat' dir='ltr'><strong>viet,</strong></span> <span class='ocrx_word' id='word_1_214' title='bbox 291 2062 413 2127; x_wconf 83' lang='lat' dir='ltr'><strong>quia</strong></span> <span class='ocrx_word' id='word_1_215' title='bbox 461 2062 588 2114; x_wconf 84' lang='lat' dir='ltr'><strong>estis</strong></span> <span class='ocrx_word' id='word_1_216' title='bbox 630 2063 735 2115; x_wconf 88' lang='lat' dir='ltr'><strong>veri</strong></span> <span class='ocrx_word' id='word_1_217' title='bbox 763 2063 1184 2126; x_wconf 67' lang='lat' dir='ltr'><strong>supplantatores</strong></span> <span class='ocrx_word' id='word_1_218' title='bbox 1229 2061 1512 2131; x_wconf 88' lang='lat' dir='ltr'><strong>vitiorum;</strong></span> <span class='ocrx_word' id='word_1_219' title='bbox 1575 2083 1689 2130; x_wconf 82' lang='lat' dir='ltr'><strong>vos,</strong></span> 
     </span>
    </p>
   </div>
   <div class='ocr_carea' id='block_1_28' title="bbox 75 2131 1694 2198">
    <p class='ocr_par' dir='ltr' id='par_1_28' title="bbox 75 2131 1694 2198">
     <span class='ocr_line' id='line_1_28' title="bbox 75 2131 1694 2198; baseline 0.005 -17"><span class='ocrx_word' id='word_1_220' title='bbox 75 2131 370 2195; x_wconf 78' lang='lat' dir='ltr'><strong>inquam,</strong></span> <span class='ocrx_word' id='word_1_221' title='bbox 403 2132 694 2198; x_wconf 82' lang='lat' dir='ltr'><strong>glorilicate</strong></span> <span class='ocrx_word' id='word_1_222' title='bbox 726 2131 996 2183; x_wconf 86' lang='lat' dir='ltr'><strong>Dominum</strong></span> <span class='ocrx_word' id='word_1_223' title='bbox 1043 2147 1143 2182; x_wconf 89' lang='lat' dir='ltr'><strong>non</strong></span> <span class='ocrx_word' id='word_1_224' title='bbox 1169 2134 1335 2185; x_wconf 91' lang='lat' dir='ltr'><strong>solum</strong></span> <span class='ocrx_word' id='word_1_225' title='bbox 1364 2153 1475 2198; x_wconf 87' lang='lat' dir='ltr'><strong>ore,</strong></span> <span class='ocrx_word' id='word_1_226' title='bbox 1522 2140 1612 2189; x_wconf 89' lang='lat' dir='ltr'><strong>sed</strong></span> <span class='ocrx_word' id='word_1_227' title='bbox 1642 2148 1694 2188; x_wconf 77' lang='lat' dir='ltr'><strong>et</strong></span> 
     </span>
    </p>
   </div>
   <div class='ocr_carea' id='block_1_29' title="bbox 82 2198 1690 2269">
    <p class='ocr_par' dir='ltr' id='par_1_29' title="bbox 82 2198 1690 2269">
     <span class='ocr_line' id='line_1_29' title="bbox 82 2198 1690 2269; baseline 0.003 -16"><span class='ocrx_word' id='word_1_228' title='bbox 82 2215 314 2263; x_wconf 76' lang='lat' dir='ltr'><strong>Opere.</strong></span> <span class='ocrx_word' id='word_1_229' title='bbox 351 2204 414 2254; x_wconf 72' lang='lat' dir='ltr'><strong>lit</strong></span> <span class='ocrx_word' id='word_1_230' title='bbox 439 2217 584 2254; x_wconf 85' lang='lat' dir='ltr'><strong>omne</strong></span> <span class='ocrx_word' id='word_1_231' title='bbox 626 2217 788 2253; x_wconf 77' lang='lat' dir='ltr'><strong>semen</strong></span> <span class='ocrx_word' id='word_1_232' title='bbox 819 2198 1000 2263; x_wconf 74' lang='lat' dir='ltr'><strong>Israel,</strong></span> <span class='ocrx_word' id='word_1_233' title='bbox 1045 2202 1093 2253; x_wconf 93' lang='lat' dir='ltr'><strong>id</strong></span> <span class='ocrx_word' id='word_1_234' title='bbox 1136 2211 1214 2254; x_wconf 89' lang='lat' dir='ltr'><strong>est</strong></span> <span class='ocrx_word' id='word_1_235' title='bbox 1243 2218 1425 2256; x_wconf 84' lang='lat' dir='ltr'><strong>omnes</strong></span> <span class='ocrx_word' id='word_1_236' title='bbox 1454 2206 1540 2269; x_wconf 88' lang='lat' dir='ltr'><strong>qui</strong></span> <span class='ocrx_word' id='word_1_237' title='bbox 1573 2223 1690 2258; x_wconf 83' lang='lat' dir='ltr'><strong>cum</strong></span> 
     </span>
    </p>
   </div>
   <div class='ocr_carea' id='block_1_30' title="bbox 85 2269 1690 2342">
    <p class='ocr_par' dir='ltr' id='par_1_30' title="bbox 85 2269 1690 2342">
     <span class='ocr_line' id='line_1_30' title="bbox 85 2269 1690 2342; baseline 0.005 -22"><span class='ocrx_word' id='word_1_238' title='bbox 85 2272 279 2342; x_wconf 80' lang='lat' dir='ltr'><strong>prius</strong></span> <span class='ocrx_word' id='word_1_239' title='bbox 309 2281 492 2325; x_wconf 89' lang='lat' dir='ltr'><strong>essent</strong></span> <span class='ocrx_word' id='word_1_240' title='bbox 518 2286 693 2342; x_wconf 81' lang='lat' dir='ltr'><strong>semen</strong></span> <span class='ocrx_word' id='word_1_241' title='bbox 713 2269 903 2342; x_wconf 82' lang='lat' dir='ltr'><strong>_Jacob,</strong></span> <span class='ocrx_word' id='word_1_242' title='bbox 933 2271 980 2322; x_wconf 91' lang='lat' dir='ltr'><strong>id</strong></span> <span class='ocrx_word' id='word_1_243' title='bbox 995 2280 1096 2331; x_wconf 89' lang='lat' dir='ltr'><strong>est,</strong></span> <span class='ocrx_word' id='word_1_244' title='bbox 1128 2272 1289 2324; x_wconf 89' lang='lat' dir='ltr'><strong>renati</strong></span> <span class='ocrx_word' id='word_1_245' title='bbox 1319 2277 1367 2325; x_wconf 91' lang='lat' dir='ltr'><strong>in</strong></span> <span class='ocrx_word' id='word_1_246' title='bbox 1395 2274 1512 2335; x_wconf 83' lang='lat' dir='ltr'><strong>fide,</strong></span> <span class='ocrx_word' id='word_1_247' title='bbox 1553 2277 1690 2342; x_wconf 88' lang='lat' dir='ltr'><strong>quod</strong></span> 
     </span>
    </p>
   </div>
   <div class='ocr_carea' id='block_1_31' title="bbox 87 2339 1688 2409">
    <p class='ocr_par' dir='ltr' id='par_1_31' title="bbox 87 2339 1688 2409">
     <span class='ocr_line' id='line_1_31' title="bbox 87 2339 1688 2409; baseline 0.002 -20"><span class='ocrx_word' id='word_1_248' title='bbox 87 2339 442 2404; x_wconf 74' lang='lat' dir='ltr'><strong>intelligitur</strong></span> <span class='ocrx_word' id='word_1_249' title='bbox 473 2356 561 2408; x_wconf 86' lang='lat' dir='ltr'><strong>per</strong></span> <span class='ocrx_word' id='word_1_250' title='bbox 582 2339 762 2402; x_wconf 84' lang='lat' dir='ltr'><strong>Jacob,</strong></span> <span class='ocrx_word' id='word_1_251' title='bbox 791 2341 911 2392; x_wconf 84' lang='lat' dir='ltr'><strong>facti</strong></span> <span class='ocrx_word' id='word_1_252' title='bbox 938 2349 1058 2392; x_wconf 86' lang='lat' dir='ltr'><strong>sunt</strong></span> <span class='ocrx_word' id='word_1_253' title='bbox 1082 2355 1263 2393; x_wconf 87' lang='lat' dir='ltr'><strong>semen</strong></span> <span class='ocrx_word' id='word_1_254' title='bbox 1318 2343 1493 2406; x_wconf 67' lang='lat' dir='ltr'><strong>Israel,</strong></span> <span class='ocrx_word' id='word_1_255' title='bbox 1517 2339 1688 2409; x_wconf 80' lang='lat' dir='ltr'><strong>idest,</strong></span> 
     </span>
    </p>
   </div>
   <div class='ocr_carea' id='block_1_32' title="bbox 95 2410 1693 2476">
    <p class='ocr_par' dir='ltr' id='par_1_32' title="bbox 95 2410 1693 2476">
     <span class='ocr_line' id='line_1_32' title="bbox 95 2410 1693 2476; baseline 0.006 -18"><span class='ocrx_word' id='word_1_256' title='bbox 95 2410 366 2474; x_wconf 82' lang='lat' dir='ltr'><strong>reparati</strong></span> <span class='ocrx_word' id='word_1_257' title='bbox 398 2411 460 2462; x_wconf 87' lang='lat' dir='ltr'><strong>ad</strong></span> <span class='ocrx_word' id='word_1_258' title='bbox 493 2411 745 2462; x_wconf 78' lang='lat' dir='ltr'><strong>visionem</strong></span> <span class='ocrx_word' id='word_1_259' title='bbox 792 2419 838 2460; x_wconf 88' lang='lat' dir='ltr'><strong>et</strong></span> <span class='ocrx_word' id='word_1_260' title='bbox 865 2423 1039 2461; x_wconf 80' lang='lat' dir='ltr'><strong>veram</strong></span> <span class='ocrx_word' id='word_1_261' title='bbox 1087 2412 1516 2476; x_wconf 84' lang='lat' dir='ltr'><strong>speculationem,</strong></span> <span class='ocrx_word' id='word_1_262' title='bbox 1559 2416 1693 2467; x_wconf 81' lang='lat' dir='ltr'><strong>sicut</strong></span> 
     </span>
    </p>
   </div>
   <div class='ocr_carea' id='block_1_33' title="bbox 95 2477 1685 2544">
    <p class='ocr_par' dir='ltr' id='par_1_33' title="bbox 95 2477 1685 2544">
     <span class='ocr_line' id='line_1_33' title="bbox 95 2477 1685 2544; baseline 0.005 -16"><span class='ocrx_word' id='word_1_263' title='bbox 95 2493 356 2541; x_wconf 80' lang='lat' dir='ltr'><strong>persona</strong></span> <span class='ocrx_word' id='word_1_264' title='bbox 380 2482 560 2530; x_wconf 89' lang='lat' dir='ltr'><strong>eadem</strong></span> <span class='ocrx_word' id='word_1_265' title='bbox 585 2481 726 2544; x_wconf 89' lang='lat' dir='ltr'><strong>prius</strong></span> <span class='ocrx_word' id='word_1_266' title='bbox 751 2478 884 2530; x_wconf 85' lang='lat' dir='ltr'><strong>dicta</strong></span> <span class='ocrx_word' id='word_1_267' title='bbox 913 2477 1089 2536; x_wconf 73' lang='lat' dir='ltr'><strong>Jacob,</strong></span> <span class='ocrx_word' id='word_1_268' title='bbox 1129 2484 1314 2532; x_wconf 88' lang='lat' dir='ltr'><strong>meruit</strong></span> <span class='ocrx_word' id='word_1_269' title='bbox 1373 2484 1473 2534; x_wconf 91' lang='lat' dir='ltr'><strong>dici</strong></span> <span class='ocrx_word' id='word_1_270' title='bbox 1509 2483 1685 2536; x_wconf 80' lang='lat' dir='ltr'><strong>Israel.</strong></span> 
     </span>
    </p>
   </div>
   <div class='ocr_carea' id='block_1_34' title="bbox 94 2548 1691 2616">
    <p class='ocr_par' dir='ltr' id='par_1_34' title="bbox 94 2548 1691 2616">
     <span class='ocr_line' id='line_1_34' title="bbox 94 2548 1691 2616; baseline 0.003 -16"><span class='ocrx_word' id='word_1_271' title='bbox 94 2548 330 2600; x_wconf 82' lang='lat' dir='ltr'><strong>Omnes</strong></span> <span class='ocrx_word' id='word_1_272' title='bbox 387 2549 457 2611; x_wconf 93' lang='lat' dir='ltr'><strong>hi,</strong></span> <span class='ocrx_word' id='word_1_273' title='bbox 508 2550 735 2616; x_wconf 90' lang='lat' dir='ltr'><strong>inquam,</strong></span> <span class='ocrx_word' id='word_1_274' title='bbox 802 2550 984 2601; x_wconf 86' lang='lat' dir='ltr'><strong>timent</strong></span> <span class='ocrx_word' id='word_1_275' title='bbox 1035 2564 1158 2600; x_wconf 85' lang='lat' dir='ltr'><strong>vero</strong></span> <span class='ocrx_word' id='word_1_276' title='bbox 1207 2559 1257 2600; x_wconf 90' lang='lat' dir='ltr'><strong>ct</strong></span> <span class='ocrx_word' id='word_1_277' title='bbox 1306 2560 1450 2604; x_wconf 88' lang='lat' dir='ltr'><strong>casto</strong></span> <span class='ocrx_word' id='word_1_278' title='bbox 1509 2555 1691 2605; x_wconf 89' lang='lat' dir='ltr'><strong>timore</strong></span> 
     </span>
    </p>
   </div>
   <div class='ocr_carea' id='block_1_35' title="bbox 97 2616 1692 2686">
    <p class='ocr_par' dir='ltr' id='par_1_35' title="bbox 97 2616 1692 2686">
     <span class='ocr_line' id='line_1_35' title="bbox 97 2616 1692 2686; baseline 0.003 -16"><span class='ocrx_word' id='word_1_279' title='bbox 97 2616 414 2670; x_wconf 85' lang='lat' dir='ltr'><strong>Dominum</strong></span> <span class='ocrx_word' id='word_1_280' title='bbox 451 2661 463 2680; x_wconf 90' lang='lat'><strong>,</strong></span> <span class='ocrx_word' id='word_1_281' title='bbox 495 2619 580 2684; x_wconf 88' lang='lat' dir='ltr'><strong>qui</strong></span> <span class='ocrx_word' id='word_1_282' title='bbox 621 2618 806 2670; x_wconf 80' lang='lat' dir='ltr'><strong>metito</strong></span> <span class='ocrx_word' id='word_1_283' title='bbox 840 2619 1098 2671; x_wconf 87' lang='lat' dir='ltr'><strong>timendus</strong></span> <span class='ocrx_word' id='word_1_284' title='bbox 1127 2629 1282 2686; x_wconf 88' lang='lat' dir='ltr'><strong>atque</strong></span> <span class='ocrx_word' id='word_1_285' title='bbox 1312 2623 1596 2676; x_wconf 73' lang='lat' dir='ltr'><strong>laudandus</strong></span> <span class='ocrx_word' id='word_1_286' title='bbox 1641 2635 1692 2675; x_wconf 88' lang='lat' dir='ltr'><strong>et</strong></span> 
     </span>
    </p>
   </div>
   <div class='ocr_carea' id='block_1_36' title="bbox 92 2686 1691 2758">
    <p class='ocr_par' dir='ltr' id='par_1_36' title="bbox 92 2686 1691 2758">
     <span class='ocr_line' id='line_1_36' title="bbox 92 2686 1691 2758; baseline 0.005 -21"><span class='ocrx_word' id='word_1_287' title='bbox 92 2700 133 2737; x_wconf 77' lang='lat' dir='ltr'><strong>a</strong></span> <span class='ocrx_word' id='word_1_288' title='bbox 166 2705 268 2740; x_wconf 86' lang='lat' dir='ltr'><strong>me</strong></span> <span class='ocrx_word' id='word_1_289' title='bbox 293 2700 344 2742; x_wconf 89' lang='lat' dir='ltr'><strong>et</strong></span> <span class='ocrx_word' id='word_1_290' title='bbox 390 2691 454 2740; x_wconf 89' lang='lat' dir='ltr'><strong>ab</strong></span> <span class='ocrx_word' id='word_1_291' title='bbox 509 2688 633 2754; x_wconf 85' lang='lat' dir='ltr'><strong>ipsis</strong></span> <span class='ocrx_word' id='word_1_292' title='bbox 662 2696 763 2739; x_wconf 91' lang='lat' dir='ltr'><strong>est.</strong></span> <span class='ocrx_word' id='word_1_293' title='bbox 798 2686 1045 2749; x_wconf 83' lang='lat' dir='ltr'><strong>Quoniam</strong></span> <span class='ocrx_word' id='word_1_294' title='bbox 1092 2704 1190 2738; x_wconf 86' lang='lat' dir='ltr'><strong>non</strong></span> <span class='ocrx_word' id='word_1_295' title='bbox 1241 2693 1418 2758; x_wconf 67' lang='lat' dir='ltr'><strong>sprevit</strong></span> <span class='ocrx_word' id='word_1_296' title='bbox 1469 2693 1691 2745; x_wconf 83' lang='lat' dir='ltr'><strong>habitum</strong></span> 
     </span>
    </p>
   </div>
   <div class='ocr_carea' id='block_1_37' title="bbox 101 2758 1689 2824">
    <p class='ocr_par' dir='ltr' id='par_1_37' title="bbox 101 2758 1689 2824">
     <span class='ocr_line' id='line_1_37' title="bbox 101 2758 1689 2824; baseline 0.005 -18"><span class='ocrx_word' id='word_1_297' title='bbox 101 2761 374 2824; x_wconf 80' lang='lat' dir='ltr'><strong>pauperis</strong></span> <span class='ocrx_word' id='word_1_298' title='bbox 397 2758 445 2810; x_wconf 88' lang='lat' dir='ltr'><strong>in</strong></span> <span class='ocrx_word' id='word_1_299' title='bbox 480 2772 580 2820; x_wconf 87' lang='lat' dir='ltr'><strong>tne,</strong></span> <span class='ocrx_word' id='word_1_300' title='bbox 634 2773 788 2823; x_wconf 83' lang='lat' dir='ltr'><strong>neque</strong></span> <span class='ocrx_word' id='word_1_301' title='bbox 808 2759 1027 2822; x_wconf 71' lang='lat' dir='ltr'><strong>despexit</strong></span> <span class='ocrx_word' id='word_1_302' title='bbox 1057 2760 1456 2822; x_wconf 79' lang='lat' dir='ltr'><strong>deprecationem</strong></span> <span class='ocrx_word' id='word_1_303' title='bbox 1504 2762 1689 2814; x_wconf 88' lang='lat' dir='ltr'><strong>factam</strong></span> 
     </span>
    </p>
   </div>
   <div class='ocr_carea' id='block_1_38' title="bbox 100 2826 1691 2892">
    <p class='ocr_par' dir='ltr' id='par_1_38' title="bbox 100 2826 1691 2892">
     <span class='ocr_line' id='line_1_38' title="bbox 100 2826 1691 2892; baseline 0.004 -15"><span class='ocrx_word' id='word_1_304' title='bbox 100 2840 222 2890; x_wconf 84' lang='lat' dir='ltr'><strong>pro</strong></span> <span class='ocrx_word' id='word_1_305' title='bbox 254 2828 483 2892; x_wconf 79' lang='lat' dir='ltr'><strong>peccatis</strong></span> <span class='ocrx_word' id='word_1_306' title='bbox 511 2843 741 2878; x_wconf 89' lang='lat' dir='ltr'><strong>meorum</strong></span> <span class='ocrx_word' id='word_1_307' title='bbox 770 2842 799 2876; x_wconf 88' lang='grc' dir='ltr'><em>α</em></span> <span class='ocrx_word' id='word_1_308' title='bbox 824 2842 916 2877; x_wconf 88' lang='lat' dir='ltr'><strong>me.</strong></span> <span class='ocrx_word' id='word_1_309' title='bbox 945 2826 1006 2880; x_wconf 88' lang='lat' dir='ltr'><strong>Ut</strong></span> <span class='ocrx_word' id='word_1_310' title='bbox 1040 2827 1169 2879; x_wconf 81' lang='lat' dir='ltr'><strong>hanc</strong></span> <span class='ocrx_word' id='word_1_311' title='bbox 1200 2844 1210 2878; x_wconf 88' lang='lat'>:</span> <span class='ocrx_word' id='word_1_312' title='bbox 1250 2827 1421 2892; x_wconf 85' lang='lat' dir='ltr'><strong>Pater,</strong></span> <span class='ocrx_word' id='word_1_313' title='bbox 1450 2847 1586 2882; x_wconf 81' lang='lat' dir='ltr'><strong>serva</strong></span> <span class='ocrx_word' id='word_1_314' title='bbox 1609 2848 1691 2884; x_wconf 71' lang='lat' dir='ltr'><strong>eos</strong></span> 
     </span>
    </p>
   </div>
   <div class='ocr_carea' id='block_1_39' title="bbox 101 2896 1691 2960">
    <p class='ocr_par' dir='ltr' id='par_1_39' title="bbox 101 2896 1691 2960">
     <span class='ocr_line' id='line_1_39' title="bbox 101 2896 1691 2960; baseline 0.005 -14"><span class='ocrx_word' id='word_1_315' title='bbox 101 2912 255 2960; x_wconf 70' lang='lat' dir='ltr'><strong>quos</strong></span> <span class='ocrx_word' id='word_1_316' title='bbox 285 2896 634 2956; x_wconf 75' lang='lat' dir='ltr'><strong>dedislimilii,</strong></span> <span class='ocrx_word' id='word_1_317' title='bbox 680 2907 729 2948; x_wconf 91' lang='lat' dir='ltr'><strong>et</strong></span> <span class='ocrx_word' id='word_1_318' title='bbox 755 2897 871 2948; x_wconf 87' lang='lat' dir='ltr'><strong>huic</strong></span> <span class='ocrx_word' id='word_1_319' title='bbox 922 2897 1140 2948; x_wconf 84' lang='lat' dir='ltr'><strong>similes.</strong></span> <span class='ocrx_word' id='word_1_320' title='bbox 1202 2897 1262 2948; x_wconf 64' lang='lat' dir='ltr'><strong>lit</strong></span> <span class='ocrx_word' id='word_1_321' title='bbox 1303 2914 1423 2951; x_wconf 82' lang='lat' dir='ltr'><strong>vere</strong></span> <span class='ocrx_word' id='word_1_322' title='bbox 1455 2917 1554 2951; x_wconf 87' lang='lat' dir='ltr'><strong>non</strong></span> <span class='ocrx_word' id='word_1_323' title='bbox 1601 2901 1691 2954; x_wconf 84' lang='lat' dir='ltr'><strong>de-</strong></span> 
     </span>
    </p>
   </div>
   <div class='ocr_carea' id='block_1_40' title="bbox 105 2966 1689 3035">
    <p class='ocr_par' dir='ltr' id='par_1_40' title="bbox 105 2966 1689 3035">
     <span class='ocr_line' id='line_1_40' title="bbox 105 2966 1689 3035; baseline 0.004 -19"><span class='ocrx_word' id='word_1_324' title='bbox 105 2969 326 3031; x_wconf 72' lang='lat' dir='ltr'><strong>spexit,</strong></span> <span class='ocrx_word' id='word_1_325' title='bbox 350 2966 472 3032; x_wconf 88' lang='lat' dir='ltr'><strong>quia</strong></span> <span class='ocrx_word' id='word_1_326' title='bbox 495 2981 594 3017; x_wconf 87' lang='lat' dir='ltr'><strong>non</strong></span> <span class='ocrx_word' id='word_1_327' title='bbox 617 2967 788 3016; x_wconf 72' lang='lat' dir='ltr'><strong>avrrtit</strong></span> <span class='ocrx_word' id='word_1_328' title='bbox 808 2981 837 3017; x_wconf 90' lang='lat' dir='ltr'><strong>a</strong></span> <span class='ocrx_word' id='word_1_329' title='bbox 859 2981 933 3015; x_wconf 86' lang='lat' dir='ltr'><strong>me</strong></span> <span class='ocrx_word' id='word_1_330' title='bbox 957 2966 1036 3018; x_wconf 87' lang='lat' dir='ltr'><strong>vel</strong></span> <span class='ocrx_word' id='word_1_331' title='bbox 1074 2980 1101 3016; x_wconf 91' lang='lat' dir='ltr'><strong>a</strong></span> <span class='ocrx_word' id='word_1_332' title='bbox 1134 2968 1261 3018; x_wconf 85' lang='lat' dir='ltr'><strong>meis</strong></span> <span class='ocrx_word' id='word_1_333' title='bbox 1293 2969 1406 3035; x_wconf 67' lang='lat' dir='ltr'><strong>fact.</strong></span> <span class='ocrx_word' id='word_1_334' title='bbox 1424 2986 1492 3024; x_wconf 73' lang='grc' dir='ltr'><strong>ηπ.</strong></span> <span class='ocrx_word' id='word_1_335' title='bbox 1519 2970 1566 3021; x_wconf 90' lang='lat' dir='ltr'><strong>id</strong></span> <span class='ocrx_word' id='word_1_336' title='bbox 1589 2981 1689 3033; x_wconf 83' lang='lat' dir='ltr'><strong>est,</strong></span> 
     </span>
    </p>
   </div>
   <div class='ocr_carea' id='block_1_41' title="bbox 106 3035 1690 3102">
    <p class='ocr_par' dir='ltr' id='par_1_41' title="bbox 106 3035 1690 3102">
     <span class='ocr_line' id='line_1_41' title="bbox 106 3035 1690 3102; baseline 0.004 -17"><span class='ocrx_word' id='word_1_337' title='bbox 106 3049 344 3098; x_wconf 62' lang='lat' dir='ltr'><strong>prmsui</strong></span> <span class='ocrx_word' id='word_1_338' title='bbox 374 3035 471 3087; x_wconf 79' lang='lat' dir='ltr'><strong>iam</strong></span> <span class='ocrx_word' id='word_1_339' title='bbox 498 3044 551 3089; x_wconf 91' lang='lat' dir='ltr'><strong>et</strong></span> <span class='ocrx_word' id='word_1_340' title='bbox 609 3035 1018 3088; x_wconf 87' lang='lat' dir='ltr'><strong>benevolentiam</strong></span> <span class='ocrx_word' id='word_1_341' title='bbox 1059 3049 1224 3097; x_wconf 87' lang='lat' dir='ltr'><strong>suam,</strong></span> <span class='ocrx_word' id='word_1_342' title='bbox 1268 3040 1388 3102; x_wconf 85' lang='lat' dir='ltr'><strong>quia</strong></span> <span class='ocrx_word' id='word_1_343' title='bbox 1438 3041 1690 3102; x_wconf 73' lang='lat' dir='ltr'><strong>exaudivit</strong></span> 
     </span>
    </p>
   </div>
   <div class='ocr_carea' id='block_1_42' title="bbox 105 3100 1467 3169">
    <p class='ocr_par' dir='ltr' id='par_1_42' title="bbox 105 3100 1467 3169">
     <span class='ocr_line' id='line_1_42' title="bbox 105 3100 1467 3169; baseline 0.003 -15"><span class='ocrx_word' id='word_1_344' title='bbox 105 3119 206 3155; x_wconf 76' lang='lat' dir='ltr'><strong>me</strong></span> <span class='ocrx_word' id='word_1_345' title='bbox 241 3120 338 3169; x_wconf 85' lang='lat' dir='ltr'><strong>pro</strong></span> <span class='ocrx_word' id='word_1_346' title='bbox 364 3120 444 3154; x_wconf 86' lang='lat' dir='ltr'><strong>me</strong></span> <span class='ocrx_word' id='word_1_347' title='bbox 473 3113 525 3156; x_wconf 84' lang='lat' dir='ltr'><strong>et</strong></span> <span class='ocrx_word' id='word_1_348' title='bbox 547 3104 697 3166; x_wconf 85' lang='lat' dir='ltr'><strong>meis,</strong></span> <span class='ocrx_word' id='word_1_349' title='bbox 723 3121 833 3156; x_wconf 82' lang='lat' dir='ltr'><strong>cum</strong></span> <span class='ocrx_word' id='word_1_350' title='bbox 859 3105 1065 3157; x_wconf 86' lang='lat' dir='ltr'><strong>clamavi</strong></span> <span class='ocrx_word' id='word_1_351' title='bbox 1087 3106 1151 3155; x_wconf 85' lang='lat' dir='ltr'><strong>ad</strong></span> <span class='ocrx_word' id='word_1_352' title='bbox 1179 3100 1311 3158; x_wconf 56' lang='lat' dir='ltr'><strong>eum}</strong></span> <span class='ocrx_word' id='word_1_353' title='bbox 1457 3100 1467 3116; x_wconf 66' lang='lat'>‘</span> 
     </span>
    </p>
   </div>
   <div class='ocr_carea' id='block_1_43' title="bbox 195 3151 1758 3241">
    <p class='ocr_par' dir='ltr' id='par_1_43' title="bbox 195 3151 1758 3241">
     <span class='ocr_line' id='line_1_43' title="bbox 195 3151 1758 3241; baseline 0.003 -16"><span class='ocrx_word' id='word_1_354' title='bbox 195 3151 728 3241; x_wconf 28' lang='lat' dir='ltr'><strong>Ap-u&#39;d-te&#39;lausvmea.</strong></span> <span class='ocrx_word' id='word_1_355' title='bbox 785 3176 877 3226; x_wconf 92' lang='lat' dir='ltr'><strong>llic</strong></span> <span class='ocrx_word' id='word_1_356' title='bbox 906 3190 962 3226; x_wconf 85' lang='lat' dir='ltr'><strong>se</strong></span> <span class='ocrx_word' id='word_1_357' title='bbox 997 3176 1254 3227; x_wconf 74' lang='lat' dir='ltr'><strong>convertit</strong></span> <span class='ocrx_word' id='word_1_358' title='bbox 1293 3175 1356 3229; x_wconf 87' lang='lat' dir='ltr'><strong>ad</strong></span> <span class='ocrx_word' id='word_1_359' title='bbox 1390 3175 1685 3231; x_wconf 88' lang='lat' dir='ltr'><strong>Dominum.</strong></span> <span class='ocrx_word' id='word_1_360' title='bbox 1715 3151 1758 3211; x_wconf 53' lang='grc' dir='ltr'><strong>(ί</strong></span> 
     </span>
    </p>
   </div>
   <div class='ocr_carea' id='block_1_44' title="bbox 107 3243 1693 3312">
    <p class='ocr_par' dir='ltr' id='par_1_44' title="bbox 107 3243 1693 3312">
     <span class='ocr_line' id='line_1_44' title="bbox 107 3243 1693 3312; baseline 0.004 -17"><span class='ocrx_word' id='word_1_361' title='bbox 107 3243 295 3308; x_wconf 61' lang='lat' dir='ltr'><strong>Quasi</strong></span> <span class='ocrx_word' id='word_1_362' title='bbox 326 3244 464 3296; x_wconf 84' lang='lat' dir='ltr'><strong>dicat</strong></span> <span class='ocrx_word' id='word_1_363' title='bbox 493 3259 504 3294; x_wconf 92' lang='lat'>:</span> <span class='ocrx_word' id='word_1_364' title='bbox 546 3243 665 3295; x_wconf 82' lang='lat' dir='ltr'><strong>Ideo</strong></span> <span class='ocrx_word' id='word_1_365' title='bbox 712 3259 794 3294; x_wconf 92' lang='lat' dir='ltr'><strong>me</strong></span> <span class='ocrx_word' id='word_1_366' title='bbox 821 3243 1150 3305; x_wconf 81' lang='lat' dir='ltr'><strong>exaudivisti,</strong></span> <span class='ocrx_word' id='word_1_367' title='bbox 1183 3246 1301 3312; x_wconf 83' lang='lat' dir='ltr'><strong>quia</strong></span> <span class='ocrx_word' id='word_1_368' title='bbox 1344 3248 1455 3300; x_wconf 75' lang='lat' dir='ltr'><strong>laus</strong></span> <span class='ocrx_word' id='word_1_369' title='bbox 1483 3265 1588 3302; x_wconf 87' lang='lat' dir='ltr'><strong>mea</strong></span> <span class='ocrx_word' id='word_1_370' title='bbox 1619 3259 1693 3302; x_wconf 73' lang='lat' dir='ltr'><strong>est</strong></span> 
     </span>
    </p>
   </div>
   <div class='ocr_carea' id='block_1_45' title="bbox 112 3313 1687 3381">
    <p class='ocr_par' dir='ltr' id='par_1_45' title="bbox 112 3313 1687 3381">
     <span class='ocr_line' id='line_1_45' title="bbox 112 3313 1687 3381; baseline 0.005 -17"><span class='ocrx_word' id='word_1_371' title='bbox 112 3316 271 3381; x_wconf 83' lang='lat' dir='ltr'><strong>apud</strong></span> <span class='ocrx_word' id='word_1_372' title='bbox 305 3323 371 3373; x_wconf 86' lang='lat' dir='ltr'><strong>te,</strong></span> <span class='ocrx_word' id='word_1_373' title='bbox 429 3313 477 3365; x_wconf 92' lang='lat' dir='ltr'><strong>id</strong></span> <span class='ocrx_word' id='word_1_374' title='bbox 511 3323 608 3373; x_wconf 89' lang='lat' dir='ltr'><strong>est,</strong></span> <span class='ocrx_word' id='word_1_375' title='bbox 639 3327 735 3378; x_wconf 87' lang='lat' dir='ltr'><strong>ego</strong></span> <span class='ocrx_word' id='word_1_376' title='bbox 778 3328 878 3364; x_wconf 88' lang='lat' dir='ltr'><strong>non</strong></span> <span class='ocrx_word' id='word_1_377' title='bbox 902 3328 1078 3378; x_wconf 80' lang='lat' dir='ltr'><strong>qner</strong></span> <span class='ocrx_word' id='word_1_378' title='bbox 1130 3313 1336 3366; x_wconf 81' lang='lat' dir='ltr'><strong>laudent</strong></span> <span class='ocrx_word' id='word_1_379' title='bbox 1368 3317 1467 3370; x_wconf 86' lang='lat' dir='ltr'><strong>nisi</strong></span> <span class='ocrx_word' id='word_1_380' title='bbox 1526 3329 1687 3372; x_wconf 89' lang='lat' dir='ltr'><strong>tuam.</strong></span> 
     </span>
    </p>
   </div>
   <div class='ocr_carea' id='block_1_46' title="bbox 119 3382 1688 3452">
    <p class='ocr_par' dir='ltr' id='par_1_46' title="bbox 119 3382 1688 3452">
     <span class='ocr_line' id='line_1_46' title="bbox 119 3382 1688 3452; baseline 0.006 -19"><span class='ocrx_word' id='word_1_381' title='bbox 119 3384 225 3435; x_wconf 70' lang='grc' dir='ltr'><strong>γει</strong></span> <span class='ocrx_word' id='word_1_382' title='bbox 259 3385 414 3450; x_wconf 90' lang='lat' dir='ltr'><strong>cupio</strong></span> <span class='ocrx_word' id='word_1_383' title='bbox 460 3394 512 3435; x_wconf 89' lang='lat' dir='ltr'><strong>ut</strong></span> <span class='ocrx_word' id='word_1_384' title='bbox 552 3392 604 3435; x_wconf 89' lang='lat' dir='ltr'><strong>et</strong></span> <span class='ocrx_word' id='word_1_385' title='bbox 639 3392 692 3434; x_wconf 92' lang='lat' dir='ltr'><strong>tu</strong></span> <span class='ocrx_word' id='word_1_386' title='bbox 719 3382 942 3434; x_wconf 86' lang='lat' dir='ltr'><strong>lauderis</strong></span> <span class='ocrx_word' id='word_1_387' title='bbox 975 3384 1041 3452; x_wconf 84' lang='lat' dir='ltr'><strong>in</strong></span> <span class='ocrx_word' id='word_1_388' title='bbox 1091 3397 1195 3441; x_wconf 88' lang='lat' dir='ltr'><strong>me,</strong></span> <span class='ocrx_word' id='word_1_389' title='bbox 1224 3391 1274 3435; x_wconf 91' lang='lat' dir='ltr'><strong>et</strong></span> <span class='ocrx_word' id='word_1_390' title='bbox 1301 3399 1398 3452; x_wconf 89' lang='lat' dir='ltr'><strong>ego</strong></span> <span class='ocrx_word' id='word_1_391' title='bbox 1440 3390 1490 3436; x_wconf 86' lang='lat' dir='ltr'><strong>iii</strong></span> <span class='ocrx_word' id='word_1_392' title='bbox 1535 3397 1583 3440; x_wconf 92' lang='lat' dir='ltr'><strong>te</strong></span> <span class='ocrx_word' id='word_1_393' title='bbox 1638 3389 1688 3443; x_wconf 90' lang='lat' dir='ltr'><strong>in</strong></span> 
     </span>
    </p>
   </div>
   <div class='ocr_carea' id='block_1_47' title="bbox 116 3451 1691 3517">
    <p class='ocr_par' dir='ltr' id='par_1_47' title="bbox 116 3451 1691 3517">
     <span class='ocr_line' id='line_1_47' title="bbox 116 3451 1691 3517; baseline 0.003 -13"><span class='ocrx_word' id='word_1_394' title='bbox 116 3453 374 3504; x_wconf 82' lang='lat' dir='ltr'><strong>Ecclesia</strong></span> <span class='ocrx_word' id='word_1_395' title='bbox 415 3467 517 3504; x_wconf 92' lang='lat' dir='ltr'><strong>non</strong></span> <span class='ocrx_word' id='word_1_396' title='bbox 570 3466 744 3517; x_wconf 85' lang='lat' dir='ltr'><strong>parva,</strong></span> <span class='ocrx_word' id='word_1_397' title='bbox 791 3453 882 3504; x_wconf 87' lang='lat' dir='ltr'><strong>sed</strong></span> <span class='ocrx_word' id='word_1_398' title='bbox 914 3451 1070 3502; x_wconf 89' lang='lat' dir='ltr'><strong>etiam</strong></span> <span class='ocrx_word' id='word_1_399' title='bbox 1122 3451 1540 3517; x_wconf 29' lang='lat' dir='ltr'><strong>magna.’Parv;i</strong></span> <span class='ocrx_word' id='word_1_400' title='bbox 1596 3457 1691 3511; x_wconf 86' lang='lat' dir='ltr'><strong>fuit</strong></span> 
     </span>
    </p>
   </div>
   <div class='ocr_carea' id='block_1_48' title="bbox 117 3521 1686 3593">
    <p class='ocr_par' dir='ltr' id='par_1_48' title="bbox 117 3521 1686 3593">
     <span class='ocr_line' id='line_1_48' title="bbox 117 3521 1686 3593; baseline 0.002 -18"><span class='ocrx_word' id='word_1_401' title='bbox 117 3521 396 3584; x_wconf 80' lang='lat' dir='ltr'><strong>Ecclesia,</strong></span> <span class='ocrx_word' id='word_1_402' title='bbox 426 3522 632 3588; x_wconf 86' lang='lat' dir='ltr'><strong>quando</strong></span> <span class='ocrx_word' id='word_1_403' title='bbox 666 3521 868 3593; x_wconf 85' lang='lat' dir='ltr'><strong>Petrus,</strong></span> <span class='ocrx_word' id='word_1_404' title='bbox 897 3522 981 3593; x_wconf 93' lang='lat' dir='ltr'><strong>qui</strong></span> <span class='ocrx_word' id='word_1_405' title='bbox 1021 3522 1235 3585; x_wconf 68' lang='lat' dir='ltr'><strong>ligurum</strong></span> <span class='ocrx_word' id='word_1_406' title='bbox 1289 3521 1402 3590; x_wconf 85' lang='lat' dir='ltr'><strong>ejus</strong></span> <span class='ocrx_word' id='word_1_407' title='bbox 1455 3531 1686 3593; x_wconf 78' lang='lat' dir='ltr'><strong>gerebat,</strong></span> 
     </span>
    </p>
   </div>
   <div class='ocr_carea' id='block_1_49' title="bbox 114 3592 1687 3663">
    <p class='ocr_par' dir='ltr' id='par_1_49' title="bbox 114 3592 1687 3663">
     <span class='ocr_line' id='line_1_49' title="bbox 114 3592 1687 3663; baseline 0.003 -20"><span class='ocrx_word' id='word_1_408' title='bbox 114 3593 189 3643; x_wconf 81' lang='lat' dir='ltr'><strong>ad</strong></span> <span class='ocrx_word' id='word_1_409' title='bbox 244 3603 424 3663; x_wconf 78' lang='lat' dir='ltr'><strong>vocem</strong></span> <span class='ocrx_word' id='word_1_410' title='bbox 473 3593 676 3663; x_wconf 65' lang='lat' dir='ltr'><strong>ancilla;</strong></span> <span class='ocrx_word' id='word_1_411' title='bbox 707 3592 945 3663; x_wconf 72' lang='lat' dir='ltr'><strong>extimuit</strong></span> <span class='ocrx_word' id='word_1_412' title='bbox 1003 3599 1157 3655; x_wconf 86' lang='lat' dir='ltr'><strong>atque</strong></span> <span class='ocrx_word' id='word_1_413' title='bbox 1198 3593 1450 3657; x_wconf 77' lang='lat' dir='ltr'><strong>negavit;</strong></span> <span class='ocrx_word' id='word_1_414' title='bbox 1505 3592 1687 3663; x_wconf 87' lang='lat' dir='ltr'><strong>magna</strong></span> 
     </span>
    </p>
   </div>
   <div class='ocr_carea' id='block_1_50' title="bbox 116 3659 1689 3729">
    <p class='ocr_par' dir='ltr' id='par_1_50' title="bbox 116 3659 1689 3729">
     <span class='ocr_line' id='line_1_50' title="bbox 116 3659 1689 3729; baseline 0.004 -18"><span class='ocrx_word' id='word_1_415' title='bbox 116 3675 262 3714; x_wconf 85' lang='lat' dir='ltr'><strong>vero</strong></span> <span class='ocrx_word' id='word_1_416' title='bbox 313 3659 427 3721; x_wconf 88' lang='lat' dir='ltr'><strong>fuit,</strong></span> <span class='ocrx_word' id='word_1_417' title='bbox 471 3674 586 3710; x_wconf 90' lang='lat' dir='ltr'><strong>cum</strong></span> <span class='ocrx_word' id='word_1_418' title='bbox 620 3660 755 3712; x_wconf 90' lang='lat' dir='ltr'><strong>idem</strong></span> <span class='ocrx_word' id='word_1_419' title='bbox 790 3661 994 3722; x_wconf 83' lang='lat' dir='ltr'><strong>Petrus,</strong></span> <span class='ocrx_word' id='word_1_420' title='bbox 1043 3668 1161 3727; x_wconf 87' lang='lat' dir='ltr'><strong>post</strong></span> <span class='ocrx_word' id='word_1_421' title='bbox 1208 3665 1426 3728; x_wconf 78' lang='lat' dir='ltr'><strong>gratiam</strong></span> <span class='ocrx_word' id='word_1_422' title='bbox 1465 3659 1689 3729; x_wconf 62' lang='lat' dir='ltr'><strong>Spri&#39;tus</strong></span> 
     </span>
    </p>
   </div>
   <div class='ocr_carea' id='block_1_51' title="bbox 120 3729 1688 3797">
    <p class='ocr_par' dir='ltr' id='par_1_51' title="bbox 120 3729 1688 3797">
     <span class='ocr_line' id='line_1_51' title="bbox 120 3729 1688 3797; baseline 0.003 -15"><span class='ocrx_word' id='word_1_423' title='bbox 120 3730 302 3783; x_wconf 83' lang='lat' dir='ltr'><strong>sancti</strong></span> <span class='ocrx_word' id='word_1_424' title='bbox 324 3729 387 3781; x_wconf 89' lang='lat' dir='ltr'><strong>de</strong></span> <span class='ocrx_word' id='word_1_425' title='bbox 407 3730 552 3781; x_wconf 73' lang='lat' dir='ltr'><strong>caelis</strong></span> <span class='ocrx_word' id='word_1_426' title='bbox 576 3729 624 3779; x_wconf 93' lang='lat' dir='ltr'><strong>in</strong></span> <span class='ocrx_word' id='word_1_427' title='bbox 656 3730 768 3795; x_wconf 53' lang='lat' dir='ltr'><strong>ign»</strong></span> <span class='ocrx_word' id='word_1_428' title='bbox 793 3745 947 3794; x_wconf 84' lang='lat' dir='ltr'><strong>super</strong></span> <span class='ocrx_word' id='word_1_429' title='bbox 969 3729 1232 3797; x_wconf 89' lang='lat' dir='ltr'><strong>apostolus</strong></span> <span class='ocrx_word' id='word_1_430' title='bbox 1256 3731 1487 3797; x_wconf 79' lang='lat' dir='ltr'><strong>missam,</strong></span> <span class='ocrx_word' id='word_1_431' title='bbox 1510 3749 1688 3788; x_wconf 75' lang='lat' dir='ltr'><strong>coram</strong></span> 
     </span>
    </p>
   </div>
   <div class='ocr_carea' id='block_1_52' title="bbox 123 3797 1689 3868">
    <p class='ocr_par' dir='ltr' id='par_1_52' title="bbox 123 3797 1689 3868">
     <span class='ocr_line' id='line_1_52' title="bbox 123 3797 1689 3868; baseline 0.004 -19"><span class='ocrx_word' id='word_1_432' title='bbox 123 3800 376 3868; x_wconf 84' lang='lat' dir='ltr'><strong>tyrannis</strong></span> <span class='ocrx_word' id='word_1_433' title='bbox 407 3801 455 3850; x_wconf 86' lang='lat' dir='ltr'><strong>iii</strong></span> <span class='ocrx_word' id='word_1_434' title='bbox 504 3797 822 3868; x_wconf 74' lang='lat' dir='ltr'><strong>principibus</strong></span> <span class='ocrx_word' id='word_1_435' title='bbox 851 3799 1020 3850; x_wconf 86' lang='lat' dir='ltr'><strong>dixit:</strong></span> <span class='ocrx_word' id='word_1_436' title='bbox 1076 3798 1286 3850; x_wconf 84' lang='lat' dir='ltr'><strong>Obedire</strong></span> <span class='ocrx_word' id='word_1_437' title='bbox 1337 3799 1438 3853; x_wconf 84' lang='lat' dir='ltr'><strong>Deo</strong></span> <span class='ocrx_word' id='word_1_438' title='bbox 1492 3815 1689 3866; x_wconf 66' lang='lat' dir='ltr'><strong>oportet</strong></span> 
     </span>
    </p>
   </div>
   <div class='ocr_carea' id='block_1_53' title="bbox 121 3867 1689 3940">
    <p class='ocr_par' dir='ltr' id='par_1_53' title="bbox 121 3867 1689 3940">
     <span class='ocr_line' id='line_1_53' title="bbox 121 3867 1689 3940; baseline 0.005 -23"><span class='ocrx_word' id='word_1_439' title='bbox 121 3871 301 3939; x_wconf 66' lang='lat' dir='ltr'><strong>magis</strong></span> <span class='ocrx_word' id='word_1_440' title='bbox 353 3884 501 3935; x_wconf 85' lang='lat' dir='ltr'><strong>quam</strong></span> <span class='ocrx_word' id='word_1_441' title='bbox 545 3871 695 3919; x_wconf 77' lang='lat' dir='ltr'><strong>vobis.</strong></span> <span class='ocrx_word' id='word_1_442' title='bbox 741 3867 922 3940; x_wconf 73' lang='lat' dir='ltr'><strong>Potest</strong></span> <span class='ocrx_word' id='word_1_443' title='bbox 970 3883 1177 3935; x_wconf 86' lang='lat' dir='ltr'><strong>quoque</strong></span> <span class='ocrx_word' id='word_1_444' title='bbox 1236 3871 1387 3922; x_wconf 82' lang='lat' dir='ltr'><strong>aliter</strong></span> <span class='ocrx_word' id='word_1_445' title='bbox 1440 3873 1689 3940; x_wconf 74' lang='lat' dir='ltr'><strong>distingui</strong></span> 
     </span>
    </p>
   </div>
   <div class='ocr_carea' id='block_1_54' title="bbox 127 3935 1688 4004">
    <p class='ocr_par' dir='ltr' id='par_1_54' title="bbox 127 3935 1688 4004">
     <span class='ocr_line' id='line_1_54' title="bbox 127 3935 1688 4004; baseline 0.004 -16"><span class='ocrx_word' id='word_1_446' title='bbox 127 3935 302 4000; x_wconf 75' lang='lat' dir='ltr'><strong>istud,</strong></span> <span class='ocrx_word' id='word_1_447' title='bbox 337 3947 393 3989; x_wconf 92' lang='lat' dir='ltr'><strong>ut</strong></span> <span class='ocrx_word' id='word_1_448' title='bbox 421 3939 620 3989; x_wconf 87' lang='lat' dir='ltr'><strong>dicatur</strong></span> <span class='ocrx_word' id='word_1_449' title='bbox 651 3952 742 4004; x_wconf 86' lang='lat' dir='ltr'><strong>per</strong></span> <span class='ocrx_word' id='word_1_450' title='bbox 769 3953 826 3990; x_wconf 89' lang='lat' dir='ltr'><strong>se</strong></span> <span class='ocrx_word' id='word_1_451' title='bbox 852 3954 862 3988; x_wconf 92' lang='lat'>:</span> <span class='ocrx_word' id='word_1_452' title='bbox 895 3935 1026 3990; x_wconf 72' lang='lat' dir='ltr'><strong>Laur</strong></span> <span class='ocrx_word' id='word_1_453' title='bbox 1050 3953 1157 3988; x_wconf 85' lang='lat' dir='ltr'><strong>mea</strong></span> <span class='ocrx_word' id='word_1_454' title='bbox 1177 3949 1248 3989; x_wconf 84' lang='lat' dir='ltr'><strong>est</strong></span> <span class='ocrx_word' id='word_1_455' title='bbox 1268 3941 1406 4002; x_wconf 85' lang='lat' dir='ltr'><strong>apud</strong></span> <span class='ocrx_word' id='word_1_456' title='bbox 1432 3950 1476 3992; x_wconf 90' lang='lat' dir='ltr'><strong>te</strong></span> <span class='ocrx_word' id='word_1_457' title='bbox 1506 3954 1549 3993; x_wconf 91' lang='lat' dir='ltr'><strong>et</strong></span> <span class='ocrx_word' id='word_1_458' title='bbox 1575 3935 1688 3995; x_wconf 73' lang='lat' dir='ltr'><strong>vota</strong></span> 
     </span>
    </p>
   </div>
   <div class='ocr_carea' id='block_1_55' title="bbox 126 4005 1686 4076">
    <p class='ocr_par' dir='ltr' id='par_1_55' title="bbox 126 4005 1686 4076">
     <span class='ocr_line' id='line_1_55' title="bbox 126 4005 1686 4076; baseline 0.006 -21"><span class='ocrx_word' id='word_1_459' title='bbox 126 4023 262 4066; x_wconf 80' lang='lat' dir='ltr'><strong>mea,</strong></span> <span class='ocrx_word' id='word_1_460' title='bbox 301 4005 351 4058; x_wconf 90' lang='lat' dir='ltr'><strong>id</strong></span> <span class='ocrx_word' id='word_1_461' title='bbox 373 4018 473 4076; x_wconf 86' lang='lat' dir='ltr'><strong>est,</strong></span> <span class='ocrx_word' id='word_1_462' title='bbox 507 4017 618 4058; x_wconf 91' lang='lat' dir='ltr'><strong>vota</strong></span> <span class='ocrx_word' id='word_1_463' title='bbox 652 4020 766 4058; x_wconf 61' lang='lat' dir='ltr'><strong>mea</strong></span> <span class='ocrx_word' id='word_1_464' title='bbox 795 4023 906 4076; x_wconf 66' lang='lat' dir='ltr'><strong>qua:</strong></span> <span class='ocrx_word' id='word_1_465' title='bbox 938 4008 1057 4070; x_wconf 83' lang='lat' dir='ltr'><strong>feci.</strong></span> <span class='ocrx_word' id='word_1_466' title='bbox 1082 4023 1198 4059; x_wconf 89' lang='lat' dir='ltr'><strong>cum</strong></span> <span class='ocrx_word' id='word_1_467' title='bbox 1229 4023 1310 4060; x_wconf 91' lang='lat' dir='ltr'><strong>me</strong></span> <span class='ocrx_word' id='word_1_468' title='bbox 1337 4009 1502 4074; x_wconf 87' lang='lat' dir='ltr'><strong>ipsum</strong></span> <span class='ocrx_word' id='word_1_469' title='bbox 1529 4012 1577 4063; x_wconf 93' lang='lat' dir='ltr'><strong>in</strong></span> <span class='ocrx_word' id='word_1_470' title='bbox 1599 4028 1686 4065; x_wconf 86' lang='lat' dir='ltr'><strong>ara</strong></span> 
     </span>
    </p>
   </div>
   <div class='ocr_carea' id='block_1_56' title="bbox 123 4075 1686 4146">
    <p class='ocr_par' dir='ltr' id='par_1_56' title="bbox 123 4075 1686 4146">
     <span class='ocr_line' id='line_1_56' title="bbox 123 4075 1686 4146; baseline 0.001 -18"><span class='ocrx_word' id='word_1_471' title='bbox 123 4077 313 4128; x_wconf 86' lang='lat' dir='ltr'><strong>crucis</strong></span> <span class='ocrx_word' id='word_1_472' title='bbox 349 4075 509 4126; x_wconf 84' lang='lat' dir='ltr'><strong>obtuli</strong></span> <span class='ocrx_word' id='word_1_473' title='bbox 545 4092 556 4126; x_wconf 87' lang='lat'>:</span> <span class='ocrx_word' id='word_1_474' title='bbox 586 4076 674 4146; x_wconf 80' lang='lat' dir='ltr'><strong>illa</strong></span> <span class='ocrx_word' id='word_1_475' title='bbox 705 4078 910 4126; x_wconf 91' lang='lat' dir='ltr'><strong>reddam</strong></span> <span class='ocrx_word' id='word_1_476' title='bbox 948 4077 1000 4128; x_wconf 86' lang='lat' dir='ltr'><strong>in</strong></span> <span class='ocrx_word' id='word_1_477' title='bbox 1032 4077 1254 4129; x_wconf 67' lang='lat' dir='ltr'><strong>Ecclesia</strong></span> <span class='ocrx_word' id='word_1_478' title='bbox 1281 4094 1483 4146; x_wconf 82' lang='lat' dir='ltr'><strong>magna,</strong></span> <span class='ocrx_word' id='word_1_479' title='bbox 1511 4081 1557 4132; x_wconf 90' lang='lat' dir='ltr'><strong>id</strong></span> <span class='ocrx_word' id='word_1_480' title='bbox 1584 4094 1686 4144; x_wconf 80' lang='lat' dir='ltr'><strong>esr,</strong></span> 
     </span>
    </p>
   </div>
   <div class='ocr_carea' id='block_1_57' title="bbox 127 4144 1687 4217">
    <p class='ocr_par' dir='ltr' id='par_1_57' title="bbox 127 4144 1687 4217">
     <span class='ocr_line' id='line_1_57' title="bbox 127 4144 1687 4217; baseline 0.007 -22"><span class='ocrx_word' id='word_1_481' title='bbox 127 4144 1001 4217; x_wconf 20' lang='lat' dir='ltr'><strong>iterutnjperquotidianasacrificia</strong></span> <span class='ocrx_word' id='word_1_482' title='bbox 1029 4161 1259 4198; x_wconf 88' lang='lat' dir='ltr'><strong>nieorum</strong></span> <span class='ocrx_word' id='word_1_483' title='bbox 1285 4151 1332 4200; x_wconf 88' lang='lat' dir='ltr'><strong>in</strong></span> <span class='ocrx_word' id='word_1_484' title='bbox 1348 4144 1687 4206; x_wconf 73' lang='lat' dir='ltr'><strong>sacramentis</strong></span> 
     </span>
    </p>
   </div>
   <div class='ocr_carea' id='block_1_58' title="bbox 125 4213 1689 4282">
    <p class='ocr_par' dir='ltr' id='par_1_58' title="bbox 125 4213 1689 4282">
     <span class='ocr_line' id='line_1_58' title="bbox 125 4213 1689 4282; baseline 0.006 -18"><span class='ocrx_word' id='word_1_485' title='bbox 125 4213 370 4268; x_wconf 66' lang='lat' dir='ltr'><strong>offeram.</strong></span> <span class='ocrx_word' id='word_1_486' title='bbox 402 4213 526 4267; x_wconf 81' lang='lat' dir='ltr'><strong>Vota</strong></span> <span class='ocrx_word' id='word_1_487' title='bbox 546 4215 662 4267; x_wconf 89' lang='lat' dir='ltr'><strong>dico</strong></span> <span class='ocrx_word' id='word_1_488' title='bbox 679 4215 862 4267; x_wconf 84' lang='lat' dir='ltr'><strong>eadem</strong></span> <span class='ocrx_word' id='word_1_489' title='bbox 887 4230 1009 4268; x_wconf 87' lang='lat' dir='ltr'><strong>vere</strong></span> <span class='ocrx_word' id='word_1_490' title='bbox 1034 4218 1083 4267; x_wconf 91' lang='lat' dir='ltr'><strong>in</strong></span> <span class='ocrx_word' id='word_1_491' title='bbox 1121 4228 1380 4282; x_wconf 64' lang='lat' dir='ltr'><strong>competu</strong></span> <span class='ocrx_word' id='word_1_492' title='bbox 1414 4222 1689 4274; x_wconf 86' lang='lat' dir='ltr'><strong>timentium</strong></span> 
     </span>
    </p>
   </div>
   <div class='ocr_carea' id='block_1_59' title="bbox 124 4285 1687 4355">
    <p class='ocr_par' dir='ltr' id='par_1_59' title="bbox 124 4285 1687 4355">
     <span class='ocr_line' id='line_1_59' title="bbox 124 4285 1687 4355; baseline 0.005 -19"><span class='ocrx_word' id='word_1_493' title='bbox 124 4299 267 4347; x_wconf 80' lang='lat' dir='ltr'><strong>eum,</strong></span> <span class='ocrx_word' id='word_1_494' title='bbox 299 4287 348 4337; x_wconf 86' lang='lat' dir='ltr'><strong>id</strong></span> <span class='ocrx_word' id='word_1_495' title='bbox 376 4293 476 4349; x_wconf 84' lang='lat' dir='ltr'><strong>est,</strong></span> <span class='ocrx_word' id='word_1_496' title='bbox 501 4296 750 4355; x_wconf 89' lang='lat' dir='ltr'><strong>quantum</strong></span> <span class='ocrx_word' id='word_1_497' title='bbox 775 4286 838 4337; x_wconf 87' lang='lat' dir='ltr'><strong>ad</strong></span> <span class='ocrx_word' id='word_1_498' title='bbox 865 4285 1178 4339; x_wconf 91' lang='lat' dir='ltr'><strong>intellectum</strong></span> <span class='ocrx_word' id='word_1_499' title='bbox 1204 4285 1478 4352; x_wconf 90' lang='lat' dir='ltr'><strong>bonorum,</strong></span> <span class='ocrx_word' id='word_1_500' title='bbox 1505 4305 1556 4342; x_wconf 90' lang='lat' dir='ltr'><strong>et</strong></span> <span class='ocrx_word' id='word_1_501' title='bbox 1585 4307 1687 4344; x_wconf 91' lang='lat' dir='ltr'><strong>non</strong></span> 
     </span>
    </p>
   </div>
   <div class='ocr_carea' id='block_1_60' title="bbox 130 4355 1686 4424">
    <p class='ocr_par' dir='ltr' id='par_1_60' title="bbox 130 4355 1686 4424">
     <span class='ocr_line' id='line_1_60' title="bbox 130 4355 1686 4424; baseline 0.005 -20"><span class='ocrx_word' id='word_1_502' title='bbox 130 4355 239 4407; x_wconf 89' lang='lat' dir='ltr'><strong>sint</strong></span> <span class='ocrx_word' id='word_1_503' title='bbox 265 4358 453 4408; x_wconf 88' lang='lat' dir='ltr'><strong>eadem</strong></span> <span class='ocrx_word' id='word_1_504' title='bbox 486 4360 535 4407; x_wconf 92' lang='lat' dir='ltr'><strong>in</strong></span> <span class='ocrx_word' id='word_1_505' title='bbox 559 4367 839 4422; x_wconf 89' lang='lat' dir='ltr'><strong>conspectu</strong></span> <span class='ocrx_word' id='word_1_506' title='bbox 868 4357 1143 4418; x_wconf 89' lang='lat' dir='ltr'><strong>malorum,</strong></span> <span class='ocrx_word' id='word_1_507' title='bbox 1167 4359 1252 4424; x_wconf 88' lang='lat' dir='ltr'><strong>qui</strong></span> <span class='ocrx_word' id='word_1_508' title='bbox 1286 4358 1412 4409; x_wconf 85' lang='lat' dir='ltr'><strong>nihil</strong></span> <span class='ocrx_word' id='word_1_509' title='bbox 1441 4364 1489 4411; x_wconf 92' lang='lat' dir='ltr'><strong>in</strong></span> <span class='ocrx_word' id='word_1_510' title='bbox 1512 4376 1686 4414; x_wconf 78' lang='lat' dir='ltr'><strong>sacra—</strong></span> 
     </span>
    </p>
   </div>
   <div class='ocr_carea' id='block_1_61' title="bbox 131 4425 1682 4493">
    <p class='ocr_par' dir='ltr' id='par_1_61' title="bbox 131 4425 1682 4493">
     <span class='ocr_line' id='line_1_61' title="bbox 131 4425 1682 4493; baseline 0.006 -19"><span class='ocrx_word' id='word_1_511' title='bbox 131 4425 479 4493; x_wconf 26' lang='lat' dir='ltr'><strong>mentistnisi</strong></span> <span class='ocrx_word' id='word_1_512' title='bbox 505 4425 641 4489; x_wconf 86' lang='lat' dir='ltr'><strong>quod</strong></span> <span class='ocrx_word' id='word_1_513' title='bbox 671 4425 905 4477; x_wconf 73' lang='lat' dir='ltr'><strong>exterius</strong></span> <span class='ocrx_word' id='word_1_514' title='bbox 958 4435 1194 4491; x_wconf 83' lang='lat' dir='ltr'><strong>apparet,</strong></span> <span class='ocrx_word' id='word_1_515' title='bbox 1243 4425 1557 4493; x_wconf 86' lang='lat' dir='ltr'><strong>intelligunt.</strong></span> <span class='ocrx_word' id='word_1_516' title='bbox 1594 4430 1682 4484; x_wconf 82' lang='lat' dir='ltr'><strong>Vel</strong></span> 
     </span>
    </p>
   </div>
   <div class='ocr_carea' id='block_1_62' title="bbox 1786 537 3372 604">
    <p class='ocr_par' dir='ltr' id='par_1_62' title="bbox 1786 537 3372 604">
     <span class='ocr_line' id='line_1_62' title="bbox 1786 537 3372 604; baseline 0.005 -20"><span class='ocrx_word' id='word_1_517' title='bbox 1786 545 1864 585; x_wconf 87' lang='lat' dir='ltr'><strong>est</strong></span> <span class='ocrx_word' id='word_1_518' title='bbox 1890 537 2178 588; x_wconf 80' lang='lat' dir='ltr'><strong>saturitatis</strong></span> <span class='ocrx_word' id='word_1_519' title='bbox 2209 552 2342 587; x_wconf 70' lang='lat' dir='ltr'><strong>verat</strong></span> <span class='ocrx_word' id='word_1_520' title='bbox 2384 537 2670 597; x_wconf 85' lang='lat' dir='ltr'><strong>eructatio,</strong></span> <span class='ocrx_word' id='word_1_521' title='bbox 2704 547 2970 604; x_wconf 80' lang='lat' dir='ltr'><strong>postquam</strong></span> <span class='ocrx_word' id='word_1_522' title='bbox 3017 542 3372 604; x_wconf 63' lang='lat' dir='ltr'><strong>saturitatem,</strong></span> 
     </span>
    </p>
   </div>
   <div class='ocr_carea' id='block_1_63' title="bbox 1790 604 3354 673">
    <p class='ocr_par' dir='ltr' id='par_1_63' title="bbox 1790 604 3354 673">
     <span class='ocr_line' id='line_1_63' title="bbox 1790 604 3354 673; baseline 0.006 -21"><span class='ocrx_word' id='word_1_523' title='bbox 1790 617 1884 655; x_wconf 70' lang='lat' dir='ltr'><strong>nec</strong></span> <span class='ocrx_word' id='word_1_524' title='bbox 1915 604 2265 657; x_wconf 76' lang='lat' dir='ltr'><strong>formidabant</strong></span> <span class='ocrx_word' id='word_1_525' title='bbox 2296 605 2448 672; x_wconf 77' lang='lat' dir='ltr'><strong>hujus</strong></span> <span class='ocrx_word' id='word_1_526' title='bbox 2493 607 2669 657; x_wconf 89' lang='lat' dir='ltr'><strong>mundi</strong></span> <span class='ocrx_word' id='word_1_527' title='bbox 2704 608 2928 673; x_wconf 82' lang='lat' dir='ltr'><strong>inopiam</strong></span> <span class='ocrx_word' id='word_1_528' title='bbox 2953 647 2967 668; x_wconf 90' lang='lat'><strong><em>.</em></strong></span> <span class='ocrx_word' id='word_1_529' title='bbox 3000 623 3095 660; x_wconf 81' lang='lat' dir='ltr'><strong>nec</strong></span> <span class='ocrx_word' id='word_1_530' title='bbox 3143 624 3354 662; x_wconf 60' lang='lat' dir='ltr'><strong>concu-</strong></span> 
     </span>
    </p>
   </div>
   <div class='ocr_carea' id='block_1_64' title="bbox 1788 673 3347 737">
    <p class='ocr_par' dir='ltr' id='par_1_64' title="bbox 1788 673 3347 737">
     <span class='ocr_line' id='line_1_64' title="bbox 1788 673 3347 737; baseline 0.008 -17"><span class='ocrx_word' id='word_1_531' title='bbox 1788 673 1988 735; x_wconf 78' lang='lat' dir='ltr'><strong>piscent</strong></span> <span class='ocrx_word' id='word_1_532' title='bbox 2033 676 2271 737; x_wconf 82' lang='lat' dir='ltr'><strong>copiam;</strong></span> <span class='ocrx_word' id='word_1_533' title='bbox 2321 687 2372 726; x_wconf 92' lang='lat' dir='ltr'><strong>et</strong></span> <span class='ocrx_word' id='word_1_534' title='bbox 2418 683 2540 728; x_wconf 89' lang='lat' dir='ltr'><strong>tunc</strong></span> <span class='ocrx_word' id='word_1_535' title='bbox 2577 675 2854 729; x_wconf 73' lang='lat' dir='ltr'><strong>laudabunt</strong></span> <span class='ocrx_word' id='word_1_536' title='bbox 2911 675 3178 730; x_wconf 79' lang='lat' dir='ltr'><strong>Dominum</strong></span> <span class='ocrx_word' id='word_1_537' title='bbox 3224 695 3347 732; x_wconf 84' lang='lat' dir='ltr'><strong>vera</strong></span> 
     </span>
    </p>
   </div>
   <div class='ocr_carea' id='block_1_65' title="bbox 1789 741 3342 814">
    <p class='ocr_par' dir='ltr' id='par_1_65' title="bbox 1789 741 3342 814">
     <span class='ocr_line' id='line_1_65' title="bbox 1789 741 3342 814; baseline 0.003 -23"><span class='ocrx_word' id='word_1_538' title='bbox 1789 741 1956 814; x_wconf 64' lang='lat' dir='ltr'><strong>laude,</strong></span> <span class='ocrx_word' id='word_1_539' title='bbox 1993 743 2062 793; x_wconf 87' lang='lat' dir='ltr'><strong>illi</strong></span> <span class='ocrx_word' id='word_1_540' title='bbox 2090 743 2173 808; x_wconf 89' lang='lat' dir='ltr'><strong>qui</strong></span> <span class='ocrx_word' id='word_1_541' title='bbox 2206 760 2321 795; x_wconf 88' lang='lat' dir='ltr'><strong>cum</strong></span> <span class='ocrx_word' id='word_1_542' title='bbox 2351 759 2468 814; x_wconf 85' lang='lat' dir='ltr'><strong>eum</strong></span> <span class='ocrx_word' id='word_1_543' title='bbox 2495 745 2542 795; x_wconf 92' lang='lat' dir='ltr'><strong>iii</strong></span> <span class='ocrx_word' id='word_1_544' title='bbox 2578 745 2739 796; x_wconf 80' lang='lat' dir='ltr'><strong>Adam</strong></span> <span class='ocrx_word' id='word_1_545' title='bbox 2767 759 3044 814; x_wconf 78' lang='lat' dir='ltr'><strong>antequam</strong></span> <span class='ocrx_word' id='word_1_546' title='bbox 3073 761 3342 813; x_wconf 68' lang='lat' dir='ltr'><strong>peccaret,</strong></span> 
     </span>
    </p>
   </div>
   <div class='ocr_carea' id='block_1_66' title="bbox 1787 812 3343 879">
    <p class='ocr_par' dir='ltr' id='par_1_66' title="bbox 1787 812 3343 879">
     <span class='ocr_line' id='line_1_66' title="bbox 1787 812 3343 879; baseline 0.008 -20"><span class='ocrx_word' id='word_1_547' title='bbox 1787 812 2118 874; x_wconf 67' lang='lat' dir='ltr'><strong>qua-sissent.</strong></span> <span class='ocrx_word' id='word_1_548' title='bbox 2144 824 2194 864; x_wconf 89' lang='lat' dir='ltr'><strong>ct</strong></span> <span class='ocrx_word' id='word_1_549' title='bbox 2224 815 2273 864; x_wconf 93' lang='lat' dir='ltr'><strong>in</strong></span> <span class='ocrx_word' id='word_1_550' title='bbox 2298 813 2483 866; x_wconf 84' lang='lat' dir='ltr'><strong>eodem</strong></span> <span class='ocrx_word' id='word_1_551' title='bbox 2513 829 2604 879; x_wconf 91' lang='lat' dir='ltr'><strong>per</strong></span> <span class='ocrx_word' id='word_1_552' title='bbox 2631 812 3036 869; x_wconf 60' lang='lat' dir='ltr'><strong>inobi-dientiam</strong></span> <span class='ocrx_word' id='word_1_553' title='bbox 3066 812 3183 870; x_wconf 87' lang='lat' dir='ltr'><strong>eum</strong></span> <span class='ocrx_word' id='word_1_554' title='bbox 3213 819 3343 870; x_wconf 79' lang='lat' dir='ltr'><strong>ami-</strong></span> 
     </span>
    </p>
   </div>
   <div class='ocr_carea' id='block_1_67' title="bbox 1787 881 3341 950">
    <p class='ocr_par' dir='ltr' id='par_1_67' title="bbox 1787 881 3341 950">
     <span class='ocr_line' id='line_1_67' title="bbox 1787 881 3341 950; baseline 0.006 -20"><span class='ocrx_word' id='word_1_555' title='bbox 1787 881 2002 943; x_wconf 80' lang='lat' dir='ltr'><strong>sissent,</strong></span> <span class='ocrx_word' id='word_1_556' title='bbox 2053 883 2209 934; x_wconf 85' lang='lat' dir='ltr'><strong>modo</strong></span> <span class='ocrx_word' id='word_1_557' title='bbox 2248 883 2517 948; x_wconf 59' lang='lat' dir='ltr'><strong>requirun’t</strong></span> <span class='ocrx_word' id='word_1_558' title='bbox 2566 898 2659 950; x_wconf 87' lang='lat' dir='ltr'><strong>per</strong></span> <span class='ocrx_word' id='word_1_559' title='bbox 2691 885 2842 936; x_wconf 79' lang='lat' dir='ltr'><strong>lldcttt</strong></span> <span class='ocrx_word' id='word_1_560' title='bbox 2891 896 2942 939; x_wconf 88' lang='lat' dir='ltr'><strong>et</strong></span> <span class='ocrx_word' id='word_1_561' title='bbox 2983 889 3341 949; x_wconf 83' lang='lat' dir='ltr'><strong>operationem</strong></span> 
     </span>
    </p>
   </div>
   <div class='ocr_carea' id='block_1_68' title="bbox 1789 951 3344 1021">
    <p class='ocr_par' dir='ltr' id='par_1_68' title="bbox 1789 951 3344 1021">
     <span class='ocr_line' id='line_1_68' title="bbox 1789 951 3344 1021; baseline 0.004 -23"><span class='ocrx_word' id='word_1_562' title='bbox 1789 951 1974 1021; x_wconf 84' lang='lat' dir='ltr'><strong>bonam</strong></span> <span class='ocrx_word' id='word_1_563' title='bbox 2001 968 2014 1014; x_wconf 90' lang='lat'><strong>;</strong></span> <span class='ocrx_word' id='word_1_564' title='bbox 2047 961 2098 1001; x_wconf 90' lang='lat' dir='ltr'><strong>et</strong></span> <span class='ocrx_word' id='word_1_565' title='bbox 2129 953 2177 1004; x_wconf 90' lang='lat' dir='ltr'><strong>in</strong></span> <span class='ocrx_word' id='word_1_566' title='bbox 2210 952 2307 1004; x_wconf 89' lang='lat' dir='ltr'><strong>hoc</strong></span> <span class='ocrx_word' id='word_1_567' title='bbox 2331 953 2613 1005; x_wconf 85' lang='lat' dir='ltr'><strong>laudabunt</strong></span> <span class='ocrx_word' id='word_1_568' title='bbox 2641 969 2784 1016; x_wconf 90' lang='lat' dir='ltr'><strong>eum,</strong></span> <span class='ocrx_word' id='word_1_569' title='bbox 2811 956 2927 1021; x_wconf 86' lang='lat' dir='ltr'><strong>quia</strong></span> <span class='ocrx_word' id='word_1_570' title='bbox 2962 955 3078 1008; x_wconf 88' lang='lat' dir='ltr'><strong>licet</strong></span> <span class='ocrx_word' id='word_1_571' title='bbox 3113 972 3201 1020; x_wconf 84' lang='lat' dir='ltr'><strong>pro</strong></span> <span class='ocrx_word' id='word_1_572' title='bbox 3223 972 3344 1021; x_wconf 71' lang='lat' dir='ltr'><strong>pec-</strong></span> 
     </span>
    </p>
   </div>
   <div class='ocr_carea' id='block_1_69' title="bbox 1786 1018 3348 1086">
    <p class='ocr_par' dir='ltr' id='par_1_69' title="bbox 1786 1018 3348 1086">
     <span class='ocr_line' id='line_1_69' title="bbox 1786 1018 3348 1086; baseline 0.004 -15"><span class='ocrx_word' id='word_1_573' title='bbox 1786 1018 1917 1071; x_wconf 84' lang='lat' dir='ltr'><strong>Catis</strong></span> <span class='ocrx_word' id='word_1_574' title='bbox 1943 1035 2160 1086; x_wconf 84' lang='lat' dir='ltr'><strong>corpora</strong></span> <span class='ocrx_word' id='word_1_575' title='bbox 2205 1022 2513 1085; x_wconf 85' lang='lat' dir='ltr'><strong>moriantur,</strong></span> <span class='ocrx_word' id='word_1_576' title='bbox 2566 1025 2721 1074; x_wconf 89' lang='lat' dir='ltr'><strong>corda</strong></span> <span class='ocrx_word' id='word_1_577' title='bbox 2748 1018 2921 1077; x_wconf 83' lang='lat' dir='ltr'><strong>tamen</strong></span> <span class='ocrx_word' id='word_1_578' title='bbox 2965 1018 3143 1078; x_wconf 85' lang='lat' dir='ltr'><strong>eorum</strong></span> <span class='ocrx_word' id='word_1_579' title='bbox 3175 1018 3348 1079; x_wconf 80' lang='lat' dir='ltr'><strong>vivent</strong></span> 
     </span>
    </p>
   </div>
   <div class='ocr_carea' id='block_1_70' title="bbox 1766 1088 3343 1160">
    <p class='ocr_par' dir='ltr' id='par_1_70' title="bbox 1766 1088 3343 1160">
     <span class='ocr_line' id='line_1_70' title="bbox 1766 1088 3343 1160; baseline 0.006 -19"><span class='ocrx_word' id='word_1_580' title='bbox 1766 1102 1880 1154; x_wconf 87' lang='lat' dir='ltr'><strong>.per</strong></span> <span class='ocrx_word' id='word_1_581' title='bbox 1909 1088 2059 1160; x_wconf 82' lang='lat' dir='ltr'><strong>fidem</strong></span> <span class='ocrx_word' id='word_1_582' title='bbox 2101 1097 2154 1142; x_wconf 92' lang='lat' dir='ltr'><strong>et</strong></span> <span class='ocrx_word' id='word_1_583' title='bbox 2175 1090 2329 1160; x_wconf 76' lang='lat' dir='ltr'><strong>bona</strong></span> <span class='ocrx_word' id='word_1_584' title='bbox 2362 1105 2518 1154; x_wconf 84' lang='lat' dir='ltr'><strong>Opera</strong></span> <span class='ocrx_word' id='word_1_585' title='bbox 2568 1093 2617 1142; x_wconf 86' lang='lat' dir='ltr'><strong>in</strong></span> <span class='ocrx_word' id='word_1_586' title='bbox 2648 1094 2885 1145; x_wconf 69' lang='lat' dir='ltr'><strong>sti-culum</strong></span> <span class='ocrx_word' id='word_1_587' title='bbox 2938 1097 3129 1159; x_wconf 74' lang='lat' dir='ltr'><strong>sit-culi,</strong></span> <span class='ocrx_word' id='word_1_588' title='bbox 3164 1097 3212 1148; x_wconf 88' lang='lat' dir='ltr'><strong>id</strong></span> <span class='ocrx_word' id='word_1_589' title='bbox 3243 1109 3343 1160; x_wconf 88' lang='lat' dir='ltr'><strong>est,</strong></span> 
     </span>
    </p>
   </div>
   <div class='ocr_carea' id='block_1_71' title="bbox 1788 1158 3344 1223">
    <p class='ocr_par' dir='ltr' id='par_1_71' title="bbox 1788 1158 3344 1223">
     <span class='ocr_line' id='line_1_71' title="bbox 1788 1158 3344 1223; baseline 0.006 -15"><span class='ocrx_word' id='word_1_590' title='bbox 1788 1158 2123 1210; x_wconf 79' lang='lat' dir='ltr'><strong>:eternahter.</strong></span> <span class='ocrx_word' id='word_1_591' title='bbox 2170 1159 2233 1211; x_wconf 85' lang='lat' dir='ltr'><strong>Et</strong></span> <span class='ocrx_word' id='word_1_592' title='bbox 2279 1175 2368 1223; x_wconf 90' lang='lat' dir='ltr'><strong>per</strong></span> <span class='ocrx_word' id='word_1_593' title='bbox 2415 1159 2511 1212; x_wconf 86' lang='lat' dir='ltr'><strong>hoc</strong></span> <span class='ocrx_word' id='word_1_594' title='bbox 2566 1161 2757 1214; x_wconf 90' lang='lat' dir='ltr'><strong>vivent.</strong></span> <span class='ocrx_word' id='word_1_595' title='bbox 2816 1158 3235 1218; x_wconf 81' lang='lat' dir='ltr'><strong>llemiiiiscentur</strong></span> <span class='ocrx_word' id='word_1_596' title='bbox 3292 1158 3344 1219; x_wconf 79' lang='lat' dir='ltr'><strong>ei</strong></span> 
     </span>
    </p>
   </div>
   <div class='ocr_carea' id='block_1_72' title="bbox 1794 1227 3345 1297">
    <p class='ocr_par' dir='ltr' id='par_1_72' title="bbox 1794 1227 3345 1297">
     <span class='ocr_line' id='line_1_72' title="bbox 1794 1227 3345 1297; baseline 0.007 -20"><span class='ocrx_word' id='word_1_597' title='bbox 1794 1230 2106 1292; x_wconf 84' lang='lat' dir='ltr'><strong>cogitatione</strong></span> <span class='ocrx_word' id='word_1_598' title='bbox 2131 1237 2183 1280; x_wconf 86' lang='lat' dir='ltr'><strong>ct</strong></span> <span class='ocrx_word' id='word_1_599' title='bbox 2213 1244 2370 1294; x_wconf 90' lang='lat' dir='ltr'><strong>opere</strong></span> <span class='ocrx_word' id='word_1_600' title='bbox 2397 1227 2582 1293; x_wconf 84' lang='lat' dir='ltr'><strong>Deum,</strong></span> <span class='ocrx_word' id='word_1_601' title='bbox 2618 1233 2762 1294; x_wconf 86' lang='lat' dir='ltr'><strong>quasi</strong></span> <span class='ocrx_word' id='word_1_602' title='bbox 2813 1235 2951 1297; x_wconf 79' lang='lat' dir='ltr'><strong>prius</strong></span> <span class='ocrx_word' id='word_1_603' title='bbox 2980 1234 3145 1293; x_wconf 84' lang='lat' dir='ltr'><strong>obliti.</strong></span> <span class='ocrx_word' id='word_1_604' title='bbox 3194 1246 3244 1287; x_wconf 91' lang='lat' dir='ltr'><strong>et</strong></span> <span class='ocrx_word' id='word_1_605' title='bbox 3270 1251 3293 1287; x_wconf 71' lang='grc' dir='ltr'><strong>δ</strong></span> <span class='ocrx_word' id='word_1_606' title='bbox 3318 1253 3345 1288; x_wconf 87' lang='lat' dir='ltr'><strong>c</strong></span> 
     </span>
    </p>
   </div>
   <div class='ocr_carea' id='block_1_73' title="bbox 1787 1297 3341 1367">
    <p class='ocr_par' dir='ltr' id='par_1_73' title="bbox 1787 1297 3341 1367">
     <span class='ocr_line' id='line_1_73' title="bbox 1787 1297 3341 1367; baseline 0.005 -21"><span class='ocrx_word' id='word_1_607' title='bbox 1787 1298 1873 1361; x_wconf 87' lang='lat' dir='ltr'><strong>qui</strong></span> <span class='ocrx_word' id='word_1_608' title='bbox 1908 1297 2048 1361; x_wconf 89' lang='lat' dir='ltr'><strong>pritts</strong></span> <span class='ocrx_word' id='word_1_609' title='bbox 2070 1299 2237 1351; x_wconf 80' lang='lat' dir='ltr'><strong>aversi</strong></span> <span class='ocrx_word' id='word_1_610' title='bbox 2269 1299 2490 1363; x_wconf 88' lang='lat' dir='ltr'><strong>fuerant,</strong></span> <span class='ocrx_word' id='word_1_611' title='bbox 2524 1299 2722 1367; x_wconf 85' lang='lat' dir='ltr'><strong>integre</strong></span> <span class='ocrx_word' id='word_1_612' title='bbox 2751 1313 3120 1355; x_wconf 85' lang='lat' dir='ltr'><strong>convertentur</strong></span> <span class='ocrx_word' id='word_1_613' title='bbox 3146 1305 3208 1353; x_wconf 87' lang='lat' dir='ltr'><strong>ad</strong></span> <span class='ocrx_word' id='word_1_614' title='bbox 3240 1305 3341 1354; x_wconf 76' lang='lat' dir='ltr'><strong>lio-</strong></span> 
     </span>
    </p>
   </div>
   <div class='ocr_carea' id='block_1_74' title="bbox 1787 1367 3345 1434">
    <p class='ocr_par' dir='ltr' id='par_1_74' title="bbox 1787 1367 3345 1434">
     <span class='ocr_line' id='line_1_74' title="bbox 1787 1367 3345 1434; baseline 0.006 -20"><span class='ocrx_word' id='word_1_615' title='bbox 1787 1369 2004 1429; x_wconf 89' lang='lat' dir='ltr'><strong>tninum,</strong></span> <span class='ocrx_word' id='word_1_616' title='bbox 2030 1378 2083 1419; x_wconf 89' lang='lat' dir='ltr'><strong>ut</strong></span> <span class='ocrx_word' id='word_1_617' title='bbox 2100 1367 2214 1434; x_wconf 83' lang='lat' dir='ltr'><strong>ejus</strong></span> <span class='ocrx_word' id='word_1_618' title='bbox 2235 1368 2484 1431; x_wconf 80' lang='lat' dir='ltr'><strong>impleant</strong></span> <span class='ocrx_word' id='word_1_619' title='bbox 2504 1370 2832 1432; x_wconf 60' lang='lat' dir='ltr'><strong>voluntatem,</strong></span> <span class='ocrx_word' id='word_1_620' title='bbox 2856 1371 3112 1434; x_wconf 82' lang='lat' dir='ltr'><strong>videlicet,</strong></span> <span class='ocrx_word' id='word_1_621' title='bbox 3132 1373 3345 1424; x_wconf 62' lang='lat' dir='ltr'><strong>universi</strong></span> 
     </span>
    </p>
   </div>
   <div class='ocr_carea' id='block_1_75' title="bbox 1785 1434 3345 1506">
    <p class='ocr_par' dir='ltr' id='par_1_75' title="bbox 1785 1434 3345 1506">
     <span class='ocr_line' id='line_1_75' title="bbox 1785 1434 3345 1506; baseline 0.008 -22"><span class='ocrx_word' id='word_1_622' title='bbox 1785 1434 1907 1497; x_wconf 77' lang='lat' dir='ltr'><strong>ﬁnes</strong></span> <span class='ocrx_word' id='word_1_623' title='bbox 1926 1445 2090 1506; x_wconf 82' lang='lat' dir='ltr'><strong>teme,</strong></span> <span class='ocrx_word' id='word_1_624' title='bbox 2114 1438 2161 1487; x_wconf 91' lang='lat' dir='ltr'><strong>id</strong></span> <span class='ocrx_word' id='word_1_625' title='bbox 2184 1447 2280 1506; x_wconf 83' lang='lat' dir='ltr'><strong>est,</strong></span> <span class='ocrx_word' id='word_1_626' title='bbox 2303 1452 2486 1489; x_wconf 85' lang='lat' dir='ltr'><strong>omnes</strong></span> <span class='ocrx_word' id='word_1_627' title='bbox 2503 1439 2703 1506; x_wconf 86' lang='lat' dir='ltr'><strong>quijain</strong></span> <span class='ocrx_word' id='word_1_628' title='bbox 2722 1442 2963 1492; x_wconf 50' lang='lat' dir='ltr'><strong>finierunt</strong></span> <span class='ocrx_word' id='word_1_629' title='bbox 2989 1441 3107 1494; x_wconf 90' lang='lat' dir='ltr'><strong>inse</strong></span> <span class='ocrx_word' id='word_1_630' title='bbox 3134 1457 3345 1496; x_wconf 86' lang='lat' dir='ltr'><strong>onmem</strong></span> 
     </span>
    </p>
   </div>
   <div class='ocr_carea' id='block_1_76' title="bbox 1789 1505 3344 1575">
    <p class='ocr_par' dir='ltr' id='par_1_76' title="bbox 1789 1505 3344 1575">
     <span class='ocr_line' id='line_1_76' title="bbox 1789 1505 3344 1575; baseline 0.006 -21"><span class='ocrx_word' id='word_1_631' title='bbox 1789 1505 2163 1557; x_wconf 86' lang='lat' dir='ltr'><strong>terrenitatem.</strong></span> <span class='ocrx_word' id='word_1_632' title='bbox 2186 1505 2494 1558; x_wconf 84' lang='lat' dir='ltr'><strong>Etconversi</strong></span> <span class='ocrx_word' id='word_1_633' title='bbox 2513 1505 2790 1575; x_wconf 74' lang='lat' dir='ltr'><strong>adorabunt</strong></span> <span class='ocrx_word' id='word_1_634' title='bbox 2815 1507 3102 1574; x_wconf 83' lang='lat' dir='ltr'><strong>Dominum,</strong></span> <span class='ocrx_word' id='word_1_635' title='bbox 3120 1521 3344 1564; x_wconf 83' lang='lat' dir='ltr'><strong>etvenc-</strong></span> 
     </span>
    </p>
   </div>
   <div class='ocr_carea' id='block_1_77' title="bbox 1787 1575 3345 1642">
    <p class='ocr_par' dir='ltr' id='par_1_77' title="bbox 1787 1575 3345 1642">
     <span class='ocr_line' id='line_1_77' title="bbox 1787 1575 3345 1642; baseline 0.006 -17"><span class='ocrx_word' id='word_1_636' title='bbox 1787 1575 2053 1637; x_wconf 86' lang='lat' dir='ltr'><strong>rabuntnr,</strong></span> <span class='ocrx_word' id='word_1_637' title='bbox 2071 1585 2123 1628; x_wconf 90' lang='lat' dir='ltr'><strong>et</strong></span> <span class='ocrx_word' id='word_1_638' title='bbox 2147 1575 2422 1626; x_wconf 77' lang='lat' dir='ltr'><strong>laudabunt</strong></span> <span class='ocrx_word' id='word_1_639' title='bbox 2449 1577 2735 1640; x_wconf 79' lang='lat' dir='ltr'><strong>Dominum,</strong></span> <span class='ocrx_word' id='word_1_640' title='bbox 2769 1594 2868 1629; x_wconf 92' lang='lat' dir='ltr'><strong>non</strong></span> <span class='ocrx_word' id='word_1_641' title='bbox 2892 1582 3029 1642; x_wconf 87' lang='lat' dir='ltr'><strong>liete,</strong></span> <span class='ocrx_word' id='word_1_642' title='bbox 3051 1582 3140 1632; x_wconf 84' lang='lat' dir='ltr'><strong>sed</strong></span> <span class='ocrx_word' id='word_1_643' title='bbox 3159 1582 3210 1632; x_wconf 80' lang='lat' dir='ltr'><strong>in</strong></span> <span class='ocrx_word' id='word_1_644' title='bbox 3228 1598 3345 1634; x_wconf 85' lang='lat' dir='ltr'><strong>con-</strong></span> 
     </span>
    </p>
   </div>
   <div class='ocr_carea' id='block_1_78' title="bbox 1785 1644 3346 1715">
    <p class='ocr_par' dir='ltr' id='par_1_78' title="bbox 1785 1644 3346 1715">
     <span class='ocr_line' id='line_1_78' title="bbox 1785 1644 3346 1715; baseline 0.008 -23"><span class='ocrx_word' id='word_1_645' title='bbox 1785 1652 1953 1715; x_wconf 72' lang='lat' dir='ltr'><strong>specltt</strong></span> <span class='ocrx_word' id='word_1_646' title='bbox 1981 1647 2108 1711; x_wconf 76' lang='lat' dir='ltr'><strong>ejus,</strong></span> <span class='ocrx_word' id='word_1_647' title='bbox 2151 1644 2199 1696; x_wconf 91' lang='lat' dir='ltr'><strong>id</strong></span> <span class='ocrx_word' id='word_1_648' title='bbox 2225 1655 2326 1706; x_wconf 86' lang='lat' dir='ltr'><strong>est,</strong></span> <span class='ocrx_word' id='word_1_649' title='bbox 2351 1645 2399 1696; x_wconf 89' lang='lat' dir='ltr'><strong>in</strong></span> <span class='ocrx_word' id='word_1_650' title='bbox 2422 1646 2599 1706; x_wconf 84' lang='lat' dir='ltr'><strong>corde,</strong></span> <span class='ocrx_word' id='word_1_651' title='bbox 2626 1647 2708 1697; x_wconf 90' lang='lat' dir='ltr'><strong>ubi</strong></span> <span class='ocrx_word' id='word_1_652' title='bbox 2750 1648 2855 1711; x_wconf 82' lang='lat' dir='ltr'><strong>ipse</strong></span> <span class='ocrx_word' id='word_1_653' title='bbox 2879 1651 3151 1715; x_wconf 86' lang='lat' dir='ltr'><strong>conspicit,</strong></span> <span class='ocrx_word' id='word_1_654' title='bbox 3175 1651 3346 1704; x_wconf 84' lang='lat' dir='ltr'><strong>ethoc</strong></span> 
     </span>
    </p>
   </div>
   <div class='ocr_carea' id='block_1_79' title="bbox 1787 1714 3344 1785">
    <p class='ocr_par' dir='ltr' id='par_1_79' title="bbox 1787 1714 3344 1785">
     <span class='ocr_line' id='line_1_79' title="bbox 1787 1714 3344 1785; baseline 0.004 -22"><span class='ocrx_word' id='word_1_655' title='bbox 1787 1726 1889 1764; x_wconf 88' lang='lat' dir='ltr'><strong>non</strong></span> <span class='ocrx_word' id='word_1_656' title='bbox 1908 1714 2287 1785; x_wconf 79' lang='lat' dir='ltr'><strong>faciuntmttlti,</strong></span> <span class='ocrx_word' id='word_1_657' title='bbox 2312 1714 2402 1785; x_wconf 85' lang='lat' dir='ltr'><strong>sed</strong></span> <span class='ocrx_word' id='word_1_658' title='bbox 2428 1716 2668 1768; x_wconf 70' lang='lat' dir='ltr'><strong>universa:</strong></span> <span class='ocrx_word' id='word_1_659' title='bbox 2691 1716 2896 1784; x_wconf 69' lang='lat' dir='ltr'><strong>familiae</strong></span> <span class='ocrx_word' id='word_1_660' title='bbox 2914 1714 3148 1785; x_wconf 73' lang='lat' dir='ltr'><strong>gentium,</strong></span> <span class='ocrx_word' id='word_1_661' title='bbox 3170 1721 3218 1772; x_wconf 88' lang='lat' dir='ltr'><strong>id</strong></span> <span class='ocrx_word' id='word_1_662' title='bbox 3246 1732 3344 1781; x_wconf 82' lang='lat' dir='ltr'><strong>est,</strong></span> 
     </span>
    </p>
   </div>
   <div class='ocr_carea' id='block_1_80' title="bbox 1797 1783 3348 1856">
    <p class='ocr_par' dir='ltr' id='par_1_80' title="bbox 1797 1783 3348 1856">
     <span class='ocr_line' id='line_1_80' title="bbox 1797 1783 3348 1856; baseline 0.007 -26"><span class='ocrx_word' id='word_1_663' title='bbox 1797 1785 1933 1856; x_wconf 82' lang='lat' dir='ltr'><strong>nulla</strong></span> <span class='ocrx_word' id='word_1_664' title='bbox 1967 1783 2156 1856; x_wconf 72' lang='lat' dir='ltr'><strong>familia</strong></span> <span class='ocrx_word' id='word_1_665' title='bbox 2189 1786 2291 1835; x_wconf 91' lang='lat' dir='ltr'><strong>erit</strong></span> <span class='ocrx_word' id='word_1_666' title='bbox 2336 1784 2384 1856; x_wconf 84' lang='lat' dir='ltr'><strong>in</strong></span> <span class='ocrx_word' id='word_1_667' title='bbox 2423 1786 2662 1856; x_wconf 66' lang='lat' dir='ltr'><strong>gentibus</strong></span> <span class='ocrx_word' id='word_1_668' title='bbox 2693 1783 2871 1838; x_wconf 79' lang='lat' dir='ltr'><strong>etiam</strong></span> <span class='ocrx_word' id='word_1_669' title='bbox 2919 1783 3038 1851; x_wconf 70' lang='lat' dir='ltr'><strong>quae</strong></span> <span class='ocrx_word' id='word_1_670' title='bbox 3093 1805 3196 1856; x_wconf 81' lang='lat' dir='ltr'><strong>non</strong></span> <span class='ocrx_word' id='word_1_671' title='bbox 3244 1792 3348 1842; x_wconf 89' lang='lat' dir='ltr'><strong>sint</strong></span> 
     </span>
    </p>
   </div>
   <div class='ocr_carea' id='block_1_81' title="bbox 1794 1852 3346 1924">
    <p class='ocr_par' dir='ltr' id='par_1_81' title="bbox 1794 1852 3346 1924">
     <span class='ocr_line' id='line_1_81' title="bbox 1794 1852 3346 1924; baseline 0.006 -23"><span class='ocrx_word' id='word_1_672' title='bbox 1794 1852 2070 1924; x_wconf 78' lang='lat' dir='ltr'><strong>adirantes</strong></span> <span class='ocrx_word' id='word_1_673' title='bbox 2098 1853 2304 1924; x_wconf 21' lang='lat' dir='ltr'><strong>hDeum.</strong></span> <span class='ocrx_word' id='word_1_674' title='bbox 2344 1854 2585 1906; x_wconf 74' lang='lat' dir='ltr'><strong>Fatnilias</strong></span> <span class='ocrx_word' id='word_1_675' title='bbox 2613 1864 2785 1907; x_wconf 88' lang='lat' dir='ltr'><strong>autem</strong></span> <span class='ocrx_word' id='word_1_676' title='bbox 2818 1858 3004 1920; x_wconf 79' lang='lat' dir='ltr'><strong>accipit</strong></span> <span class='ocrx_word' id='word_1_677' title='bbox 3052 1874 3142 1924; x_wconf 83' lang='lat' dir='ltr'><strong>pro</strong></span> <span class='ocrx_word' id='word_1_678' title='bbox 3173 1852 3346 1911; x_wconf 63' lang='lat' dir='ltr'><strong>divi-r-</strong></span> 
     </span>
    </p>
   </div>
   <div class='ocr_carea' id='block_1_82' title="bbox 1795 1922 3343 1984">
    <p class='ocr_par' dir='ltr' id='par_1_82' title="bbox 1795 1922 3343 1984">
     <span class='ocr_line' id='line_1_82' title="bbox 1795 1922 3343 1984; baseline 0.005 -12"><span class='ocrx_word' id='word_1_679' title='bbox 1795 1922 1867 1972; x_wconf 66' lang='grc' dir='ltr'><strong>εἰς</strong></span> <span class='ocrx_word' id='word_1_680' title='bbox 1914 1922 2231 1984; x_wconf 85' lang='lat' dir='ltr'><strong>nationibus,</strong></span> <span class='ocrx_word' id='word_1_681' title='bbox 2276 1931 2331 1972; x_wconf 90' lang='lat' dir='ltr'><strong>ut</strong></span> <span class='ocrx_word' id='word_1_682' title='bbox 2379 1933 2498 1974; x_wconf 90' lang='lat' dir='ltr'><strong>sunt</strong></span> <span class='ocrx_word' id='word_1_683' title='bbox 2546 1926 2720 1984; x_wconf 79' lang='lat' dir='ltr'><strong>Scmi,</strong></span> <span class='ocrx_word' id='word_1_684' title='bbox 2775 1926 3001 1978; x_wconf 79' lang='lat' dir='ltr'><strong>Britanni</strong></span> <span class='ocrx_word' id='word_1_685' title='bbox 3049 1922 3100 1980; x_wconf 80' lang='lat' dir='ltr'><strong>et</strong></span> <span class='ocrx_word' id='word_1_686' title='bbox 3148 1931 3343 1980; x_wconf 65' lang='lat' dir='ltr'><strong>caateii.</strong></span> 
     </span>
    </p>
   </div>
   <div class='ocr_carea' id='block_1_83' title="bbox 1797 1990 3345 2060">
    <p class='ocr_par' dir='ltr' id='par_1_83' title="bbox 1797 1990 3345 2060">
     <span class='ocr_line' id='line_1_83' title="bbox 1797 1990 3345 2060; baseline 0.006 -22"><span class='ocrx_word' id='word_1_687' title='bbox 1797 1990 1942 2042; x_wconf 79' lang='lat' dir='ltr'><strong>Unde</strong></span> <span class='ocrx_word' id='word_1_688' title='bbox 1979 1996 2135 2043; x_wconf 83' lang='lat' dir='ltr'><strong>etiam</strong></span> <span class='ocrx_word' id='word_1_689' title='bbox 2196 1993 2245 2044; x_wconf 90' lang='lat' dir='ltr'><strong>iti</strong></span> <span class='ocrx_word' id='word_1_690' title='bbox 2278 1994 2377 2042; x_wconf 88' lang='lat' dir='ltr'><strong>alia</strong></span> <span class='ocrx_word' id='word_1_691' title='bbox 2433 1995 2766 2045; x_wconf 62' lang='lat' dir='ltr'><strong>transl-tione</strong></span> <span class='ocrx_word' id='word_1_692' title='bbox 2819 1996 3042 2060; x_wconf 69' lang='lat' dir='ltr'><strong>quadam</strong></span> <span class='ocrx_word' id='word_1_693' title='bbox 3102 2000 3345 2050; x_wconf 74' lang='lat' dir='ltr'><strong>imit-erue</strong></span> 
     </span>
    </p>
   </div>
   <div class='ocr_carea' id='block_1_84' title="bbox 1794 2062 3346 2131">
    <p class='ocr_par' dir='ltr' id='par_1_84' title="bbox 1794 2062 3346 2131">
     <span class='ocr_line' id='line_1_84' title="bbox 1794 2062 3346 2131; baseline 0.008 -25"><span class='ocrx_word' id='word_1_694' title='bbox 1794 2063 1970 2124; x_wconf 79' lang='lat' dir='ltr'><strong>patria:</strong></span> <span class='ocrx_word' id='word_1_695' title='bbox 2000 2064 2234 2127; x_wconf 84' lang='lat' dir='ltr'><strong>gentium.</strong></span> <span class='ocrx_word' id='word_1_696' title='bbox 2294 2062 2354 2113; x_wconf 84' lang='lat' dir='ltr'><strong>Et</strong></span> <span class='ocrx_word' id='word_1_697' title='bbox 2386 2062 2571 2112; x_wconf 85' lang='lat' dir='ltr'><strong>merito</strong></span> <span class='ocrx_word' id='word_1_698' title='bbox 2615 2079 2796 2115; x_wconf 81' lang='lat' dir='ltr'><strong>omnes</strong></span> <span class='ocrx_word' id='word_1_699' title='bbox 2825 2077 3006 2131; x_wconf 78' lang='lat' dir='ltr'><strong>gentes</strong></span> <span class='ocrx_word' id='word_1_700' title='bbox 3057 2067 3346 2119; x_wconf 84' lang='lat' dir='ltr'><strong>adorabunt</strong></span> 
     </span>
    </p>
   </div>
   <div class='ocr_carea' id='block_1_85' title="bbox 1797 2131 3342 2203">
    <p class='ocr_par' dir='ltr' id='par_1_85' title="bbox 1797 2131 3342 2203">
     <span class='ocr_line' id='line_1_85' title="bbox 1797 2131 3342 2203; baseline 0.005 -23"><span class='ocrx_word' id='word_1_701' title='bbox 1797 2131 2086 2203; x_wconf 68' lang='lat' dir='ltr'><strong>fluminum,</strong></span> <span class='ocrx_word' id='word_1_702' title='bbox 2108 2134 2227 2203; x_wconf 80' lang='lat' dir='ltr'><strong>quia</strong></span> <span class='ocrx_word' id='word_1_703' title='bbox 2260 2146 2473 2198; x_wconf 84' lang='lat' dir='ltr'><strong>regnum</strong></span> <span class='ocrx_word' id='word_1_704' title='bbox 2525 2133 2728 2183; x_wconf 83' lang='lat' dir='ltr'><strong>Domini</strong></span> <span class='ocrx_word' id='word_1_705' title='bbox 2759 2142 2896 2196; x_wconf 87' lang='lat' dir='ltr'><strong>sunt,</strong></span> <span class='ocrx_word' id='word_1_706' title='bbox 2929 2145 2977 2187; x_wconf 88' lang='lat' dir='ltr'><strong>et</strong></span> <span class='ocrx_word' id='word_1_707' title='bbox 3007 2136 3124 2189; x_wconf 90' lang='lat' dir='ltr'><strong>ideo</strong></span> <span class='ocrx_word' id='word_1_708' title='bbox 3153 2137 3262 2203; x_wconf 88' lang='lat' dir='ltr'><strong>ipse</strong></span> <span class='ocrx_word' id='word_1_709' title='bbox 3294 2137 3342 2189; x_wconf 90' lang='lat' dir='ltr'><strong>in</strong></span> 
     </span>
    </p>
   </div>
   <div class='ocr_carea' id='block_1_86' title="bbox 1793 2201 2734 2253">
    <p class='ocr_par' dir='ltr' id='par_1_86' title="bbox 1793 2201 2734 2253">
     <span class='ocr_line' id='line_1_86' title="bbox 1793 2201 2734 2253; baseline 0.011 -5"><span class='ocrx_word' id='word_1_710' title='bbox 1793 2202 1869 2249; x_wconf 84' lang='lat' dir='ltr'><strong>cis</strong></span> <span class='ocrx_word' id='word_1_711' title='bbox 1889 2201 2262 2253; x_wconf 81' lang='lat' dir='ltr'><strong>dominabitur.</strong></span> <span class='ocrx_word' id='word_1_712' title='bbox 2727 2219 2734 2226; x_wconf 90' lang='lat'>&#39;</span> 
     </span>
    </p>
   </div>
   <div class='ocr_carea' id='block_1_87' title="bbox 1864 2268 3344 2342">
    <p class='ocr_par' dir='ltr' id='par_1_87' title="bbox 1864 2268 3344 2342">
     <span class='ocr_line' id='line_1_87' title="bbox 1864 2268 3344 2342; baseline 0.006 -22"><span class='ocrx_word' id='word_1_713' title='bbox 1864 2268 2294 2342; x_wconf 66' lang='lat' dir='ltr'><strong>Manducavcritnt</strong></span> <span class='ocrx_word' id='word_1_714' title='bbox 2321 2288 2488 2324; x_wconf 83' lang='lat' dir='ltr'><strong>omnes</strong></span> <span class='ocrx_word' id='word_1_715' title='bbox 2517 2272 2740 2339; x_wconf 72' lang='lat' dir='ltr'><strong>pingues.</strong></span> <span class='ocrx_word' id='word_1_716' title='bbox 2773 2271 2901 2342; x_wconf 10' lang='lat' dir='ltr'><strong>r-Non</strong></span> <span class='ocrx_word' id='word_1_717' title='bbox 2934 2272 3100 2326; x_wconf 87' lang='lat' dir='ltr'><strong>solum</strong></span> <span class='ocrx_word' id='word_1_718' title='bbox 3155 2291 3344 2342; x_wconf 82' lang='lat' dir='ltr'><strong>paupe-</strong></span> 
     </span>
    </p>
   </div>
   <div class='ocr_carea' id='block_1_88' title="bbox 1795 2338 3345 2414">
    <p class='ocr_par' dir='ltr' id='par_1_88' title="bbox 1795 2338 3345 2414">
     <span class='ocr_line' id='line_1_88' title="bbox 1795 2338 3345 2414; baseline 0.005 -25"><span class='ocrx_word' id='word_1_719' title='bbox 1795 2353 1878 2389; x_wconf 80' lang='lat' dir='ltr'><strong>res</strong></span> <span class='ocrx_word' id='word_1_720' title='bbox 1909 2338 2066 2414; x_wconf 79' lang='lat' dir='ltr'><strong>edent</strong></span> <span class='ocrx_word' id='word_1_721' title='bbox 2114 2340 2178 2391; x_wconf 88' lang='lat' dir='ltr'><strong>de</strong></span> <span class='ocrx_word' id='word_1_722' title='bbox 2229 2343 2360 2414; x_wconf 87' lang='lat' dir='ltr'><strong>votis</strong></span> <span class='ocrx_word' id='word_1_723' title='bbox 2390 2338 2679 2414; x_wconf 72' lang='lat' dir='ltr'><strong>tiie_is,__setl</strong></span> <span class='ocrx_word' id='word_1_724' title='bbox 2706 2341 2870 2414; x_wconf 83' lang='lat' dir='ltr'><strong>etiam</strong></span> <span class='ocrx_word' id='word_1_725' title='bbox 2919 2357 3083 2414; x_wconf 71' lang='lat' dir='ltr'><strong>omnes</strong></span> <span class='ocrx_word' id='word_1_726' title='bbox 3136 2338 3345 2414; x_wconf 71' lang='lat' dir='ltr'><strong>pingues</strong></span> 
     </span>
    </p>
   </div>
   <div class='ocr_carea' id='block_1_89' title="bbox 1794 2409 3338 2479">
    <p class='ocr_par' dir='ltr' id='par_1_89' title="bbox 1794 2409 3338 2479">
     <span class='ocr_line' id='line_1_89' title="bbox 1794 2409 3338 2479; baseline 0.003 -21"><span class='ocrx_word' id='word_1_727' title='bbox 1794 2416 1955 2479; x_wconf 67' lang='lat' dir='ltr'><strong>terrae.</strong></span> <span class='ocrx_word' id='word_1_728' title='bbox 1985 2409 2032 2461; x_wconf 91' lang='lat' dir='ltr'><strong>id</strong></span> <span class='ocrx_word' id='word_1_729' title='bbox 2065 2421 2164 2472; x_wconf 89' lang='lat' dir='ltr'><strong>est,</strong></span> <span class='ocrx_word' id='word_1_730' title='bbox 2195 2412 2478 2462; x_wconf 85' lang='lat' dir='ltr'><strong>omnimodi</strong></span> <span class='ocrx_word' id='word_1_731' title='bbox 2529 2411 2716 2464; x_wconf 82' lang='lat' dir='ltr'><strong>divites</strong></span> <span class='ocrx_word' id='word_1_732' title='bbox 2767 2412 2816 2463; x_wconf 93' lang='lat' dir='ltr'><strong>in</strong></span> <span class='ocrx_word' id='word_1_733' title='bbox 2847 2412 3089 2474; x_wconf 62' lang='lat' dir='ltr'><strong>terrenis,</strong></span> <span class='ocrx_word' id='word_1_734' title='bbox 3120 2409 3338 2479; x_wconf 78' lang='lat' dir='ltr'><strong>scilicet,</strong></span> 
     </span>
    </p>
   </div>
   <div class='ocr_carea' id='block_1_90' title="bbox 1791 2477 3342 2542">
    <p class='ocr_par' dir='ltr' id='par_1_90' title="bbox 1791 2477 3342 2542">
     <span class='ocr_line' id='line_1_90' title="bbox 1791 2477 3342 2542; baseline 0.007 -16"><span class='ocrx_word' id='word_1_735' title='bbox 1791 2477 1877 2541; x_wconf 88' lang='lat' dir='ltr'><strong>qui</strong></span> <span class='ocrx_word' id='word_1_736' title='bbox 1907 2479 2032 2529; x_wconf 82' lang='lat' dir='ltr'><strong>nihil</strong></span> <span class='ocrx_word' id='word_1_737' title='bbox 2061 2480 2199 2542; x_wconf 86' lang='lat' dir='ltr'><strong>quod</strong></span> <span class='ocrx_word' id='word_1_738' title='bbox 2249 2490 2509 2532; x_wconf 87' lang='lat' dir='ltr'><strong>terrenum</strong></span> <span class='ocrx_word' id='word_1_739' title='bbox 2564 2482 2647 2535; x_wconf 88' lang='lat' dir='ltr'><strong>sit.</strong></span> <span class='ocrx_word' id='word_1_740' title='bbox 2686 2494 2713 2530; x_wconf 89' lang='lat' dir='ltr'><strong>a</strong></span> <span class='ocrx_word' id='word_1_741' title='bbox 2762 2496 2818 2532; x_wconf 87' lang='lat' dir='ltr'><strong>se</strong></span> <span class='ocrx_word' id='word_1_742' title='bbox 2865 2480 3238 2535; x_wconf 83' lang='lat' dir='ltr'><strong>alienaverunt.</strong></span> <span class='ocrx_word' id='word_1_743' title='bbox 3268 2477 3342 2537; x_wconf 81' lang='lat' dir='ltr'><strong>Illi</strong></span> 
     </span>
    </p>
   </div>
   <div class='ocr_carea' id='block_1_91' title="bbox 1790 2547 3342 2618">
    <p class='ocr_par' dir='ltr' id='par_1_91' title="bbox 1790 2547 3342 2618">
     <span class='ocr_line' id='line_1_91' title="bbox 1790 2547 3342 2618; baseline 0.006 -24"><span class='ocrx_word' id='word_1_744' title='bbox 1790 2547 1926 2610; x_wconf 90' lang='lat' dir='ltr'><strong>quod</strong></span> <span class='ocrx_word' id='word_1_745' title='bbox 1948 2547 2328 2618; x_wconf 83' lang='lat' dir='ltr'><strong>manducabunt</strong></span> <span class='ocrx_word' id='word_1_746' title='bbox 2351 2564 2466 2601; x_wconf 91' lang='lat' dir='ltr'><strong>cum</strong></span> <span class='ocrx_word' id='word_1_747' title='bbox 2495 2548 2807 2614; x_wconf 85' lang='lat' dir='ltr'><strong>pauperibus</strong></span> <span class='ocrx_word' id='word_1_748' title='bbox 2832 2562 2945 2601; x_wconf 87' lang='lat' dir='ltr'><strong>vota</strong></span> <span class='ocrx_word' id='word_1_749' title='bbox 2973 2568 3084 2604; x_wconf 85' lang='lat' dir='ltr'><strong>mea</strong></span> <span class='ocrx_word' id='word_1_750' title='bbox 3113 2556 3342 2618; x_wconf 45' lang='lat' dir='ltr'><strong>realttei&#39;,</strong></span> 
     </span>
    </p>
   </div>
   <div class='ocr_carea' id='block_1_92' title="bbox 1792 2616 3340 2690">
    <p class='ocr_par' dir='ltr' id='par_1_92' title="bbox 1792 2616 3340 2690">
     <span class='ocr_line' id='line_1_92' title="bbox 1792 2616 3340 2690; baseline 0.008 -26"><span class='ocrx_word' id='word_1_751' title='bbox 1792 2629 2042 2679; x_wconf 85' lang='lat' dir='ltr'><strong>quantum</strong></span> <span class='ocrx_word' id='word_1_752' title='bbox 2091 2616 2153 2667; x_wconf 89' lang='lat' dir='ltr'><strong>ad</strong></span> <span class='ocrx_word' id='word_1_753' title='bbox 2188 2629 2554 2690; x_wconf 63' lang='lat' dir='ltr'><strong>sacramenta.</strong></span> <span class='ocrx_word' id='word_1_754' title='bbox 2598 2618 2658 2669; x_wconf 81' lang='lat' dir='ltr'><strong>Et</strong></span> <span class='ocrx_word' id='word_1_755' title='bbox 2690 2619 2998 2690; x_wconf 86' lang='lat' dir='ltr'><strong>adorabunt,</strong></span> <span class='ocrx_word' id='word_1_756' title='bbox 3057 2625 3172 2690; x_wconf 81' lang='lat' dir='ltr'><strong>quia</strong></span> <span class='ocrx_word' id='word_1_757' title='bbox 3224 2616 3340 2676; x_wconf 82' lang='lat' dir='ltr'><strong>cuni</strong></span> 
     </span>
    </p>
   </div>
   <div class='ocr_carea' id='block_1_93' title="bbox 1791 2688 3338 2752">
    <p class='ocr_par' dir='ltr' id='par_1_93' title="bbox 1791 2688 3338 2752">
     <span class='ocr_line' id='line_1_93' title="bbox 1791 2688 3338 2752; baseline 0.006 -16"><span class='ocrx_word' id='word_1_758' title='bbox 1791 2692 2011 2752; x_wconf 83' lang='lat' dir='ltr'><strong>quadam</strong></span> <span class='ocrx_word' id='word_1_759' title='bbox 2036 2688 2278 2738; x_wconf 84' lang='lat' dir='ltr'><strong>exteriori</strong></span> <span class='ocrx_word' id='word_1_760' title='bbox 2328 2688 2662 2740; x_wconf 79' lang='lat' dir='ltr'><strong>veneratione</strong></span> <span class='ocrx_word' id='word_1_761' title='bbox 2693 2689 2962 2748; x_wconf 86' lang='lat' dir='ltr'><strong>accedent,</strong></span> <span class='ocrx_word' id='word_1_762' title='bbox 2998 2688 3085 2742; x_wconf 84' lang='lat' dir='ltr'><strong>vel</strong></span> <span class='ocrx_word' id='word_1_763' title='bbox 3117 2693 3338 2745; x_wconf 82' lang='lat' dir='ltr'><strong>mandu—</strong></span> 
     </span>
    </p>
   </div>
   <div class='ocr_carea' id='block_1_94' title="bbox 1790 2756 3344 2823">
    <p class='ocr_par' dir='ltr' id='par_1_94' title="bbox 1790 2756 3344 2823">
     <span class='ocr_line' id='line_1_94' title="bbox 1790 2756 3344 2823; baseline 0.006 -17"><span class='ocrx_word' id='word_1_764' title='bbox 1790 2757 2006 2815; x_wconf 81' lang='lat' dir='ltr'><strong>cabunt,</strong></span> <span class='ocrx_word' id='word_1_765' title='bbox 2054 2756 2101 2807; x_wconf 92' lang='lat' dir='ltr'><strong>id</strong></span> <span class='ocrx_word' id='word_1_766' title='bbox 2126 2765 2224 2818; x_wconf 91' lang='lat' dir='ltr'><strong>cst,</strong></span> <span class='ocrx_word' id='word_1_767' title='bbox 2276 2756 2674 2810; x_wconf 87' lang='lat' dir='ltr'><strong>delectabuntur</strong></span> <span class='ocrx_word' id='word_1_768' title='bbox 2714 2758 2762 2808; x_wconf 89' lang='lat' dir='ltr'><strong>iii</strong></span> <span class='ocrx_word' id='word_1_769' title='bbox 2817 2762 3055 2823; x_wconf 73' lang='lat' dir='ltr'><strong>pissiOue</strong></span> <span class='ocrx_word' id='word_1_770' title='bbox 3107 2777 3239 2815; x_wconf 86' lang='lat' dir='ltr'><strong>mea.</strong></span> <span class='ocrx_word' id='word_1_771' title='bbox 3283 2765 3344 2814; x_wconf 65' lang='lat' dir='ltr'><strong>lit</strong></span> 
     </span>
    </p>
   </div>
   <div class='ocr_carea' id='block_1_95' title="bbox 1790 2823 3338 2892">
    <p class='ocr_par' dir='ltr' id='par_1_95' title="bbox 1790 2823 3338 2892">
     <span class='ocr_line' id='line_1_95' title="bbox 1790 2823 3338 2892; baseline 0.005 -19"><span class='ocrx_word' id='word_1_772' title='bbox 1790 2823 2078 2877; x_wconf 79' lang='lat' dir='ltr'><strong>adorabunt</strong></span> <span class='ocrx_word' id='word_1_773' title='bbox 2131 2825 2438 2879; x_wconf 86' lang='lat' dir='ltr'><strong>simulantes</strong></span> <span class='ocrx_word' id='word_1_774' title='bbox 2489 2827 2879 2879; x_wconf 87' lang='lat' dir='ltr'><strong>venerationem</strong></span> <span class='ocrx_word' id='word_1_775' title='bbox 2927 2844 3093 2879; x_wconf 83' lang='lat' dir='ltr'><strong>meam</strong></span> <span class='ocrx_word' id='word_1_776' title='bbox 3143 2847 3338 2892; x_wconf 83' lang='lat' dir='ltr'><strong>veram,</strong></span> 
     </span>
    </p>
   </div>
   <div class='ocr_carea' id='block_1_96' title="bbox 1791 2894 3337 2962">
    <p class='ocr_par' dir='ltr' id='par_1_96' title="bbox 1791 2894 3337 2962">
     <span class='ocr_line' id='line_1_96' title="bbox 1791 2894 3337 2962; baseline 0.001 -18"><span class='ocrx_word' id='word_1_777' title='bbox 1791 2894 1880 2948; x_wconf 87' lang='lat' dir='ltr'><strong>sed</strong></span> <span class='ocrx_word' id='word_1_778' title='bbox 1913 2908 2014 2945; x_wconf 91' lang='lat' dir='ltr'><strong>non</strong></span> <span class='ocrx_word' id='word_1_779' title='bbox 2049 2894 2435 2956; x_wconf 87' lang='lat' dir='ltr'><strong>saturabuntur,</strong></span> <span class='ocrx_word' id='word_1_780' title='bbox 2464 2900 2579 2959; x_wconf 83' lang='lat' dir='ltr'><strong>quia</strong></span> <span class='ocrx_word' id='word_1_781' title='bbox 2633 2912 2798 2946; x_wconf 80' lang='lat' dir='ltr'><strong>omnes</strong></span> <span class='ocrx_word' id='word_1_782' title='bbox 2827 2900 2909 2962; x_wconf 85' lang='lat' dir='ltr'><strong>qui</strong></span> <span class='ocrx_word' id='word_1_783' title='bbox 2941 2900 3238 2950; x_wconf 71' lang='lat' dir='ltr'><strong>descendant</strong></span> <span class='ocrx_word' id='word_1_784' title='bbox 3287 2902 3337 2949; x_wconf 70' lang='lat' dir='ltr'><strong>in</strong></span> 
     </span>
    </p>
   </div>
   <div class='ocr_carea' id='block_1_97' title="bbox 1792 2963 3334 3034">
    <p class='ocr_par' dir='ltr' id='par_1_97' title="bbox 1792 2963 3334 3034">
     <span class='ocr_line' id='line_1_97' title="bbox 1792 2963 3334 3034; baseline 0.005 -23"><span class='ocrx_word' id='word_1_785' title='bbox 1792 2973 1992 3034; x_wconf 76' lang='lat' dir='ltr'><strong>terram,</strong></span> <span class='ocrx_word' id='word_1_786' title='bbox 2026 2965 2072 3015; x_wconf 90' lang='lat' dir='ltr'><strong>id</strong></span> <span class='ocrx_word' id='word_1_787' title='bbox 2100 2972 2196 3026; x_wconf 90' lang='lat' dir='ltr'><strong>est,</strong></span> <span class='ocrx_word' id='word_1_788' title='bbox 2225 2963 2310 3032; x_wconf 90' lang='lat' dir='ltr'><strong>qui</strong></span> <span class='ocrx_word' id='word_1_789' title='bbox 2341 2966 2464 3019; x_wconf 85' lang='lat' dir='ltr'><strong>solis</strong></span> <span class='ocrx_word' id='word_1_790' title='bbox 2507 2966 2725 3034; x_wconf 84' lang='lat' dir='ltr'><strong>terrenis</strong></span> <span class='ocrx_word' id='word_1_791' title='bbox 2767 2966 3109 3027; x_wconf 79' lang='lat' dir='ltr'><strong>deiectantur,</strong></span> <span class='ocrx_word' id='word_1_792' title='bbox 3144 2971 3221 3019; x_wconf 90' lang='lat' dir='ltr'><strong>vel</strong></span> <span class='ocrx_word' id='word_1_793' title='bbox 3251 2972 3334 3034; x_wconf 87' lang='lat' dir='ltr'><strong>qui</strong></span> 
     </span>
    </p>
   </div>
   <div class='ocr_carea' id='block_1_98' title="bbox 1792 3032 3337 3101">
    <p class='ocr_par' dir='ltr' id='par_1_98' title="bbox 1792 3032 3337 3101">
     <span class='ocr_line' id='line_1_98' title="bbox 1792 3032 3337 3101; baseline 0.005 -18"><span class='ocrx_word' id='word_1_794' title='bbox 1792 3032 1842 3084; x_wconf 91' lang='lat' dir='ltr'><strong>in</strong></span> <span class='ocrx_word' id='word_1_795' title='bbox 1874 3035 2217 3086; x_wconf 83' lang='lat' dir='ltr'><strong>sacramentis</strong></span> <span class='ocrx_word' id='word_1_796' title='bbox 2248 3035 2377 3086; x_wconf 90' lang='lat' dir='ltr'><strong>nihil</strong></span> <span class='ocrx_word' id='word_1_797' title='bbox 2431 3033 2526 3086; x_wconf 88' lang='lat' dir='ltr'><strong>nisi</strong></span> <span class='ocrx_word' id='word_1_798' title='bbox 2551 3033 2686 3101; x_wconf 90' lang='lat' dir='ltr'><strong>quod</strong></span> <span class='ocrx_word' id='word_1_799' title='bbox 2743 3045 3006 3088; x_wconf 86' lang='lat' dir='ltr'><strong>terrenum</strong></span> <span class='ocrx_word' id='word_1_800' title='bbox 3036 3047 3086 3088; x_wconf 91' lang='lat' dir='ltr'><strong>et</strong></span> <span class='ocrx_word' id='word_1_801' title='bbox 3140 3032 3337 3090; x_wconf 68' lang='lat' dir='ltr'><strong>visibilis</strong></span> 
     </span>
    </p>
   </div>
   <div class='ocr_carea' id='block_1_99' title="bbox 1746 3104 3337 3170">
    <p class='ocr_par' dir='ltr' id='par_1_99' title="bbox 1746 3104 3337 3170">
     <span class='ocr_line' id='line_1_99' title="bbox 1746 3104 3337 3170; baseline 0.003 -18"><span class='ocrx_word' id='word_1_802' title='bbox 1746 3153 1759 3170; x_wconf 62' lang='grc'><em>,</em></span> <span class='ocrx_word' id='word_1_803' title='bbox 1792 3107 1872 3153; x_wconf 85' lang='lat' dir='ltr'><strong>e‘st</strong></span> <span class='ocrx_word' id='word_1_804' title='bbox 1901 3104 2193 3163; x_wconf 86' lang='lat' dir='ltr'><strong>attendunt,</strong></span> <span class='ocrx_word' id='word_1_805' title='bbox 2218 3105 2411 3164; x_wconf 85' lang='lat' dir='ltr'><strong>cadent,</strong></span> <span class='ocrx_word' id='word_1_806' title='bbox 2440 3106 2486 3157; x_wconf 88' lang='lat' dir='ltr'><strong>id</strong></span> <span class='ocrx_word' id='word_1_807' title='bbox 2511 3119 2540 3157; x_wconf 88' lang='lat' dir='ltr'><strong>e</strong></span> <span class='ocrx_word' id='word_1_808' title='bbox 2571 3114 2607 3167; x_wconf 95' lang='lat' dir='ltr'><strong>t,</strong></span> <span class='ocrx_word' id='word_1_809' title='bbox 2638 3117 2813 3154; x_wconf 91' lang='lat' dir='ltr'><strong>casum</strong></span> <span class='ocrx_word' id='word_1_810' title='bbox 2844 3107 3100 3170; x_wconf 78' lang='lat' dir='ltr'><strong>patientin-</strong></span> <span class='ocrx_word' id='word_1_811' title='bbox 3121 3105 3337 3158; x_wconf 54' lang='lat' dir='ltr'><strong>damna-</strong></span> 
     </span>
    </p>
   </div>
   <div class='ocr_carea' id='block_1_100' title="bbox 1796 3171 3337 3241">
    <p class='ocr_par' dir='ltr' id='par_1_100' title="bbox 1796 3171 3337 3241">
     <span class='ocr_line' id='line_1_100' title="bbox 1796 3171 3337 3241; baseline 0.005 -19"><span class='ocrx_word' id='word_1_812' title='bbox 1796 3171 1947 3223; x_wconf 83' lang='lat' dir='ltr'><strong>tionis</strong></span> <span class='ocrx_word' id='word_1_813' title='bbox 1975 3185 2181 3224; x_wconf 76' lang='lat' dir='ltr'><strong>:eterme</strong></span> <span class='ocrx_word' id='word_1_814' title='bbox 2207 3178 2258 3223; x_wconf 83' lang='lat' dir='ltr'><strong>tn</strong></span> <span class='ocrx_word' id='word_1_815' title='bbox 2285 3185 2547 3241; x_wconf 75' lang='lat' dir='ltr'><strong>conspectu</strong></span> <span class='ocrx_word' id='word_1_816' title='bbox 2568 3214 2581 3235; x_wconf 90' lang='lat'><strong>,</strong></span> <span class='ocrx_word' id='word_1_817' title='bbox 2617 3175 2663 3223; x_wconf 85' lang='lat' dir='ltr'><strong>id</strong></span> <span class='ocrx_word' id='word_1_818' title='bbox 2697 3182 2795 3234; x_wconf 86' lang='lat' dir='ltr'><strong>est,</strong></span> <span class='ocrx_word' id='word_1_819' title='bbox 2844 3190 2893 3225; x_wconf 89' lang='lat' dir='ltr'><strong>tit</strong></span> <span class='ocrx_word' id='word_1_820' title='bbox 2920 3179 3091 3227; x_wconf 84' lang='lat' dir='ltr'><strong>anima</strong></span> <span class='ocrx_word' id='word_1_821' title='bbox 3125 3176 3208 3228; x_wconf 83' lang='lat' dir='ltr'><strong>tibi</strong></span> <span class='ocrx_word' id='word_1_822' title='bbox 3254 3177 3337 3229; x_wconf 80' lang='lat' dir='ltr'><strong>ille</strong></span> 
     </span>
    </p>
   </div>
   <div class='ocr_carea' id='block_1_101' title="bbox 1789 3242 2826 3309">
    <p class='ocr_par' dir='ltr' id='par_1_101' title="bbox 1789 3242 2826 3309">
     <span class='ocr_line' id='line_1_101' title="bbox 1789 3242 2826 3309; baseline 0.001 -16"><span class='ocrx_word' id='word_1_823' title='bbox 1789 3242 2066 3308; x_wconf 82' lang='lat' dir='ltr'><strong>cmispicit,</strong></span> <span class='ocrx_word' id='word_1_824' title='bbox 2097 3257 2252 3308; x_wconf 88' lang='lat' dir='ltr'><strong>quem</strong></span> <span class='ocrx_word' id='word_1_825' title='bbox 2277 3242 2454 3296; x_wconf 87' lang='lat' dir='ltr'><strong>fallere</strong></span> <span class='ocrx_word' id='word_1_826' title='bbox 2501 3252 2826 3309; x_wconf 87' lang='lat' dir='ltr'><strong>putaverunt.</strong></span> 
     </span>
    </p>
   </div>
   <div class='ocr_carea' id='block_1_102' title="bbox 1861 3311 3332 3379">
    <p class='ocr_par' dir='ltr' id='par_1_102' title="bbox 1861 3311 3332 3379">
     <span class='ocr_line' id='line_1_102' title="bbox 1861 3311 3332 3379; baseline 0.003 -17"><span class='ocrx_word' id='word_1_827' title='bbox 1861 3311 1922 3362; x_wconf 86' lang='lat' dir='ltr'><strong>Et</strong></span> <span class='ocrx_word' id='word_1_828' title='bbox 1948 3313 2134 3363; x_wconf 89' lang='lat' dir='ltr'><strong>anima.</strong></span> <span class='ocrx_word' id='word_1_829' title='bbox 2163 3311 2233 3363; x_wconf 92' lang='lat' dir='ltr'><strong>Illi</strong></span> <span class='ocrx_word' id='word_1_830' title='bbox 2261 3312 2470 3379; x_wconf 90' lang='lat' dir='ltr'><strong>quidem</strong></span> <span class='ocrx_word' id='word_1_831' title='bbox 2496 3311 2700 3372; x_wconf 86' lang='lat' dir='ltr'><strong>cadent,</strong></span> <span class='ocrx_word' id='word_1_832' title='bbox 2751 3312 2919 3363; x_wconf 82' lang='lat' dir='ltr'><strong>anima</strong></span> <span class='ocrx_word' id='word_1_833' title='bbox 2968 3322 3139 3366; x_wconf 86' lang='lat' dir='ltr'><strong>autem</strong></span> <span class='ocrx_word' id='word_1_834' title='bbox 3204 3331 3332 3376; x_wconf 78' lang='lat' dir='ltr'><strong>mea,</strong></span> 
     </span>
    </p>
   </div>
   <div class='ocr_carea' id='block_1_103' title="bbox 1790 3380 3338 3450">
    <p class='ocr_par' dir='ltr' id='par_1_103' title="bbox 1790 3380 3338 3450">
     <span class='ocr_line' id='line_1_103' title="bbox 1790 3380 3338 3450; baseline 0.003 -19"><span class='ocrx_word' id='word_1_835' title='bbox 1790 3380 1837 3431; x_wconf 90' lang='lat' dir='ltr'><strong>id</strong></span> <span class='ocrx_word' id='word_1_836' title='bbox 1861 3391 1961 3443; x_wconf 82' lang='lat' dir='ltr'><strong>est,</strong></span> <span class='ocrx_word' id='word_1_837' title='bbox 2004 3397 2258 3443; x_wconf 87' lang='lat' dir='ltr'><strong>meorum,</strong></span> <span class='ocrx_word' id='word_1_838' title='bbox 2295 3381 2376 3434; x_wconf 91' lang='lat' dir='ltr'><strong>hic</strong></span> <span class='ocrx_word' id='word_1_839' title='bbox 2409 3397 2508 3432; x_wconf 89' lang='lat' dir='ltr'><strong>non</strong></span> <span class='ocrx_word' id='word_1_840' title='bbox 2539 3383 2711 3445; x_wconf 71' lang='lat' dir='ltr'><strong>cadet,</strong></span> <span class='ocrx_word' id='word_1_841' title='bbox 2740 3383 2828 3450; x_wconf 68' lang='lat' dir='ltr'><strong>sed</strong></span> <span class='ocrx_word' id='word_1_842' title='bbox 2859 3383 3035 3445; x_wconf 82' lang='lat' dir='ltr'><strong>stabit,</strong></span> <span class='ocrx_word' id='word_1_843' title='bbox 3064 3384 3179 3450; x_wconf 82' lang='lat' dir='ltr'><strong>quia</strong></span> <span class='ocrx_word' id='word_1_844' title='bbox 3213 3385 3338 3437; x_wconf 81' lang='lat' dir='ltr'><strong>vivet</strong></span> 
     </span>
    </p>
   </div>
   <div class='ocr_carea' id='block_1_104' title="bbox 1789 3449 3333 3514">
    <p class='ocr_par' dir='ltr' id='par_1_104' title="bbox 1789 3449 3333 3514">
     <span class='ocr_line' id='line_1_104' title="bbox 1789 3449 3333 3514; baseline 0.003 -12"><span class='ocrx_word' id='word_1_845' title='bbox 1789 3466 1890 3502; x_wconf 89' lang='lat' dir='ltr'><strong>non</strong></span> <span class='ocrx_word' id='word_1_846' title='bbox 1923 3450 2043 3512; x_wconf 85' lang='lat' dir='ltr'><strong>sibi,</strong></span> <span class='ocrx_word' id='word_1_847' title='bbox 2095 3450 2186 3502; x_wconf 84' lang='lat' dir='ltr'><strong>sed</strong></span> <span class='ocrx_word' id='word_1_848' title='bbox 2234 3451 2342 3513; x_wconf 90' lang='lat' dir='ltr'><strong>illi;</strong></span> <span class='ocrx_word' id='word_1_849' title='bbox 2376 3466 2476 3504; x_wconf 91' lang='lat' dir='ltr'><strong>non</strong></span> <span class='ocrx_word' id='word_1_850' title='bbox 2499 3467 2667 3514; x_wconf 86' lang='lat' dir='ltr'><strong>suam,</strong></span> <span class='ocrx_word' id='word_1_851' title='bbox 2721 3449 2811 3502; x_wconf 87' lang='lat' dir='ltr'><strong>sed</strong></span> <span class='ocrx_word' id='word_1_852' title='bbox 2871 3450 2978 3512; x_wconf 86' lang='lat' dir='ltr'><strong>Dei,</strong></span> <span class='ocrx_word' id='word_1_853' title='bbox 3014 3455 3333 3507; x_wconf 84' lang='lat' dir='ltr'><strong>voluntatem</strong></span> 
     </span>
    </p>
   </div>
   <div class='ocr_carea' id='block_1_105' title="bbox 1787 3518 3336 3593">
    <p class='ocr_par' dir='ltr' id='par_1_105' title="bbox 1787 3518 3336 3593">
     <span class='ocr_line' id='line_1_105' title="bbox 1787 3518 3336 3593; baseline 0.003 -23"><span class='ocrx_word' id='word_1_854' title='bbox 1787 3519 2286 3593; x_wconf 78' lang='lat' dir='ltr'><strong>operabitnr._llnite</strong></span> <span class='ocrx_word' id='word_1_855' title='bbox 2310 3522 2381 3593; x_wconf 77' lang='lat' dir='ltr'><strong>ait</strong></span> <span class='ocrx_word' id='word_1_856' title='bbox 2422 3521 2718 3593; x_wconf 63' lang='lat' dir='ltr'><strong>Apostolus</strong></span> <span class='ocrx_word' id='word_1_857' title='bbox 2758 3538 2771 3572; x_wconf 74' lang='grc' dir='ltr'>ε</span> <span class='ocrx_word' id='word_1_858' title='bbox 2809 3518 3054 3589; x_wconf 86' lang='lat' dir='ltr'><strong>Vivojam</strong></span> <span class='ocrx_word' id='word_1_859' title='bbox 3089 3537 3199 3593; x_wconf 18' lang='lat' dir='ltr'><strong>non»</strong></span> <span class='ocrx_word' id='word_1_860' title='bbox 3219 3538 3336 3593; x_wconf 84' lang='lat' dir='ltr'><strong>ego,</strong></span> 
     </span>
    </p>
   </div>
   <div class='ocr_carea' id='block_1_106' title="bbox 1787 3587 3332 3656">
    <p class='ocr_par' dir='ltr' id='par_1_106' title="bbox 1787 3587 3332 3656">
     <span class='ocr_line' id='line_1_106' title="bbox 1787 3587 3332 3656; baseline 0.002 -17"><span class='ocrx_word' id='word_1_861' title='bbox 1787 3591 1903 3640; x_wconf 80' lang='lat' dir='ltr'><strong>vivit</strong></span> <span class='ocrx_word' id='word_1_862' title='bbox 1953 3605 2063 3640; x_wconf 84' lang='lat' dir='ltr'><strong>vero</strong></span> <span class='ocrx_word' id='word_1_863' title='bbox 2110 3591 2162 3641; x_wconf 88' lang='lat' dir='ltr'><strong>in</strong></span> <span class='ocrx_word' id='word_1_864' title='bbox 2209 3605 2281 3640; x_wconf 89' lang='lat' dir='ltr'><strong>me</strong></span> <span class='ocrx_word' id='word_1_865' title='bbox 2311 3590 2559 3642; x_wconf 73' lang='lat' dir='ltr'><strong>Christus.</strong></span> <span class='ocrx_word' id='word_1_866' title='bbox 2598 3587 2659 3640; x_wconf 82' lang='lat' dir='ltr'><strong>Et</strong></span> <span class='ocrx_word' id='word_1_867' title='bbox 2700 3606 2865 3641; x_wconf 76' lang='lat' dir='ltr'><strong>semen</strong></span> <span class='ocrx_word' id='word_1_868' title='bbox 2917 3587 3101 3656; x_wconf 75' lang='lat' dir='ltr'><strong>meum,</strong></span> <span class='ocrx_word' id='word_1_869' title='bbox 3155 3591 3203 3644; x_wconf 88' lang='lat' dir='ltr'><strong>id</strong></span> <span class='ocrx_word' id='word_1_870' title='bbox 3232 3587 3332 3653; x_wconf 69' lang='lat' dir='ltr'><strong>est,</strong></span> 
     </span>
    </p>
   </div>
   <div class='ocr_carea' id='block_1_107' title="bbox 1789 3657 3334 3724">
    <p class='ocr_par' dir='ltr' id='par_1_107' title="bbox 1789 3657 3334 3724">
     <span class='ocr_line' id='line_1_107' title="bbox 1789 3657 3334 3724; baseline 0.001 -15"><span class='ocrx_word' id='word_1_871' title='bbox 1789 3657 2076 3710; x_wconf 86' lang='lat' dir='ltr'><strong>imitatores</strong></span> <span class='ocrx_word' id='word_1_872' title='bbox 2109 3673 2367 3720; x_wconf 89' lang='lat' dir='ltr'><strong>nieorum,</strong></span> <span class='ocrx_word' id='word_1_873' title='bbox 2398 3665 2628 3712; x_wconf 88' lang='lat' dir='ltr'><strong>servient</strong></span> <span class='ocrx_word' id='word_1_874' title='bbox 2685 3660 2779 3724; x_wconf 84' lang='lat' dir='ltr'><strong>ipsi</strong></span> <span class='ocrx_word' id='word_1_875' title='bbox 2814 3658 3053 3723; x_wconf 87' lang='lat' dir='ltr'><strong>Domino,</strong></span> <span class='ocrx_word' id='word_1_876' title='bbox 3102 3661 3334 3723; x_wconf 89' lang='lat' dir='ltr'><strong>scilicet,</strong></span> 
     </span>
    </p>
   </div>
   <div class='ocr_carea' id='block_1_108' title="bbox 1791 3727 3335 3806">
    <p class='ocr_par' dir='ltr' id='par_1_108' title="bbox 1791 3727 3335 3806">
     <span class='ocr_line' id='line_1_108' title="bbox 1791 3727 3335 3806; baseline 0.003 -28"><span class='ocrx_word' id='word_1_877' title='bbox 1791 3728 1948 3806; x_wconf 79' lang='lat' dir='ltr'><strong>Patri,</strong></span> <span class='ocrx_word' id='word_1_878' title='bbox 1981 3727 2141 3806; x_wconf 68' lang='lat' dir='ltr'><strong>Cujus</strong></span> <span class='ocrx_word' id='word_1_879' title='bbox 2165 3729 2384 3806; x_wconf 76' lang='lat' dir='ltr'><strong>elliptitii</strong></span> <span class='ocrx_word' id='word_1_880' title='bbox 2408 3731 2548 3780; x_wconf 85' lang='lat' dir='ltr'><strong>servi</strong></span> <span class='ocrx_word' id='word_1_881' title='bbox 2579 3737 2714 3806; x_wconf 74' lang='lat' dir='ltr'><strong>sunt.</strong></span> <span class='ocrx_word' id='word_1_882' title='bbox 2753 3729 2814 3780; x_wconf 77' lang='lat' dir='ltr'><strong>Et</strong></span> <span class='ocrx_word' id='word_1_883' title='bbox 2844 3729 3028 3781; x_wconf 82' lang='lat' dir='ltr'><strong>merito</strong></span> <span class='ocrx_word' id='word_1_884' title='bbox 3081 3732 3255 3806; x_wconf 76' lang='lat' dir='ltr'><strong>vivent</strong></span> <span class='ocrx_word' id='word_1_885' title='bbox 3283 3743 3335 3784; x_wconf 92' lang='lat' dir='ltr'><strong>et</strong></span> 
     </span>
    </p>
   </div>
   <div class='ocr_carea' id='block_1_109' title="bbox 1788 3797 3336 3864">
    <p class='ocr_par' dir='ltr' id='par_1_109' title="bbox 1788 3797 3336 3864">
     <span class='ocr_line' id='line_1_109' title="bbox 1788 3797 3336 3864; baseline 0.002 -15"><span class='ocrx_word' id='word_1_886' title='bbox 1788 3799 2020 3850; x_wconf 82' lang='lat' dir='ltr'><strong>Servient</strong></span> <span class='ocrx_word' id='word_1_887' title='bbox 2048 3797 2167 3864; x_wconf 83' lang='lat' dir='ltr'><strong>ipsi,</strong></span> <span class='ocrx_word' id='word_1_888' title='bbox 2199 3800 2317 3864; x_wconf 88' lang='lat' dir='ltr'><strong>quia</strong></span> <span class='ocrx_word' id='word_1_889' title='bbox 2371 3797 2637 3863; x_wconf 82' lang='lat' dir='ltr'><strong>generatio</strong></span> <span class='ocrx_word' id='word_1_890' title='bbox 2666 3812 2786 3849; x_wconf 85' lang='lat' dir='ltr'><strong>vera</strong></span> <span class='ocrx_word' id='word_1_891' title='bbox 2819 3808 3062 3860; x_wconf 74' lang='lat' dir='ltr'><strong>ventura,</strong></span> <span class='ocrx_word' id='word_1_892' title='bbox 3089 3801 3336 3864; x_wconf 84' lang='lat' dir='ltr'><strong>spir.tiia-</strong></span> 
     </span>
    </p>
   </div>
   <div class='ocr_carea' id='block_1_110' title="bbox 1789 3866 3340 3932">
    <p class='ocr_par' dir='ltr' id='par_1_110' title="bbox 1789 3866 3340 3932">
     <span class='ocr_line' id='line_1_110' title="bbox 1789 3866 3340 3932; baseline 0.001 -15"><span class='ocrx_word' id='word_1_893' title='bbox 1789 3868 1850 3918; x_wconf 89' lang='lat' dir='ltr'><strong>lis</strong></span> <span class='ocrx_word' id='word_1_894' title='bbox 1890 3866 2113 3932; x_wconf 86' lang='lat' dir='ltr'><strong>scilicet,</strong></span> <span class='ocrx_word' id='word_1_895' title='bbox 2145 3882 2245 3919; x_wconf 91' lang='lat' dir='ltr'><strong>non</strong></span> <span class='ocrx_word' id='word_1_896' title='bbox 2271 3867 2515 3927; x_wconf 85' lang='lat' dir='ltr'><strong>carnalis,</strong></span> <span class='ocrx_word' id='word_1_897' title='bbox 2541 3868 2954 3929; x_wconf 72' lang='lat' dir='ltr'><strong>annuntiabitur,</strong></span> <span class='ocrx_word' id='word_1_898' title='bbox 3000 3868 3048 3922; x_wconf 84' lang='lat' dir='ltr'><strong>id</strong></span> <span class='ocrx_word' id='word_1_899' title='bbox 3075 3878 3154 3920; x_wconf 83' lang='lat' dir='ltr'><strong>est</strong></span> <span class='ocrx_word' id='word_1_900' title='bbox 3183 3873 3340 3919; x_wconf 83' lang='lat' dir='ltr'><strong>ascri-</strong></span> 
     </span>
    </p>
   </div>
   <div class='ocr_carea' id='block_1_111' title="bbox 1788 3934 3335 3999">
    <p class='ocr_par' dir='ltr' id='par_1_111' title="bbox 1788 3934 3335 3999">
     <span class='ocr_line' id='line_1_111' title="bbox 1788 3934 3335 3999; baseline 0.001 -12"><span class='ocrx_word' id='word_1_901' title='bbox 1788 3936 1940 3987; x_wconf 87' lang='lat' dir='ltr'><strong>betur</strong></span> <span class='ocrx_word' id='word_1_902' title='bbox 1967 3951 2066 3988; x_wconf 91' lang='lat' dir='ltr'><strong>non</strong></span> <span class='ocrx_word' id='word_1_903' title='bbox 2117 3939 2289 3999; x_wconf 85' lang='lat' dir='ltr'><strong>l&#39;etro,</strong></span> <span class='ocrx_word' id='word_1_904' title='bbox 2319 3941 2400 3989; x_wconf 91' lang='lat' dir='ltr'><strong>vel</strong></span> <span class='ocrx_word' id='word_1_905' title='bbox 2447 3936 2623 3999; x_wconf 82' lang='lat' dir='ltr'><strong>Paulo,</strong></span> <span class='ocrx_word' id='word_1_906' title='bbox 2667 3937 2742 3986; x_wconf 88' lang='lat' dir='ltr'><strong>vel</strong></span> <span class='ocrx_word' id='word_1_907' title='bbox 2797 3934 2946 3986; x_wconf 86' lang='lat' dir='ltr'><strong>alicui</strong></span> <span class='ocrx_word' id='word_1_908' title='bbox 2978 3934 3219 3999; x_wconf 85' lang='lat' dir='ltr'><strong>aliorum,</strong></span> <span class='ocrx_word' id='word_1_909' title='bbox 3246 3940 3335 3989; x_wconf 81' lang='lat' dir='ltr'><strong>sed</strong></span> 
     </span>
    </p>
   </div>
   <div class='ocr_carea' id='block_1_112' title="bbox 1786 4002 3335 4071">
    <p class='ocr_par' dir='ltr' id='par_1_112' title="bbox 1786 4002 3335 4071">
     <span class='ocr_line' id='line_1_112' title="bbox 1786 4002 3335 4071; baseline 0.001 -15"><span class='ocrx_word' id='word_1_910' title='bbox 1786 4006 1883 4056; x_wconf 77' lang='lat' dir='ltr'><strong>Sull</strong></span> <span class='ocrx_word' id='word_1_911' title='bbox 1918 4003 2156 4056; x_wconf 87' lang='lat' dir='ltr'><strong>Domino.</strong></span> <span class='ocrx_word' id='word_1_912' title='bbox 2189 4005 2317 4058; x_wconf 75' lang='lat' dir='ltr'><strong>Noui</strong></span> <span class='ocrx_word' id='word_1_913' title='bbox 2348 4004 2760 4057; x_wconf 86' lang='lat' dir='ltr'><strong>similitudinem.</strong></span> <span class='ocrx_word' id='word_1_914' title='bbox 2803 4002 2854 4054; x_wconf 92' lang='lat' dir='ltr'><strong>In</strong></span> <span class='ocrx_word' id='word_1_915' title='bbox 2885 4005 2996 4070; x_wconf 84' lang='lat' dir='ltr'><strong>lege</strong></span> <span class='ocrx_word' id='word_1_916' title='bbox 3023 4013 3335 4071; x_wconf 68' lang='lat' dir='ltr'><strong>praeceptum</strong></span> 
     </span>
    </p>
   </div>
   <div class='ocr_carea' id='block_1_113' title="bbox 1789 4073 3335 4141">
    <p class='ocr_par' dir='ltr' id='par_1_113' title="bbox 1789 4073 3335 4141">
     <span class='ocr_line' id='line_1_113' title="bbox 1789 4073 3335 4141; baseline 0.001 -19"><span class='ocrx_word' id='word_1_917' title='bbox 1789 4073 1881 4125; x_wconf 91' lang='lat' dir='ltr'><strong>fuit</strong></span> <span class='ocrx_word' id='word_1_918' title='bbox 1906 4083 1962 4125; x_wconf 91' lang='lat' dir='ltr'><strong>ut</strong></span> <span class='ocrx_word' id='word_1_919' title='bbox 1991 4074 2032 4125; x_wconf 86' lang='lat' dir='ltr'><strong>si</strong></span> <span class='ocrx_word' id='word_1_920' title='bbox 2075 4076 2188 4141; x_wconf 91' lang='lat' dir='ltr'><strong>quis</strong></span> <span class='ocrx_word' id='word_1_921' title='bbox 2217 4076 2414 4126; x_wconf 84' lang='lat' dir='ltr'><strong>ducens</strong></span> <span class='ocrx_word' id='word_1_922' title='bbox 2448 4089 2685 4137; x_wconf 83' lang='lat' dir='ltr'><strong>uxorem,</strong></span> <span class='ocrx_word' id='word_1_923' title='bbox 2719 4083 3008 4125; x_wconf 88' lang='lat' dir='ltr'><strong>moreretur</strong></span> <span class='ocrx_word' id='word_1_924' title='bbox 3059 4075 3254 4139; x_wconf 86' lang='lat' dir='ltr'><strong>absque</strong></span> <span class='ocrx_word' id='word_1_925' title='bbox 3278 4075 3335 4124; x_wconf 88' lang='lat' dir='ltr'><strong>li-</strong></span> 
     </span>
    </p>
   </div>
   <div class='ocr_carea' id='block_1_114' title="bbox 1789 4141 3331 4209">
    <p class='ocr_par' dir='ltr' id='par_1_114' title="bbox 1789 4141 3331 4209">
     <span class='ocr_line' id='line_1_114' title="bbox 1789 4141 3331 4209; baseline 0 -17"><span class='ocrx_word' id='word_1_926' title='bbox 1789 4141 1949 4208; x_wconf 87' lang='lat' dir='ltr'><strong>beris,</strong></span> <span class='ocrx_word' id='word_1_927' title='bbox 1985 4144 2142 4196; x_wconf 83' lang='lat' dir='ltr'><strong>frater</strong></span> <span class='ocrx_word' id='word_1_928' title='bbox 2170 4144 2283 4209; x_wconf 91' lang='lat' dir='ltr'><strong>ejus</strong></span> <span class='ocrx_word' id='word_1_929' title='bbox 2305 4143 2544 4194; x_wconf 87' lang='lat' dir='ltr'><strong>eamdem</strong></span> <span class='ocrx_word' id='word_1_930' title='bbox 2593 4144 2807 4195; x_wconf 80' lang='lat' dir='ltr'><strong>duceret</strong></span> <span class='ocrx_word' id='word_1_931' title='bbox 2839 4158 3051 4196; x_wconf 74' lang='lat' dir='ltr'><strong>uxorem</strong></span> <span class='ocrx_word' id='word_1_932' title='bbox 3085 4150 3136 4196; x_wconf 89' lang='lat' dir='ltr'><strong>ut</strong></span> <span class='ocrx_word' id='word_1_933' title='bbox 3167 4146 3331 4195; x_wconf 86' lang='lat' dir='ltr'><strong>susci-</strong></span> 
     </span>
    </p>
   </div>
   <div class='ocr_carea' id='block_1_115' title="bbox 1790 4210 3331 4280">
    <p class='ocr_par' dir='ltr' id='par_1_115' title="bbox 1790 4210 3331 4280">
     <span class='ocr_line' id='line_1_115' title="bbox 1790 4210 3331 4280; baseline -0.001 -17"><span class='ocrx_word' id='word_1_934' title='bbox 1790 4220 1926 4266; x_wconf 87' lang='lat' dir='ltr'><strong>taret</strong></span> <span class='ocrx_word' id='word_1_935' title='bbox 1975 4228 2152 4266; x_wconf 88' lang='lat' dir='ltr'><strong>semen</strong></span> <span class='ocrx_word' id='word_1_936' title='bbox 2195 4213 2339 4265; x_wconf 79' lang='lat' dir='ltr'><strong>l&#39;ratri</strong></span> <span class='ocrx_word' id='word_1_937' title='bbox 2372 4221 2598 4277; x_wconf 89' lang='lat' dir='ltr'><strong>mortuo,</strong></span> <span class='ocrx_word' id='word_1_938' title='bbox 2647 4225 2700 4266; x_wconf 91' lang='lat' dir='ltr'><strong>et</strong></span> <span class='ocrx_word' id='word_1_939' title='bbox 2729 4210 2823 4269; x_wconf 82' lang='lat' dir='ltr'><strong>ﬁlii</strong></span> <span class='ocrx_word' id='word_1_940' title='bbox 2852 4215 2944 4280; x_wconf 80' lang='lat' dir='ltr'><strong>.qui</strong></span> <span class='ocrx_word' id='word_1_941' title='bbox 2976 4223 3331 4275; x_wconf 87' lang='lat' dir='ltr'><strong>nascerentur,</strong></span> 
     </span>
    </p>
   </div>
   <div class='ocr_carea' id='block_1_116' title="bbox 1788 4282 3333 4347">
    <p class='ocr_par' dir='ltr' id='par_1_116' title="bbox 1788 4282 3333 4347">
     <span class='ocr_line' id='line_1_116' title="bbox 1788 4282 3333 4347; baseline 0 -14"><span class='ocrx_word' id='word_1_942' title='bbox 1788 4297 1890 4333; x_wconf 86' lang='lat' dir='ltr'><strong>non</strong></span> <span class='ocrx_word' id='word_1_943' title='bbox 1923 4286 2133 4336; x_wconf 87' lang='lat' dir='ltr'><strong>nomine</strong></span> <span class='ocrx_word' id='word_1_944' title='bbox 2164 4283 2283 4347; x_wconf 90' lang='lat' dir='ltr'><strong>vivi,</strong></span> <span class='ocrx_word' id='word_1_945' title='bbox 2323 4282 2415 4334; x_wconf 82' lang='lat' dir='ltr'><strong>sed</strong></span> <span class='ocrx_word' id='word_1_946' title='bbox 2456 4283 2684 4335; x_wconf 87' lang='lat' dir='ltr'><strong>defuncti</strong></span> <span class='ocrx_word' id='word_1_947' title='bbox 2740 4285 2948 4334; x_wconf 88' lang='lat' dir='ltr'><strong>nomine</strong></span> <span class='ocrx_word' id='word_1_948' title='bbox 3006 4291 3333 4335; x_wconf 85' lang='lat' dir='ltr'><strong>vocarentur.</strong></span> 
     </span>
    </p>
   </div>
   <div class='ocr_carea' id='block_1_117' title="bbox 1788 4351 3335 4417">
    <p class='ocr_par' dir='ltr' id='par_1_117' title="bbox 1788 4351 3335 4417">
     <span class='ocr_line' id='line_1_117' title="bbox 1788 4351 3335 4417; baseline 0.001 -15"><span class='ocrx_word' id='word_1_949' title='bbox 1788 4353 1874 4402; x_wconf 81' lang='lat' dir='ltr'><strong>Sic</strong></span> <span class='ocrx_word' id='word_1_950' title='bbox 1903 4360 1955 4404; x_wconf 91' lang='lat' dir='ltr'><strong>et</strong></span> <span class='ocrx_word' id='word_1_951' title='bbox 1975 4352 2217 4404; x_wconf 77' lang='lat' dir='ltr'><strong>Christus</strong></span> <span class='ocrx_word' id='word_1_952' title='bbox 2244 4353 2392 4402; x_wconf 79' lang='lat' dir='ltr'><strong>duxit</strong></span> <span class='ocrx_word' id='word_1_953' title='bbox 2413 4366 2658 4417; x_wconf 85' lang='lat' dir='ltr'><strong>sponsam</strong></span> <span class='ocrx_word' id='word_1_954' title='bbox 2683 4364 2850 4415; x_wconf 88' lang='lat' dir='ltr'><strong>suam,</strong></span> <span class='ocrx_word' id='word_1_955' title='bbox 2881 4351 3163 4406; x_wconf 74' lang='lat' dir='ltr'><strong>Ecclesium</strong></span> <span class='ocrx_word' id='word_1_956' title='bbox 3189 4353 3335 4405; x_wconf 87' lang='lat' dir='ltr'><strong>scili-</strong></span> 
     </span>
    </p>
   </div>
   <div class='ocr_carea' id='block_1_118' title="bbox 1786 4419 3336 4490">
    <p class='ocr_par' dir='ltr' id='par_1_118' title="bbox 1786 4419 3336 4490">
     <span class='ocr_line' id='line_1_118' title="bbox 1786 4419 3336 4490; baseline 0.002 -18"><span class='ocrx_word' id='word_1_957' title='bbox 1786 4432 1888 4483; x_wconf 85' lang='lat' dir='ltr'><strong>cet,</strong></span> <span class='ocrx_word' id='word_1_958' title='bbox 1928 4436 2054 4490; x_wconf 75' lang='lat' dir='ltr'><strong>_qn:e</strong></span> <span class='ocrx_word' id='word_1_959' title='bbox 2080 4421 2227 4487; x_wconf 85' lang='lat' dir='ltr'><strong>quasi</strong></span> <span class='ocrx_word' id='word_1_960' title='bbox 2258 4420 2450 4472; x_wconf 88' lang='lat' dir='ltr'><strong>sterilis</strong></span> <span class='ocrx_word' id='word_1_961' title='bbox 2481 4419 2577 4472; x_wconf 86' lang='lat' dir='ltr'><strong>fuit</strong></span> <span class='ocrx_word' id='word_1_962' title='bbox 2599 4421 2712 4486; x_wconf 86' lang='lat' dir='ltr'><strong>ipso</strong></span> <span class='ocrx_word' id='word_1_963' title='bbox 2743 4422 2964 4490; x_wconf 83' lang='lat' dir='ltr'><strong>vivente,</strong></span> <span class='ocrx_word' id='word_1_964' title='bbox 2996 4425 3115 4490; x_wconf 87' lang='lat' dir='ltr'><strong>quia</strong></span> <span class='ocrx_word' id='word_1_965' title='bbox 3143 4434 3336 4487; x_wconf 75' lang='lat' dir='ltr'><strong>parietis</strong></span> 
     </span>
    </p>
   </div>
   <div class='ocr_carea' id='block_1_119' title="bbox 131 4489 3338 4561">
    <p class='ocr_par' dir='ltr' id='par_1_119' title="bbox 131 4489 3338 4561">
     <span class='ocr_line' id='line_1_119' title="bbox 131 4489 3338 4561; baseline 0.001 -20"><span class='ocrx_word' id='word_1_966' title='bbox 131 4493 323 4544; x_wconf 83' lang='lat' dir='ltr'><strong>aliter:</strong></span> <span class='ocrx_word' id='word_1_967' title='bbox 364 4492 490 4544; x_wconf 82' lang='lat' dir='ltr'><strong>Vota</strong></span> <span class='ocrx_word' id='word_1_968' title='bbox 519 4507 632 4560; x_wconf 63' lang='lat' dir='ltr'><strong>qua:</strong></span> <span class='ocrx_word' id='word_1_969' title='bbox 673 4493 724 4544; x_wconf 91' lang='lat' dir='ltr'><strong>in</strong></span> <span class='ocrx_word' id='word_1_970' title='bbox 770 4508 856 4544; x_wconf 78' lang='lat' dir='ltr'><strong>ara</strong></span> <span class='ocrx_word' id='word_1_971' title='bbox 909 4489 1080 4546; x_wconf 39' lang='lat' dir='ltr'><strong>cru—cis</strong></span> <span class='ocrx_word' id='word_1_972' title='bbox 1119 4495 1300 4559; x_wconf 89' lang='lat' dir='ltr'><strong>obtuli,</strong></span> <span class='ocrx_word' id='word_1_973' title='bbox 1353 4489 1578 4561; x_wconf 72' lang='lat' dir='ltr'><strong>reddam,</strong></span> <span class='ocrx_word' id='word_1_974' title='bbox 1630 4500 1680 4553; x_wconf 91' lang='lat' dir='ltr'><strong>id</strong></span> <span class='ocrx_word' id='word_1_975' title='bbox 1716 4492 1762 4550; x_wconf 85' lang='grc' dir='ltr'><strong>ι)</strong></span> <span class='ocrx_word' id='word_1_976' title='bbox 1785 4489 1991 4561; x_wconf 58' lang='lat' dir='ltr'><strong>statuit;</strong></span> <span class='ocrx_word' id='word_1_977' title='bbox 2026 4501 2229 4561; x_wconf 77' lang='lat' dir='ltr'><strong>mortuo</strong></span> <span class='ocrx_word' id='word_1_978' title='bbox 2257 4499 2426 4561; x_wconf 73' lang='lat' dir='ltr'><strong>autem</strong></span> <span class='ocrx_word' id='word_1_979' title='bbox 2456 4490 2506 4540; x_wconf 91' lang='lat' dir='ltr'><strong>iii</strong></span> <span class='ocrx_word' id='word_1_980' title='bbox 2536 4503 2624 4540; x_wconf 86' lang='lat' dir='ltr'><strong>ara</strong></span> <span class='ocrx_word' id='word_1_981' title='bbox 2670 4489 2840 4541; x_wconf 91' lang='lat' dir='ltr'><strong>crucis</strong></span> <span class='ocrx_word' id='word_1_982' title='bbox 2870 4489 3099 4551; x_wconf 82' lang='lat' dir='ltr'><strong>Christo,</strong></span> <span class='ocrx_word' id='word_1_983' title='bbox 3152 4491 3338 4561; x_wconf 65' lang='lat' dir='ltr'><strong>fratres</strong></span> 
     </span>
    </p>
   </div>
   <div class='ocr_carea' id='block_1_120' title="bbox 130 4562 1687 4632">
    <p class='ocr_par' dir='ltr' id='par_1_120' title="bbox 130 4562 1687 4632">
     <span class='ocr_line' id='line_1_120' title="bbox 130 4562 1687 4632; baseline 0.008 -20"><span class='ocrx_word' id='word_1_984' title='bbox 130 4570 231 4624; x_wconf 86' lang='lat' dir='ltr'><strong>est,</strong></span> <span class='ocrx_word' id='word_1_985' title='bbox 283 4562 472 4613; x_wconf 81' lang='lat' dir='ltr'><strong>iterum</strong></span> <span class='ocrx_word' id='word_1_986' title='bbox 525 4562 664 4614; x_wconf 85' lang='lat' dir='ltr'><strong>dabo</strong></span> <span class='ocrx_word' id='word_1_987' title='bbox 722 4563 772 4613; x_wconf 87' lang='lat' dir='ltr'><strong>in</strong></span> <span class='ocrx_word' id='word_1_988' title='bbox 823 4562 951 4632; x_wconf 86' lang='lat' dir='ltr'><strong>meis</strong></span> <span class='ocrx_word' id='word_1_989' title='bbox 1001 4565 1088 4629; x_wconf 85' lang='lat' dir='ltr'><strong>qui</strong></span> <span class='ocrx_word' id='word_1_990' title='bbox 1129 4578 1220 4626; x_wconf 87' lang='lat' dir='ltr'><strong>per</strong></span> <span class='ocrx_word' id='word_1_991' title='bbox 1269 4580 1327 4617; x_wconf 87' lang='lat' dir='ltr'><strong>se</strong></span> <span class='ocrx_word' id='word_1_992' title='bbox 1375 4565 1516 4632; x_wconf 65' lang='lat' dir='ltr'><strong>ipsos</strong></span> <span class='ocrx_word' id='word_1_993' title='bbox 1559 4568 1687 4624; x_wconf 78' lang='lat' dir='ltr'><strong>olle-</strong></span> 
     </span>
    </p>
   </div>
   <div class='ocr_carea' id='block_1_121' title="bbox 136 4631 1688 4698">
    <p class='ocr_par' dir='ltr' id='par_1_121' title="bbox 136 4631 1688 4698">
     <span class='ocr_line' id='line_1_121' title="bbox 136 4631 1688 4698; baseline 0.008 -18"><span class='ocrx_word' id='word_1_994' title='bbox 136 4641 254 4682; x_wconf 89' lang='lat' dir='ltr'><strong>rent</strong></span> <span class='ocrx_word' id='word_1_995' title='bbox 305 4632 439 4683; x_wconf 85' lang='lat' dir='ltr'><strong>sicut</strong></span> <span class='ocrx_word' id='word_1_996' title='bbox 485 4646 582 4698; x_wconf 79' lang='lat' dir='ltr'><strong>ego</strong></span> <span class='ocrx_word' id='word_1_997' title='bbox 647 4648 730 4684; x_wconf 90' lang='lat' dir='ltr'><strong>mc</strong></span> <span class='ocrx_word' id='word_1_998' title='bbox 780 4631 961 4684; x_wconf 88' lang='lat' dir='ltr'><strong>obtuli.</strong></span> <span class='ocrx_word' id='word_1_999' title='bbox 1024 4633 1252 4684; x_wconf 76' lang='lat' dir='ltr'><strong>lleddain</strong></span> <span class='ocrx_word' id='word_1_1000' title='bbox 1306 4631 1422 4688; x_wconf 88' lang='lat' dir='ltr'><strong>dico</strong></span> <span class='ocrx_word' id='word_1_1001' title='bbox 1475 4639 1525 4689; x_wconf 88' lang='lat' dir='ltr'><strong>in</strong></span> <span class='ocrx_word' id='word_1_1002' title='bbox 1566 4656 1688 4692; x_wconf 89' lang='lat' dir='ltr'><strong>con-</strong></span> 
     </span>
    </p>
   </div>
   <div class='ocr_carea' id='block_1_122' title="bbox 132 4702 1687 4775">
    <p class='ocr_par' dir='ltr' id='par_1_122' title="bbox 132 4702 1687 4775">
     <span class='ocr_line' id='line_1_122' title="bbox 132 4702 1687 4775; baseline 0.009 -25"><span class='ocrx_word' id='word_1_1003' title='bbox 132 4709 325 4775; x_wconf 44' lang='lat' dir='ltr'><strong>spectu,</strong></span> <span class='ocrx_word' id='word_1_1004' title='bbox 361 4702 408 4753; x_wconf 93' lang='lat' dir='ltr'><strong>id</strong></span> <span class='ocrx_word' id='word_1_1005' title='bbox 439 4713 540 4766; x_wconf 86' lang='lat' dir='ltr'><strong>est,</strong></span> <span class='ocrx_word' id='word_1_1006' title='bbox 569 4703 624 4775; x_wconf 83' lang='lat' dir='ltr'><strong>in</strong></span> <span class='ocrx_word' id='word_1_1007' title='bbox 656 4705 826 4753; x_wconf 86' lang='lat' dir='ltr'><strong>anima</strong></span> <span class='ocrx_word' id='word_1_1008' title='bbox 859 4703 1147 4775; x_wconf 82' lang='lat' dir='ltr'><strong>timentium</strong></span> <span class='ocrx_word' id='word_1_1009' title='bbox 1181 4706 1475 4775; x_wconf 82' lang='lat' dir='ltr'><strong>Dominum,</strong></span> <span class='ocrx_word' id='word_1_1010' title='bbox 1507 4710 1554 4759; x_wconf 92' lang='lat' dir='ltr'><strong>iu</strong></span> <span class='ocrx_word' id='word_1_1011' title='bbox 1586 4727 1687 4775; x_wconf 85' lang='lat' dir='ltr'><strong>qua</strong></span> 
     </span>
    </p>
   </div>
   <div class='ocr_carea' id='block_1_123' title="bbox 135 4771 1688 4843">
    <p class='ocr_par' dir='ltr' id='par_1_123' title="bbox 135 4771 1688 4843">
     <span class='ocr_line' id='line_1_123' title="bbox 135 4771 1688 4843; baseline 0.006 -21"><span class='ocrx_word' id='word_1_1012' title='bbox 135 4772 353 4824; x_wconf 79' lang='lat' dir='ltr'><strong>veritate</strong></span> <span class='ocrx_word' id='word_1_1013' title='bbox 399 4771 754 4837; x_wconf 80' lang='lat' dir='ltr'><strong>conspiCiunt,</strong></span> <span class='ocrx_word' id='word_1_1014' title='bbox 800 4772 917 4838; x_wconf 91' lang='lat' dir='ltr'><strong>quia</strong></span> <span class='ocrx_word' id='word_1_1015' title='bbox 945 4773 1042 4824; x_wconf 82' lang='lat' dir='ltr'><strong>etsi</strong></span> <span class='ocrx_word' id='word_1_1016' title='bbox 1087 4773 1315 4843; x_wconf 74' lang='lat' dir='ltr'><strong>exterius</strong></span> <span class='ocrx_word' id='word_1_1017' title='bbox 1347 4791 1448 4828; x_wconf 89' lang='lat' dir='ltr'><strong>non</strong></span> <span class='ocrx_word' id='word_1_1018' title='bbox 1484 4771 1688 4843; x_wconf 70' lang='lat' dir='ltr'><strong>patian-</strong></span> 
     </span>
    </p>
   </div>
   <div class='ocr_carea' id='block_1_124' title="bbox 134 4841 1690 4910">
    <p class='ocr_par' dir='ltr' id='par_1_124' title="bbox 134 4841 1690 4910">
     <span class='ocr_line' id='line_1_124' title="bbox 134 4841 1690 4910; baseline 0.006 -18"><span class='ocrx_word' id='word_1_1019' title='bbox 134 4849 236 4904; x_wconf 88' lang='lat' dir='ltr'><strong>tur,</strong></span> <span class='ocrx_word' id='word_1_1020' title='bbox 270 4852 444 4893; x_wconf 86' lang='lat' dir='ltr'><strong>tamen</strong></span> <span class='ocrx_word' id='word_1_1021' title='bbox 469 4843 518 4892; x_wconf 91' lang='lat' dir='ltr'><strong>in</strong></span> <span class='ocrx_word' id='word_1_1022' title='bbox 548 4843 716 4892; x_wconf 84' lang='lat' dir='ltr'><strong>anima</strong></span> <span class='ocrx_word' id='word_1_1023' title='bbox 743 4853 950 4908; x_wconf 80' lang='lat' dir='ltr'><strong>semper</strong></span> <span class='ocrx_word' id='word_1_1024' title='bbox 973 4841 1138 4907; x_wconf 84' lang='lat' dir='ltr'><strong>parati</strong></span> <span class='ocrx_word' id='word_1_1025' title='bbox 1166 4853 1338 4908; x_wconf 85' lang='lat' dir='ltr'><strong>erunt,</strong></span> <span class='ocrx_word' id='word_1_1026' title='bbox 1372 4841 1690 4910; x_wconf 64' lang='lat' dir='ltr'><strong>ut,.si4ocus</strong></span> 
     </span>
    </p>
   </div>
   <div class='ocr_carea' id='block_1_125' title="bbox 137 4910 1687 4981">
    <p class='ocr_par' dir='ltr' id='par_1_125' title="bbox 137 4910 1687 4981">
     <span class='ocr_line' id='line_1_125' title="bbox 137 4910 1687 4981; baseline 0.004 -21"><span class='ocrx_word' id='word_1_1027' title='bbox 137 4911 309 4981; x_wconf 81' lang='lat' dir='ltr'><strong>fuerit,</strong></span> <span class='ocrx_word' id='word_1_1028' title='bbox 363 4919 504 4981; x_wconf 74' lang='lat' dir='ltr'><strong>sicut</strong></span> <span class='ocrx_word' id='word_1_1029' title='bbox 541 4924 638 4976; x_wconf 88' lang='lat' dir='ltr'><strong>ego</strong></span> <span class='ocrx_word' id='word_1_1030' title='bbox 678 4911 906 4962; x_wconf 85' lang='lat' dir='ltr'><strong>animam</strong></span> <span class='ocrx_word' id='word_1_1031' title='bbox 938 4925 1030 4981; x_wconf 80' lang='lat' dir='ltr'><strong>pro</strong></span> <span class='ocrx_word' id='word_1_1032' title='bbox 1061 4910 1299 4981; x_wconf 84' lang='lat' dir='ltr'><strong>omnibus</strong></span> <span class='ocrx_word' id='word_1_1033' title='bbox 1331 4918 1500 4981; x_wconf 81' lang='lat' dir='ltr'><strong>posui,</strong></span> <span class='ocrx_word' id='word_1_1034' title='bbox 1535 4917 1601 4970; x_wconf 81' lang='lat' dir='ltr'><strong>ita</strong></span> <span class='ocrx_word' id='word_1_1035' title='bbox 1633 4929 1687 4973; x_wconf 82' lang='lat' dir='ltr'><strong>et</strong></span> 
     </span>
    </p>
   </div>
   <div class='ocr_carea' id='block_1_126' title="bbox 135 4977 1480 5047">
    <p class='ocr_par' dir='ltr' id='par_1_126' title="bbox 135 4977 1480 5047">
     <span class='ocr_line' id='line_1_126' title="bbox 135 4977 1480 5047; baseline 0.005 -16"><span class='ocrx_word' id='word_1_1036' title='bbox 135 4980 227 5047; x_wconf 84' lang='lat' dir='ltr'><strong>ipsi</strong></span> <span class='ocrx_word' id='word_1_1037' title='bbox 261 4993 362 5030; x_wconf 90' lang='lat' dir='ltr'><strong>non</strong></span> <span class='ocrx_word' id='word_1_1038' title='bbox 385 4977 622 5030; x_wconf 87' lang='lat' dir='ltr'><strong>dubitent</strong></span> <span class='ocrx_word' id='word_1_1039' title='bbox 643 4981 844 5031; x_wconf 85' lang='lat' dir='ltr'><strong>animas</strong></span> <span class='ocrx_word' id='word_1_1040' title='bbox 875 4994 966 5046; x_wconf 92' lang='lat' dir='ltr'><strong>pro</strong></span> <span class='ocrx_word' id='word_1_1041' title='bbox 996 4978 1239 5032; x_wconf 80' lang='lat' dir='ltr'><strong>fratribus</strong></span> <span class='ocrx_word' id='word_1_1042' title='bbox 1270 4977 1480 5046; x_wconf 82' lang='lat' dir='ltr'><strong>potiere.</strong></span> 
     </span>
    </p>
   </div>
   <div class='ocr_carea' id='block_1_127' title="bbox 204 5047 1681 5122">
    <p class='ocr_par' dir='ltr' id='par_1_127' title="bbox 204 5047 1681 5122">
     <span class='ocr_line' id='line_1_127' title="bbox 204 5047 1681 5122; baseline 0.007 -23"><span class='ocrx_word' id='word_1_1043' title='bbox 204 5047 368 5122; x_wconf 71' lang='lat' dir='ltr'><strong>Edent</strong></span> <span class='ocrx_word' id='word_1_1044' title='bbox 399 5061 657 5122; x_wconf 71' lang='lat' dir='ltr'><strong>pauperes.</strong></span> <span class='ocrx_word' id='word_1_1045' title='bbox 689 5047 794 5122; x_wconf 65' lang='lat' dir='ltr'><strong>Ego</strong></span> <span class='ocrx_word' id='word_1_1046' title='bbox 824 5061 992 5102; x_wconf 89' lang='lat' dir='ltr'><strong>autem</strong></span> <span class='ocrx_word' id='word_1_1047' title='bbox 1023 5049 1230 5122; x_wconf 84' lang='lat' dir='ltr'><strong>quidem</strong></span> <span class='ocrx_word' id='word_1_1048' title='bbox 1275 5054 1484 5106; x_wconf 88' lang='lat' dir='ltr'><strong>reddam</strong></span> <span class='ocrx_word' id='word_1_1049' title='bbox 1539 5067 1681 5122; x_wconf 87' lang='lat' dir='ltr'><strong>vota,</strong></span> 
     </span>
    </p>
   </div>
   <div class='ocr_carea' id='block_1_128' title="bbox 137 5117 1687 5186">
    <p class='ocr_par' dir='ltr' id='par_1_128' title="bbox 137 5117 1687 5186">
     <span class='ocr_line' id='line_1_128' title="bbox 137 5117 1687 5186; baseline 0.006 -17"><span class='ocrx_word' id='word_1_1050' title='bbox 137 5117 197 5170; x_wconf 88' lang='lat' dir='ltr'><strong>de</strong></span> <span class='ocrx_word' id='word_1_1051' title='bbox 221 5118 415 5186; x_wconf 82' lang='lat' dir='ltr'><strong>quibus</strong></span> <span class='ocrx_word' id='word_1_1052' title='bbox 460 5117 591 5168; x_wconf 84' lang='lat' dir='ltr'><strong>votis</strong></span> <span class='ocrx_word' id='word_1_1053' title='bbox 641 5118 786 5168; x_wconf 82' lang='lat' dir='ltr'><strong>edent</strong></span> <span class='ocrx_word' id='word_1_1054' title='bbox 817 5135 1076 5186; x_wconf 73' lang='lat' dir='ltr'><strong>pauperes,</strong></span> <span class='ocrx_word' id='word_1_1055' title='bbox 1129 5118 1178 5171; x_wconf 87' lang='lat' dir='ltr'><strong>id</strong></span> <span class='ocrx_word' id='word_1_1056' title='bbox 1207 5129 1320 5182; x_wconf 85' lang='lat' dir='ltr'><strong>est,</strong></span> <span class='ocrx_word' id='word_1_1057' title='bbox 1353 5126 1529 5176; x_wconf 89' lang='lat' dir='ltr'><strong>mundi</strong></span> <span class='ocrx_word' id='word_1_1058' title='bbox 1560 5117 1687 5179; x_wconf 56' lang='lat' dir='ltr'><strong>con;</strong></span> 
     </span>
    </p>
   </div>
   <div class='ocr_carea' id='block_1_129' title="bbox 140 5188 1683 5255">
    <p class='ocr_par' dir='ltr' id='par_1_129' title="bbox 140 5188 1683 5255">
     <span class='ocr_line' id='line_1_129' title="bbox 140 5188 1683 5255; baseline 0.007 -17"><span class='ocrx_word' id='word_1_1059' title='bbox 140 5197 420 5255; x_wconf 85' lang='lat' dir='ltr'><strong>temptores</strong></span> <span class='ocrx_word' id='word_1_1060' title='bbox 439 5188 598 5238; x_wconf 89' lang='lat' dir='ltr'><strong>edent</strong></span> <span class='ocrx_word' id='word_1_1061' title='bbox 631 5189 844 5252; x_wconf 88' lang='lat' dir='ltr'><strong>quidem</strong></span> <span class='ocrx_word' id='word_1_1062' title='bbox 888 5189 1121 5252; x_wconf 86' lang='lat' dir='ltr'><strong>realiter,</strong></span> <span class='ocrx_word' id='word_1_1063' title='bbox 1159 5189 1203 5238; x_wconf 87' lang='lat' dir='ltr'><strong>si</strong></span> <span class='ocrx_word' id='word_1_1064' title='bbox 1248 5196 1312 5240; x_wconf 82' lang='lat' dir='ltr'><strong>ait</strong></span> <span class='ocrx_word' id='word_1_1065' title='bbox 1357 5204 1683 5249; x_wconf 81' lang='lat' dir='ltr'><strong>sacramenta</strong></span> 
     </span>
    </p>
   </div>
   <div class='ocr_carea' id='block_1_130' title="bbox 140 5258 1681 5325">
    <p class='ocr_par' dir='ltr' id='par_1_130' title="bbox 140 5258 1681 5325">
     <span class='ocr_line' id='line_1_130' title="bbox 140 5258 1681 5325; baseline 0.006 -17"><span class='ocrx_word' id='word_1_1066' title='bbox 140 5258 427 5319; x_wconf 86' lang='lat' dir='ltr'><strong>referatur;</strong></span> <span class='ocrx_word' id='word_1_1067' title='bbox 471 5264 514 5308; x_wconf 84' lang='lat' dir='ltr'><strong>et</strong></span> <span class='ocrx_word' id='word_1_1068' title='bbox 544 5260 901 5308; x_wconf 73' lang='lat' dir='ltr'><strong>saturabuntur</strong></span> <span class='ocrx_word' id='word_1_1069' title='bbox 938 5259 1270 5323; x_wconf 73' lang='lat' dir='ltr'><strong>teteriialiter,</strong></span> <span class='ocrx_word' id='word_1_1070' title='bbox 1326 5263 1441 5325; x_wconf 83' lang='lat' dir='ltr'><strong>quia</strong></span> <span class='ocrx_word' id='word_1_1071' title='bbox 1494 5265 1681 5316; x_wconf 57' lang='lat' dir='ltr'><strong>intelli-</strong></span> 
     </span>
    </p>
   </div>
   <div class='ocr_carea' id='block_1_131' title="bbox 139 5325 1679 5395">
    <p class='ocr_par' dir='ltr' id='par_1_131' title="bbox 139 5325 1679 5395">
     <span class='ocr_line' id='line_1_131' title="bbox 139 5325 1679 5395; baseline 0.006 -18"><span class='ocrx_word' id='word_1_1072' title='bbox 139 5334 256 5389; x_wconf 80' lang='lat' dir='ltr'><strong>gent</strong></span> <span class='ocrx_word' id='word_1_1073' title='bbox 283 5332 333 5377; x_wconf 93' lang='lat' dir='ltr'><strong>in</strong></span> <span class='ocrx_word' id='word_1_1074' title='bbox 359 5341 491 5390; x_wconf 82' lang='lat' dir='ltr'><strong>pane</strong></span> <span class='ocrx_word' id='word_1_1075' title='bbox 519 5334 565 5378; x_wconf 88' lang='lat' dir='ltr'><strong>et</strong></span> <span class='ocrx_word' id='word_1_1076' title='bbox 617 5325 736 5378; x_wconf 89' lang='lat' dir='ltr'><strong>vino</strong></span> <span class='ocrx_word' id='word_1_1077' title='bbox 759 5325 1029 5379; x_wconf 83' lang='lat' dir='ltr'><strong>visibiliter</strong></span> <span class='ocrx_word' id='word_1_1078' title='bbox 1068 5327 1164 5380; x_wconf 84' lang='lat' dir='ltr'><strong>sibi</strong></span> <span class='ocrx_word' id='word_1_1079' title='bbox 1214 5329 1483 5395; x_wconf 75' lang='lat' dir='ltr'><strong>proposito</strong></span> <span class='ocrx_word' id='word_1_1080' title='bbox 1539 5335 1679 5387; x_wconf 81' lang='lat' dir='ltr'><strong>aliud</strong></span> 
     </span>
    </p>
   </div>
   <div class='ocr_carea' id='block_1_132' title="bbox 141 5395 1677 5464">
    <p class='ocr_par' dir='ltr' id='par_1_132' title="bbox 141 5395 1677 5464">
     <span class='ocr_line' id='line_1_132' title="bbox 141 5395 1677 5464; baseline 0.006 -19"><span class='ocrx_word' id='word_1_1081' title='bbox 141 5395 420 5464; x_wconf 78' lang='lat' dir='ltr'><strong>invisibile,</strong></span> <span class='ocrx_word' id='word_1_1082' title='bbox 472 5395 691 5461; x_wconf 84' lang='lat' dir='ltr'><strong>scilicet,</strong></span> <span class='ocrx_word' id='word_1_1083' title='bbox 721 5409 910 5463; x_wconf 84' lang='lat' dir='ltr'><strong>corpus</strong></span> <span class='ocrx_word' id='word_1_1084' title='bbox 949 5412 1125 5448; x_wconf 88' lang='lat' dir='ltr'><strong>verum</strong></span> <span class='ocrx_word' id='word_1_1085' title='bbox 1156 5405 1210 5450; x_wconf 88' lang='lat' dir='ltr'><strong>et</strong></span> <span class='ocrx_word' id='word_1_1086' title='bbox 1255 5401 1557 5464; x_wconf 83' lang='lat' dir='ltr'><strong>sanguinem</strong></span> <span class='ocrx_word' id='word_1_1087' title='bbox 1591 5418 1677 5454; x_wconf 82' lang='lat' dir='ltr'><strong>ve-</strong></span> 
     </span>
    </p>
   </div>
   <div class='ocr_carea' id='block_1_133' title="bbox 142 5463 1678 5536">
    <p class='ocr_par' dir='ltr' id='par_1_133' title="bbox 142 5463 1678 5536">
     <span class='ocr_line' id='line_1_133' title="bbox 142 5463 1678 5536; baseline 0.006 -21"><span class='ocrx_word' id='word_1_1088' title='bbox 142 5478 246 5518; x_wconf 87' lang='lat' dir='ltr'><strong>runt</strong></span> <span class='ocrx_word' id='word_1_1089' title='bbox 284 5463 514 5530; x_wconf 87' lang='lat' dir='ltr'><strong>Domini,</strong></span> <span class='ocrx_word' id='word_1_1090' title='bbox 561 5481 677 5534; x_wconf 63' lang='lat' dir='ltr'><strong>quae</strong></span> <span class='ocrx_word' id='word_1_1091' title='bbox 706 5481 860 5520; x_wconf 84' lang='lat' dir='ltr'><strong>verus</strong></span> <span class='ocrx_word' id='word_1_1092' title='bbox 889 5465 1034 5518; x_wconf 84' lang='lat' dir='ltr'><strong>cibus</strong></span> <span class='ocrx_word' id='word_1_1093' title='bbox 1055 5476 1106 5519; x_wconf 88' lang='lat' dir='ltr'><strong>et</strong></span> <span class='ocrx_word' id='word_1_1094' title='bbox 1135 5481 1286 5520; x_wconf 88' lang='lat' dir='ltr'><strong>verus</strong></span> <span class='ocrx_word' id='word_1_1095' title='bbox 1331 5463 1481 5533; x_wconf 81' lang='lat' dir='ltr'><strong>potus</strong></span> <span class='ocrx_word' id='word_1_1096' title='bbox 1536 5485 1678 5536; x_wconf 61' lang='lat' dir='ltr'><strong>sunt,</strong></span> 
     </span>
    </p>
   </div>
   <div class='ocr_carea' id='block_1_134' title="bbox 143 5536 1674 5605">
    <p class='ocr_par' dir='ltr' id='par_1_134' title="bbox 143 5536 1674 5605">
     <span class='ocr_line' id='line_1_134' title="bbox 143 5536 1674 5605; baseline 0.005 -17"><span class='ocrx_word' id='word_1_1097' title='bbox 143 5549 235 5600; x_wconf 77' lang='lat' dir='ltr'><strong>quo</strong></span> <span class='ocrx_word' id='word_1_1098' title='bbox 262 5550 366 5586; x_wconf 89' lang='lat' dir='ltr'><strong>non</strong></span> <span class='ocrx_word' id='word_1_1099' title='bbox 389 5545 577 5605; x_wconf 75' lang='lat' dir='ltr'><strong>venter</strong></span> <span class='ocrx_word' id='word_1_1100' title='bbox 629 5536 960 5598; x_wconf 84' lang='lat' dir='ltr'><strong>distenditur,</strong></span> <span class='ocrx_word' id='word_1_1101' title='bbox 991 5537 1082 5588; x_wconf 78' lang='lat' dir='ltr'><strong>sed</strong></span> <span class='ocrx_word' id='word_1_1102' title='bbox 1126 5550 1272 5588; x_wconf 86' lang='lat' dir='ltr'><strong>tuens</strong></span> <span class='ocrx_word' id='word_1_1103' title='bbox 1297 5540 1587 5605; x_wconf 85' lang='lat' dir='ltr'><strong>saginatur.</strong></span> <span class='ocrx_word' id='word_1_1104' title='bbox 1621 5545 1674 5595; x_wconf 73' lang='lat' dir='ltr'><strong>Si</strong></span> 
     </span>
    </p>
   </div>
   <div class='ocr_carea' id='block_1_135' title="bbox 143 5604 1682 5669">
    <p class='ocr_par' dir='ltr' id='par_1_135' title="bbox 143 5604 1682 5669">
     <span class='ocr_line' id='line_1_135' title="bbox 143 5604 1682 5669; baseline 0.005 -14"><span class='ocrx_word' id='word_1_1105' title='bbox 143 5614 305 5658; x_wconf 77' lang='lat' dir='ltr'><strong>autem</strong></span> <span class='ocrx_word' id='word_1_1106' title='bbox 333 5604 400 5655; x_wconf 83' lang='lat' dir='ltr'><strong>ad</strong></span> <span class='ocrx_word' id='word_1_1107' title='bbox 444 5604 737 5669; x_wconf 74' lang='lat' dir='ltr'><strong>passionem</strong></span> <span class='ocrx_word' id='word_1_1108' title='bbox 788 5605 1059 5668; x_wconf 84' lang='lat' dir='ltr'><strong>referatur,</strong></span> <span class='ocrx_word' id='word_1_1109' title='bbox 1108 5606 1174 5657; x_wconf 85' lang='lat' dir='ltr'><strong>ita</strong></span> <span class='ocrx_word' id='word_1_1110' title='bbox 1225 5604 1471 5662; x_wconf 73' lang='lat' dir='ltr'><strong>diietur:</strong></span> <span class='ocrx_word' id='word_1_1111' title='bbox 1517 5609 1682 5664; x_wconf 78' lang='lat' dir='ltr'><strong>Edent</strong></span> 
     </span>
    </p>
   </div>
   <div class='ocr_carea' id='block_1_136' title="bbox 147 5675 1680 5742">
    <p class='ocr_par' dir='ltr' id='par_1_136' title="bbox 147 5675 1680 5742">
     <span class='ocr_line' id='line_1_136' title="bbox 147 5675 1680 5742; baseline 0.004 -15"><span class='ocrx_word' id='word_1_1112' title='bbox 147 5688 376 5742; x_wconf 72' lang='lat' dir='ltr'><strong>pauperes</strong></span> <span class='ocrx_word' id='word_1_1113' title='bbox 428 5686 544 5724; x_wconf 86' lang='lat' dir='ltr'><strong>vota</strong></span> <span class='ocrx_word' id='word_1_1114' title='bbox 576 5688 710 5739; x_wconf 82' lang='lat' dir='ltr'><strong>mea,</strong></span> <span class='ocrx_word' id='word_1_1115' title='bbox 757 5675 806 5728; x_wconf 87' lang='lat' dir='ltr'><strong>id</strong></span> <span class='ocrx_word' id='word_1_1116' title='bbox 834 5685 933 5738; x_wconf 88' lang='lat' dir='ltr'><strong>est,</strong></span> <span class='ocrx_word' id='word_1_1117' title='bbox 978 5675 1374 5730; x_wconf 79' lang='lat' dir='ltr'><strong>delectabantur</strong></span> <span class='ocrx_word' id='word_1_1118' title='bbox 1402 5680 1538 5733; x_wconf 87' lang='lat' dir='ltr'><strong>sicut</strong></span> <span class='ocrx_word' id='word_1_1119' title='bbox 1586 5683 1680 5733; x_wconf 84' lang='lat' dir='ltr'><strong>ali-</strong></span> 
     </span>
    </p>
   </div>
   <div class='ocr_carea' id='block_1_137' title="bbox 147 5741 1664 5816">
    <p class='ocr_par' dir='ltr' id='par_1_137' title="bbox 147 5741 1664 5816">
     <span class='ocr_line' id='line_1_137' title="bbox 147 5741 1664 5816; baseline 0.009 -23"><span class='ocrx_word' id='word_1_1120' title='bbox 147 5741 251 5810; x_wconf 79' lang='lat' dir='ltr'><strong>quis</strong></span> <span class='ocrx_word' id='word_1_1121' title='bbox 280 5747 330 5800; x_wconf 88' lang='lat' dir='ltr'><strong>iii</strong></span> <span class='ocrx_word' id='word_1_1122' title='bbox 365 5741 517 5799; x_wconf 79' lang='lat' dir='ltr'><strong>suavi</strong></span> <span class='ocrx_word' id='word_1_1123' title='bbox 537 5744 827 5799; x_wconf 76' lang='lat' dir='ltr'><strong>deleCta.ur</strong></span> <span class='ocrx_word' id='word_1_1124' title='bbox 853 5748 1024 5800; x_wconf 86' lang='lat' dir='ltr'><strong>edulio</strong></span> <span class='ocrx_word' id='word_1_1125' title='bbox 1057 5747 1107 5800; x_wconf 87' lang='lat' dir='ltr'><strong>iii</strong></span> <span class='ocrx_word' id='word_1_1126' title='bbox 1140 5761 1251 5800; x_wconf 85' lang='lat' dir='ltr'><strong>inca</strong></span> <span class='ocrx_word' id='word_1_1127' title='bbox 1282 5751 1542 5816; x_wconf 77' lang='lat' dir='ltr'><strong>passione,</strong></span> <span class='ocrx_word' id='word_1_1128' title='bbox 1572 5752 1664 5806; x_wconf 78' lang='lat' dir='ltr'><strong>scd</strong></span> 
     </span>
    </p>
   </div>
   <div class='ocr_carea' id='block_1_138' title="bbox 1789 4558 3339 4627">
    <p class='ocr_par' dir='ltr' id='par_1_138' title="bbox 1789 4558 3339 4627">
     <span class='ocr_line' id='line_1_138' title="bbox 1789 4558 3339 4627; baseline 0.001 -17"><span class='ocrx_word' id='word_1_1129' title='bbox 1789 4558 2159 4627; x_wconf 68' lang='lat' dir='ltr'><strong>ejus,apostuli</strong></span> <span class='ocrx_word' id='word_1_1130' title='bbox 2184 4559 2403 4620; x_wconf 84' lang='lat' dir='ltr'><strong>scilicet,</strong></span> <span class='ocrx_word' id='word_1_1131' title='bbox 2428 4568 2770 4626; x_wconf 86' lang='lat' dir='ltr'><strong>susceperunt</strong></span> <span class='ocrx_word' id='word_1_1132' title='bbox 2792 4573 3003 4611; x_wconf 81' lang='lat' dir='ltr'><strong>uxorem</strong></span> <span class='ocrx_word' id='word_1_1133' title='bbox 3029 4563 3139 4627; x_wconf 79' lang='lat' dir='ltr'><strong>ejus</strong></span> <span class='ocrx_word' id='word_1_1134' title='bbox 3159 4559 3339 4612; x_wconf 79' lang='lat' dir='ltr'><strong>Eccle—</strong></span> 
     </span>
    </p>
   </div>
   <div class='ocr_carea' id='block_1_139' title="bbox 1789 4628 3338 4696">
    <p class='ocr_par' dir='ltr' id='par_1_139' title="bbox 1789 4628 3338 4696">
     <span class='ocr_line' id='line_1_139' title="bbox 1789 4628 3338 4696; baseline -0.002 -15"><span class='ocrx_word' id='word_1_1135' title='bbox 1789 4637 2023 4695; x_wconf 36' lang='lat' dir='ltr'><strong>8iaiii,,et</strong></span> <span class='ocrx_word' id='word_1_1136' title='bbox 2065 4629 2252 4682; x_wconf 84' lang='lat' dir='ltr'><strong>multos</strong></span> <span class='ocrx_word' id='word_1_1137' title='bbox 2277 4628 2411 4680; x_wconf 82' lang='lat' dir='ltr'><strong>filios</strong></span> <span class='ocrx_word' id='word_1_1138' title='bbox 2440 4629 2490 4680; x_wconf 89' lang='lat' dir='ltr'><strong>in</strong></span> <span class='ocrx_word' id='word_1_1139' title='bbox 2520 4643 2577 4679; x_wconf 86' lang='lat' dir='ltr'><strong>ea</strong></span> <span class='ocrx_word' id='word_1_1140' title='bbox 2611 4643 2700 4694; x_wconf 90' lang='lat' dir='ltr'><strong>per</strong></span> <span class='ocrx_word' id='word_1_1141' title='bbox 2723 4628 2933 4683; x_wconf 85' lang='lat' dir='ltr'><strong>verbum</strong></span> <span class='ocrx_word' id='word_1_1142' title='bbox 2959 4629 3338 4696; x_wconf 66' lang='lat' dir='ltr'><strong>prmilicatiunis</strong></span> 
     </span>
    </p>
   </div>
   <div class='ocr_carea' id='block_1_140' title="bbox 1789 4696 3335 4767">
    <p class='ocr_par' dir='ltr' id='par_1_140' title="bbox 1789 4696 3335 4767">
     <span class='ocr_line' id='line_1_140' title="bbox 1789 4696 3335 4767; baseline -0.001 -15"><span class='ocrx_word' id='word_1_1143' title='bbox 1789 4710 2103 4767; x_wconf 89' lang='lat' dir='ltr'><strong>genuerunt,</strong></span> <span class='ocrx_word' id='word_1_1144' title='bbox 2148 4698 2234 4763; x_wconf 85' lang='lat' dir='ltr'><strong>qui</strong></span> <span class='ocrx_word' id='word_1_1145' title='bbox 2285 4712 2469 4750; x_wconf 87' lang='lat' dir='ltr'><strong>omnes</strong></span> <span class='ocrx_word' id='word_1_1146' title='bbox 2519 4697 2728 4767; x_wconf 85' lang='lat' dir='ltr'><strong>nomine</strong></span> <span class='ocrx_word' id='word_1_1147' title='bbox 2780 4696 3010 4767; x_wconf 66' lang='lat' dir='ltr'><strong>defuncti</strong></span> <span class='ocrx_word' id='word_1_1148' title='bbox 3062 4705 3335 4767; x_wconf 84' lang='lat' dir='ltr'><strong>vocantur,</strong></span> 
     </span>
    </p>
   </div>
   <div class='ocr_carea' id='block_1_141' title="bbox 1790 4765 3338 4833">
    <p class='ocr_par' dir='ltr' id='par_1_141' title="bbox 1790 4765 3338 4833">
     <span class='ocr_line' id='line_1_141' title="bbox 1790 4765 3338 4833; baseline -0.002 -14"><span class='ocrx_word' id='word_1_1149' title='bbox 1790 4765 1892 4821; x_wconf 78' lang='lat' dir='ltr'><strong>non</strong></span> <span class='ocrx_word' id='word_1_1150' title='bbox 1922 4768 2214 4820; x_wconf 82' lang='lat' dir='ltr'><strong>nominibus</strong></span> <span class='ocrx_word' id='word_1_1151' title='bbox 2245 4769 2494 4833; x_wconf 89' lang='lat' dir='ltr'><strong>ipsorum.</strong></span> <span class='ocrx_word' id='word_1_1152' title='bbox 2540 4766 2788 4833; x_wconf 60' lang='lat' dir='ltr'><strong>Dicuntur</strong></span> <span class='ocrx_word' id='word_1_1153' title='bbox 2811 4767 2945 4815; x_wconf 89' lang='lat' dir='ltr'><strong>enini</strong></span> <span class='ocrx_word' id='word_1_1154' title='bbox 2975 4765 3253 4818; x_wconf 80' lang='lat' dir='ltr'><strong>Christiani</strong></span> <span class='ocrx_word' id='word_1_1155' title='bbox 3287 4776 3338 4819; x_wconf 82' lang='lat' dir='ltr'><strong>cl.</strong></span> 
     </span>
    </p>
   </div>
   <div class='ocr_carea' id='block_1_142' title="bbox 1792 4832 3332 4902">
    <p class='ocr_par' dir='ltr' id='par_1_142' title="bbox 1792 4832 3332 4902">
     <span class='ocr_line' id='line_1_142' title="bbox 1792 4832 3332 4902; baseline -0.003 -14"><span class='ocrx_word' id='word_1_1156' title='bbox 1792 4839 1878 4889; x_wconf 85' lang='lat' dir='ltr'><strong>lilii</strong></span> <span class='ocrx_word' id='word_1_1157' title='bbox 1913 4837 2024 4900; x_wconf 83' lang='lat' dir='ltr'><strong>Dei,</strong></span> <span class='ocrx_word' id='word_1_1158' title='bbox 2051 4851 2151 4888; x_wconf 90' lang='lat' dir='ltr'><strong>non</strong></span> <span class='ocrx_word' id='word_1_1159' title='bbox 2178 4832 2390 4902; x_wconf 84' lang='lat' dir='ltr'><strong>l’etrini,</strong></span> <span class='ocrx_word' id='word_1_1160' title='bbox 2418 4836 2496 4886; x_wconf 87' lang='lat' dir='ltr'><strong>vel</strong></span> <span class='ocrx_word' id='word_1_1161' title='bbox 2517 4833 2731 4886; x_wconf 83' lang='lat' dir='ltr'><strong>Paulini.</strong></span> <span class='ocrx_word' id='word_1_1162' title='bbox 2761 4832 2905 4886; x_wconf 88' lang='lat' dir='ltr'><strong>Unde</strong></span> <span class='ocrx_word' id='word_1_1163' title='bbox 2933 4835 3122 4885; x_wconf 86' lang='lat' dir='ltr'><strong>dicitur</strong></span> <span class='ocrx_word' id='word_1_1164' title='bbox 3150 4847 3286 4887; x_wconf 87' lang='lat' dir='ltr'><strong>recte</strong></span> <span class='ocrx_word' id='word_1_1165' title='bbox 3323 4856 3332 4884; x_wconf 86' lang='grc'>;</span> 
     </span>
    </p>
   </div>
   <div class='ocr_carea' id='block_1_143' title="bbox 1788 4904 3336 4971">
    <p class='ocr_par' dir='ltr' id='par_1_143' title="bbox 1788 4904 3336 4971">
     <span class='ocr_line' id='line_1_143' title="bbox 1788 4904 3336 4971; baseline -0.003 -13"><span class='ocrx_word' id='word_1_1166' title='bbox 1788 4905 2051 4960; x_wconf 78' lang='lat' dir='ltr'><strong>Generatio</strong></span> <span class='ocrx_word' id='word_1_1167' title='bbox 2070 4906 2447 4958; x_wconf 86' lang='lat' dir='ltr'><strong>annuntiabitur</strong></span> <span class='ocrx_word' id='word_1_1168' title='bbox 2462 4904 2693 4966; x_wconf 84' lang='lat' dir='ltr'><strong>Domino,</strong></span> <span class='ocrx_word' id='word_1_1169' title='bbox 2710 4914 2822 4971; x_wconf 69' lang='lat' dir='ltr'><strong>qua:</strong></span> <span class='ocrx_word' id='word_1_1170' title='bbox 2839 4911 3044 4957; x_wconf 82' lang='lat' dir='ltr'><strong>ventura</strong></span> <span class='ocrx_word' id='word_1_1171' title='bbox 3061 4913 3160 4967; x_wconf 84' lang='lat' dir='ltr'><strong>est;</strong></span> <span class='ocrx_word' id='word_1_1172' title='bbox 3179 4915 3229 4955; x_wconf 86' lang='lat' dir='ltr'><strong>et</strong></span> <span class='ocrx_word' id='word_1_1173' title='bbox 3248 4919 3336 4966; x_wconf 69' lang='lat' dir='ltr'><strong>per</strong></span> 
     </span>
    </p>
   </div>
   <div class='ocr_carea' id='block_1_144' title="bbox 1789 4973 3333 5044">
    <p class='ocr_par' dir='ltr' id='par_1_144' title="bbox 1789 4973 3333 5044">
     <span class='ocr_line' id='line_1_144' title="bbox 1789 4973 3333 5044; baseline -0.003 -17"><span class='ocrx_word' id='word_1_1174' title='bbox 1789 4976 1886 5028; x_wconf 90' lang='lat' dir='ltr'><strong>hoc</strong></span> <span class='ocrx_word' id='word_1_1175' title='bbox 1916 4986 2153 5036; x_wconf 83' lang='lat' dir='ltr'><strong>vetitura,</strong></span> <span class='ocrx_word' id='word_1_1176' title='bbox 2178 4980 2294 5044; x_wconf 87' lang='lat' dir='ltr'><strong>quia</strong></span> <span class='ocrx_word' id='word_1_1177' title='bbox 2336 4975 2475 5037; x_wconf 68' lang='lat' dir='ltr'><strong>cani,</strong></span> <span class='ocrx_word' id='word_1_1178' title='bbox 2507 4975 2555 5026; x_wconf 90' lang='lat' dir='ltr'><strong>id</strong></span> <span class='ocrx_word' id='word_1_1179' title='bbox 2586 4984 2685 5036; x_wconf 79' lang='lat' dir='ltr'><strong>est,</strong></span> <span class='ocrx_word' id='word_1_1180' title='bbox 2717 4973 2937 5044; x_wconf 82' lang='lat' dir='ltr'><strong>apostoli</strong></span> <span class='ocrx_word' id='word_1_1181' title='bbox 2965 4982 3015 5026; x_wconf 89' lang='lat' dir='ltr'><strong>et</strong></span> <span class='ocrx_word' id='word_1_1182' title='bbox 3044 4973 3130 5025; x_wconf 87' lang='lat' dir='ltr'><strong>alii</strong></span> <span class='ocrx_word' id='word_1_1183' title='bbox 3158 4975 3333 5044; x_wconf 76' lang='lat' dir='ltr'><strong>sancti</strong></span> 
     </span>
    </p>
   </div>
   <div class='ocr_carea' id='block_1_145' title="bbox 1790 5042 3333 5116">
    <p class='ocr_par' dir='ltr' id='par_1_145' title="bbox 1790 5042 3333 5116">
     <span class='ocr_line' id='line_1_145' title="bbox 1790 5042 3333 5116; baseline -0.005 -20"><span class='ocrx_word' id='word_1_1184' title='bbox 1790 5058 2055 5111; x_wconf 67' lang='lat' dir='ltr'><strong>praecones</strong></span> <span class='ocrx_word' id='word_1_1185' title='bbox 2085 5042 2448 5116; x_wconf 75' lang='lat' dir='ltr'><strong>annuntiabunt</strong></span> <span class='ocrx_word' id='word_1_1186' title='bbox 2492 5044 2762 5116; x_wconf 72' lang='lat' dir='ltr'><strong>justitiam,</strong></span> <span class='ocrx_word' id='word_1_1187' title='bbox 2810 5042 2857 5097; x_wconf 83' lang='lat' dir='ltr'><strong>id</strong></span> <span class='ocrx_word' id='word_1_1188' title='bbox 2901 5050 3002 5116; x_wconf 80' lang='lat' dir='ltr'><strong>est,</strong></span> <span class='ocrx_word' id='word_1_1189' title='bbox 3055 5042 3333 5116; x_wconf 81' lang='lat' dir='ltr'><strong>perfectam</strong></span> 
     </span>
    </p>
   </div>
   <div class='ocr_carea' id='block_1_146' title="bbox 1785 5113 3333 5180">
    <p class='ocr_par' dir='ltr' id='par_1_146' title="bbox 1785 5113 3333 5180">
     <span class='ocr_line' id='line_1_146' title="bbox 1785 5113 3333 5180; baseline -0.004 -14"><span class='ocrx_word' id='word_1_1190' title='bbox 1785 5116 1916 5168; x_wconf 85' lang='lat' dir='ltr'><strong>obed</strong></span> <span class='ocrx_word' id='word_1_1191' title='bbox 1941 5118 2130 5169; x_wconf 81' lang='lat' dir='ltr'><strong>entiam</strong></span> <span class='ocrx_word' id='word_1_1192' title='bbox 2163 5114 2294 5180; x_wconf 83' lang='lat' dir='ltr'><strong>ejus,</strong></span> <span class='ocrx_word' id='word_1_1193' title='bbox 2324 5114 2471 5178; x_wconf 87' lang='lat' dir='ltr'><strong>cujus</strong></span> <span class='ocrx_word' id='word_1_1194' title='bbox 2496 5117 2575 5164; x_wconf 86' lang='lat' dir='ltr'><strong>illa</strong></span> <span class='ocrx_word' id='word_1_1195' title='bbox 2607 5113 2706 5166; x_wconf 90' lang='lat' dir='ltr'><strong>erit</strong></span> <span class='ocrx_word' id='word_1_1196' title='bbox 2749 5113 3012 5180; x_wconf 81' lang='lat' dir='ltr'><strong>generatio</strong></span> <span class='ocrx_word' id='word_1_1197' title='bbox 3038 5115 3223 5179; x_wconf 80' lang='lat' dir='ltr'><strong>populo</strong></span> <span class='ocrx_word' id='word_1_1198' title='bbox 3250 5113 3333 5176; x_wconf 77' lang='lat' dir='ltr'><strong>qiii</strong></span> 
     </span>
    </p>
   </div>
   <div class='ocr_carea' id='block_1_147' title="bbox 1788 5182 3334 5249">
    <p class='ocr_par' dir='ltr' id='par_1_147' title="bbox 1788 5182 3334 5249">
     <span class='ocr_line' id='line_1_147' title="bbox 1788 5182 3334 5249; baseline -0.003 -14"><span class='ocrx_word' id='word_1_1199' title='bbox 1788 5197 2048 5247; x_wconf 75' lang='lat' dir='ltr'><strong>nascetur,</strong></span> <span class='ocrx_word' id='word_1_1200' title='bbox 2070 5198 2169 5235; x_wconf 90' lang='lat' dir='ltr'><strong>non</strong></span> <span class='ocrx_word' id='word_1_1201' title='bbox 2190 5185 2493 5245; x_wconf 82' lang='lat' dir='ltr'><strong>carnaliter,</strong></span> <span class='ocrx_word' id='word_1_1202' title='bbox 2515 5183 2606 5236; x_wconf 87' lang='lat' dir='ltr'><strong>sed</strong></span> <span class='ocrx_word' id='word_1_1203' title='bbox 2631 5198 2784 5249; x_wconf 81' lang='lat' dir='ltr'><strong>quem</strong></span> <span class='ocrx_word' id='word_1_1204' title='bbox 2813 5182 3057 5235; x_wconf 88' lang='lat' dir='ltr'><strong>Dominus</strong></span> <span class='ocrx_word' id='word_1_1205' title='bbox 3080 5183 3334 5246; x_wconf 84' lang='lat' dir='ltr'><strong>facietper</strong></span> 
     </span>
    </p>
   </div>
   <div class='ocr_carea' id='block_1_148' title="bbox 1784 5250 3332 5318">
    <p class='ocr_par' dir='ltr' id='par_1_148' title="bbox 1784 5250 3332 5318">
     <span class='ocr_line' id='line_1_148' title="bbox 1784 5250 3332 5318; baseline -0.004 -12"><span class='ocrx_word' id='word_1_1206' title='bbox 1784 5253 2035 5318; x_wconf 87' lang='lat' dir='ltr'><strong>Spiritum</strong></span> <span class='ocrx_word' id='word_1_1207' title='bbox 2052 5267 2284 5305; x_wconf 78' lang='lat' dir='ltr'><strong>sanetum</strong></span> <span class='ocrx_word' id='word_1_1208' title='bbox 2310 5255 2448 5306; x_wconf 86' lang='lat' dir='ltr'><strong>nasci</strong></span> <span class='ocrx_word' id='word_1_1209' title='bbox 2472 5254 2520 5305; x_wconf 92' lang='lat' dir='ltr'><strong>in</strong></span> <span class='ocrx_word' id='word_1_1210' title='bbox 2548 5250 2647 5303; x_wconf 84' lang='lat' dir='ltr'><strong>fide</strong></span> <span class='ocrx_word' id='word_1_1211' title='bbox 2664 5251 2969 5316; x_wconf 83' lang='lat' dir='ltr'><strong>etoperibus</strong></span> <span class='ocrx_word' id='word_1_1212' title='bbox 2988 5250 3155 5310; x_wconf 87' lang='lat' dir='ltr'><strong>bonis,</strong></span> <span class='ocrx_word' id='word_1_1213' title='bbox 3170 5253 3332 5316; x_wconf 77' lang='lat' dir='ltr'><strong>cujus,</strong></span> 
     </span>
    </p>
   </div>
   <div class='ocr_carea' id='block_1_149' title="bbox 1787 5321 3258 5391">
    <p class='ocr_par' dir='ltr' id='par_1_149' title="bbox 1787 5321 3258 5391">
     <span class='ocr_line' id='line_1_149' title="bbox 1787 5321 3258 5391; baseline -0.003 -16"><span class='ocrx_word' id='word_1_1214' title='bbox 1787 5333 1842 5375; x_wconf 90' lang='lat' dir='ltr'><strong>ut</strong></span> <span class='ocrx_word' id='word_1_1215' title='bbox 1877 5324 2005 5378; x_wconf 84' lang='lat' dir='ltr'><strong>dcit</strong></span> <span class='ocrx_word' id='word_1_1216' title='bbox 2034 5323 2330 5390; x_wconf 82' lang='lat' dir='ltr'><strong>Apostolus,</strong></span> <span class='ocrx_word' id='word_1_1217' title='bbox 2363 5326 2559 5391; x_wconf 76' lang='lat' dir='ltr'><strong>[actura</strong></span> <span class='ocrx_word' id='word_1_1218' title='bbox 2589 5331 2734 5389; x_wconf 82' lang='lat' dir='ltr'><strong>atque</strong></span> <span class='ocrx_word' id='word_1_1219' title='bbox 2762 5321 3051 5389; x_wconf 76' lang='lat' dir='ltr'><strong>ﬁgmentum</strong></span> <span class='ocrx_word' id='word_1_1220' title='bbox 3075 5333 3258 5372; x_wconf 68' lang='lat' dir='ltr'><strong>sumus.</strong></span> 
     </span>
    </p>
   </div>
   <div class='ocr_carea' id='block_1_150' title="bbox 2257 5433 2865 5489">
    <p class='ocr_par' dir='ltr' id='par_1_150' title="bbox 2257 5433 2865 5489">
     <span class='ocr_line' id='line_1_150' title="bbox 2257 5433 2865 5489; baseline -0.003 0"><span class='ocrx_word' id='word_1_1221' title='bbox 2257 5436 2319 5489; x_wconf 82' lang='grc' dir='ltr'><strong>ΙΝ</strong></span> <span class='ocrx_word' id='word_1_1222' title='bbox 2356 5433 2670 5489; x_wconf 69' lang='lat' dir='ltr'><strong>PSALMUM</strong></span> <span class='ocrx_word' id='word_1_1223' title='bbox 2710 5434 2865 5489; x_wconf 77' lang='lat' dir='ltr'><strong>XXII.</strong></span> 
     </span>
    </p>
   </div>
   <div class='ocr_carea' id='block_1_151' title="bbox 2338 5524 2774 5579">
    <p class='ocr_par' dir='ltr' id='par_1_151' title="bbox 2338 5524 2774 5579">
     <span class='ocr_line' id='line_1_151' title="bbox 2338 5524 2774 5579; baseline -0.005 0"><span class='ocrx_word' id='word_1_1224' title='bbox 2338 5524 2572 5579; x_wconf 82' lang='lat' dir='ltr'><strong>Psalmus</strong></span> <span class='ocrx_word' id='word_1_1225' title='bbox 2595 5524 2774 5577; x_wconf 84' lang='lat' dir='ltr'><strong>David.</strong></span> 
     </span>
    </p>
   </div>
   <div class='ocr_carea' id='block_1_152' title="bbox 2376 5605 2752 5649">
    <p class='ocr_par' dir='ltr' id='par_1_152' title="bbox 2376 5605 2752 5649">
     <span class='ocr_line' id='line_1_152' title="bbox 2376 5605 2752 5649; baseline -0.008 -1"><span class='ocrx_word' id='word_1_1226' title='bbox 2376 5605 2752 5649; x_wconf 67' lang='lat' dir='ltr'><strong>ARGUIENTUI.</strong></span> 
     </span>
    </p>
   </div>
   <div class='ocr_carea' id='block_1_153' title="bbox 1863 5673 3332 5751">
    <p class='ocr_par' dir='ltr' id='par_1_153' title="bbox 1863 5673 3332 5751">
     <span class='ocr_line' id='line_1_153' title="bbox 1863 5673 3332 5751; baseline 0.007 -18"><span class='ocrx_word' id='word_1_1227' title='bbox 1863 5680 2105 5736; x_wconf 74' lang='lat' dir='ltr'><strong>Reditum</strong></span> <span class='ocrx_word' id='word_1_1228' title='bbox 2139 5683 2310 5751; x_wconf 75' lang='lat' dir='ltr'><strong>pOpUli</strong></span> <span class='ocrx_word' id='word_1_1229' title='bbox 2340 5683 2407 5736; x_wconf 86' lang='lat' dir='ltr'><strong>de</strong></span> <span class='ocrx_word' id='word_1_1230' title='bbox 2434 5680 2694 5749; x_wconf 77' lang='lat' dir='ltr'><strong>Babylone</strong></span> <span class='ocrx_word' id='word_1_1231' title='bbox 2727 5681 2980 5751; x_wconf 71' lang='lat' dir='ltr'><strong>prmdicit,</strong></span> <span class='ocrx_word' id='word_1_1232' title='bbox 3010 5673 3332 5745; x_wconf 71' lang='lat' dir='ltr'><strong>enunieran</strong></span> 
     </span>
    </p>
   </div>
   <div class='ocr_carea' id='block_1_154' title="bbox 1785 5750 3328 5826">
    <p class='ocr_par' dir='ltr' id='par_1_154' title="bbox 1785 5750 3328 5826">
     <span class='ocr_line' id='line_1_154' title="bbox 1785 5750 3328 5826; baseline 0.007 -23"><span class='ocrx_word' id='word_1_1233' title='bbox 1785 5752 1992 5818; x_wconf 81' lang='lat' dir='ltr'><strong>quantis</strong></span> <span class='ocrx_word' id='word_1_1234' title='bbox 2049 5750 2326 5809; x_wconf 81' lang='lat' dir='ltr'><strong>redeuntes</strong></span> <span class='ocrx_word' id='word_1_1235' title='bbox 2377 5754 2426 5807; x_wconf 89' lang='lat' dir='ltr'><strong>in</strong></span> <span class='ocrx_word' id='word_1_1236' title='bbox 2473 5751 2656 5807; x_wconf 81' lang='lat' dir='ltr'><strong>itinere</strong></span> <span class='ocrx_word' id='word_1_1237' title='bbox 2709 5750 2906 5808; x_wconf 72' lang='lat' dir='ltr'><strong>solatus</strong></span> <span class='ocrx_word' id='word_1_1238' title='bbox 2932 5755 3010 5809; x_wconf 83' lang='lat' dir='ltr'><strong>usi</strong></span> <span class='ocrx_word' id='word_1_1239' title='bbox 3057 5767 3177 5814; x_wconf 85' lang='lat' dir='ltr'><strong>sunt</strong></span> <span class='ocrx_word' id='word_1_1240' title='bbox 3209 5761 3328 5826; x_wconf 77' lang='lat' dir='ltr'><strong>uel,</strong></span> 
     </span>
    </p>
   </div>
  </div>
