3912 6230
159 333 300 387 ’601
969 330 1030 384 1N
1072 329 1475 383 PSAMIORUM
1520 330 1768 382 LIBRUM
1812 328 2158 385 EXEGESIS.
2200 361 2264 370 ——
2308 332 2490 384 PSAL.
2535 332 2715 386 XXI".
3316 338 3415 390 00'}

170 447 364 496 varia
402 444 758 513 resurrectione
798 441 1074 513 laborabat,
1109 440 1402 513 alloquitur.
1439 439 1610 491 Prima
1641 451 1775 500 βαγέ
1802 443 1846 494 Λ
1877 451 2022 513 atque
2054 443 2323 499 rotundus,
2347 444 2405 513 in
2441 459 2589 513 quem
2612 447 2815 508 fortuna
2844 461 3035 513 semper
3073 462 3250 498 manca
3276 451 3414 508 ruit;

175 515 476 579 deﬁniens
523 512 722 564 Domini
751 512 1029 562 universum
1062 511 1228 576 orbem
1268 527 1372 561 esse
1402 519 1681 568 terrarum,
1726 521 1778 558 ut
1887 521 1936 560 et
1979 511 2112 572 pleni
2158 512 2357 562 numeri
2401 512 2642 564 dicuntur
2688 515 2899 579 perfecti
2944 511 3164 568 numeri.
3201 516 3264 569 Et
3306 519 3417 568 uni-

177 585 346 633 sicut
387 599 440 634 se
469 581 639 633 nullus
665 581 725 631 ob
755 583 863 651 ejus
895 582 1100 651 imperio
1134 580 1362 651 probaret
1405 587 1678 651 exceptant,
1711 579 1780 627 ita
1884 580 2020 630 versi
2049 588 2169 630 snnt
2195 580 2268 632 illi
2299 580 2491 651 domini
2523 582 2588 632 de
2619 582 2698 634 his
2734 583 2818 649 qtti
2849 584 3092 636 dicuntur
3120 584 3291 641 orbis,
3325 588 3410 651 qui

179 667 300 703 nec
335 670 372 702 α
405 653 502 715 ﬁde
531 650 746 702 crederet
777 646 1013 699 olicmtm.
1054 647 1283 699 Secundo
1313 646 1782 716 Ioco‘determinans
1885 661 1984 696 non
2026 658 2337 712 apostatant,
2366 649 2456 701 sed
2487 650 2720 702 habitant
2745 646 2761 710 ζ
2786 653 2831 701 id
2863 663 2958 714 est,
2992 646 3409 716 perseverant'in

185 713 412 779 artibus
443 720 703 770 virtutibus
739 719 930 778 prtediti
963 718 1055 767 sint
1088 718 1138 767 in
1181 719 1288 784 ejus
1319 713 1543 765 Ecclesia
1584 717 1779 786 consli-
1881 729 1943 770 eo
1971 719 2117 778 orbe,
2143 717 2192 768 id
2216 729 2314 778 eSI,
2347 718 2396 768 in
2422 721 2755 779 perfectione.
2784 713 2958 772 Potest
2980 713 3184 786 quoque
3213 719 3412 772 Dotnittt

189 789 334 839 tuti.
377 787 546 839 Tertio
575 787 967 839 dententissituos
1006 789 1374 848 superstitiosos
1403 785 1780 846 alloquitur,'ut
1881 794 1949 833 est
1977 794 2104 835 terra
2135 787 2201 837 ita
2231 787 2419 848 exponi
2446 804 2457 837 :
2491 796 2646 848 terra,
2677 789 2725 840 id
2756 796 2856 851 est,
2885 805 3009 840 caro
3033 791 3278 850 humana,
3298 805 3414 852 qttte

191 873 338 908 vero
383 857 600 908 Domino
629 856 951 924 {atttulatttes,
976 871 1007 905 a
1036 856 1186 906 noxia
1209 854 1298 906 sibi
1329 854 1648 920 perversitate
1679 853 1780 904 dis-
1884 853 2024 915 prius
2055 868 2154 905 non
2196 864 2305 907 erat
2344 855 2573 921 Domini,”
2610 860 2726 919 quia
2761 867 2963 923 poterat
2991 859 3053 909 ab
3074 874 3139 910 eo
3179 857 3373 911 auferri
3396 896 3413 920 ,

194 928 438 978 cedant.

804 1031 1222 1070 COIMENTARIUS.

297 1126 516 1178 Domini
542 1136 611 1178 est
641 1135 790 1177 terra.
831 1125 1062 1177 Psalmus
1095 1124 1254 1176 David
1278 1125 1328 1176 in
1360 1123 1517 1188 prima
1548 1121 1776 1176 Sabbati.

208 1194 414 1247 Prima
447 1195 662 1248 Salthati
694 1195 865 1246 vocari
897 1196 1027 1246 solet
1057 1195 1167 1245 dies
1201 1195 1464 1244 Dominica
1494 1234 1507 1250 ,
1552 1192 1600 1242 in
1633 1192 1780 1255 cujus

207 1265 494 1316 matutino
525 1263 772 1316 Dominus
813 1272 988 1316 uoster
1025 1262 1177 1315 Jesus
1206 1260 1446 1313 Christus
1484 1262 1709 1312 surrexit
1750 1276 1778 1313 a

209 1332 457 1383 mortuis
482 1347 497 1392 ;
529 1342 577 1382 et
609 1341 943 1395 congrue,'ttt
971 1332 1020 1382 in
1049 1347 1146 1396 qua
1174 1330 1256 1382 die
1289 1330 1541 1400 mundum
1555 1329 1774 1400 iecerat,

213 1402 271 1452 in
302 1401 500 1452 eadem
528 1402 692 1466 ipsum
718 1402 871 1452 etiam
902 1401 1160 1453 reticeret.
1195 1399 1460 1451 Dominica
1484 1397 1620 1448 cnim
1644 1397 1776 1462 dies,

216 1472 411 1522 prima
443 1470 553 1520 dies
582 1471 695 1530 l'nit,
730 1469 779 1518 in
804 1484 901 1535 qua
936 1468 1182 1520 Dominus
1210 1470 1456 1519 mundum
1487 1467 1774 1524 constituit,

207 1537 389 1605 juxta
422 1537 544 1589 illud
575 1538 793 1590 Genesis
824 1555 835 1588 :
869 1536 928 1588 In
959 1538 1201 1604 principio
1228 1543 1407 1588 creauit
1440 1535 1573 1587 Deus
1602 1538 1780 1586 ctutum

214 1614 269 1657 rt
304 1619 519 1659 terram.
555 1607 650 1658 Per
680 1607 866 1658 coelum
901 1621 1121 1671 namque
1159 1605 1242 1656 hic
1272 1620 1371 1657 non
1403 1616 1633 1656 nostrum
1672 1619 1797 1656 (ξωι

219 1676 338 1726 tum
373 1676 644 1738 accipitur,
675 1675 773 1728 sed
797 1676 918 1726 illud
949 1676 1098 1737 cujus
1127 1675 1239 1731 ipse
1266 1677 1441 1740 Agnus
1473 1675 1644 1723 lumen
1677 1683 1775 1724 est.

217 1745 336 1798 l’i-r
367 1757 557 1824 terram
587 1743 1040 1826 veronintelligitur
1066 1752 1372 1797 cteterorum
1401 1744 1772 1826 elementorum
1812 1771 1850 1826 Β

217 1814 580 1877 compositio,
611 1824 659 1864 et
691 1813 826 1865 illius
857 1814 1012 1865 tutius
1044 1826 1226 1864 massa:
1256 1829 1406 1879 quam
1449 1810 1693 1861 Dominus
1725 1812 1774 1861 in

218 1884 470 1949 quinque
500 1883 679 1933 diebus
705 1882 918 1947 reliquis
942 1890 1062 1934 ante
1089 1882 1391 1940 Sabbatum,
1422 1880 1474 1932 in
1503 1893 1606 1949 quo
1628 1878 1776 1949 quic—

222 1947 330 2011 vtt,
370 1951 624 2003 distinxit.
657 1951 746 2002 llic
774 1961 944 2001 autem
981 1951 1142 2015 prima
1169 1950 1377 2002 Sabbati
1408 1948 1659 2017 accipitur
1685 1947 1777 1999 ali-

227 2029 336 2071 ter.
372 2020 652 2072 Sabhatum
697 2034 915 2086 namque
939 2059 952 2080 ,
993 2019 1039 2069 id
1084 2030 1184 2082 est,
1218 2020 1422 2086 requies
1448 2060 1460 2080 ,
1498 2018 1591 2069 luit
1632 2017 1777 2068 nobis

225 2089 558 2141 resurrectio
603 2088 834 2151 Domini,
869 2090 953 2154 qui
983 2102 1258 2154 resurgens
1287 2102 1381 2139 nos
1405 2100 1778 2150 ronresurgere

226 2156 383 2209 fecit.
415 2159 712 2210 Ascendens
753 2171 958 2223 quoque
987 2167 1037 2208 et
1073 2156 1350 2208 sedensad
1383 2157 1645 2208 dexteram
1679 2154 1776 2223 Pa-

227 2226 360 2290 tris,
394 2241 489 2277 nos
516 2226 800 2278 ascendere
827 2222 882 2277 ct
912 2228 1195 2278 consedere
1231 2224 1372 2284 fecit,
1406 2237 1538 2276 nunc
1570 2222 1773 2274 interim

226 2309 334 2358 spe
362 2335 376 2356 ,
417 2294 730 2360 quandoque
758 2308 1098 2346 consessuros
1145 2294 1194 2346 in
1236 2308 1309 2345 re.
1341 2293 1443 2360 Spe
1481 2294 1611 2344 cnim
1653 2292 1777 2343 salvi

231 2365 364 2430 [acti
391 2380 582 2415 sumus.
613 2362 777 2432 Prima
808 2377 941 2432 ergo
961 2363 1169 2415 Sabbati
1197 2362 1381 2416 dicitur
1410 2361 1628 2432 primum
1649 2369 1777 2432 tetu-

233 2429 338 2499 pus
388 2443 502 2498 post
543 2431 846 2495 Sabbalutn,
875 2429 945 2483 'id
991 2441 1099 2492 est,
1152 2441 1352 2495 tempus
1399 2429 1778 2496 praadicationis

231 2502 596 2568 apostolorum
623 2543 636 2561 ,
673 2502 722 2553 itt
751 2516 854 2569 quo
887 2510 1117 2567 tempore
1148 2501 1364 2569 primum
1400 2499 1620 2569 innotuit
1656 2499 1776 2569 illud

237 2567 564 2631 sabbatum,
595 2569 643 2621 id
680 2567 781 2632 est,
828 2571 1163 2623 resurrectio.
1208 2567 1445 2621 Scennda
1503 2581 1628 2619 vero
1656 2567 1780 2620 Sab-

234 2640 353 2693 bati
387 2648 553 2704 potest
582 2640 753 2691 vocari
803 2649 1005 2705 tempus
1051 2638 1431 2706 praedicationis
1460 2637 1666 2690 illorum
1693 2639 1777 2703 qui

235 2717 614 2761 successerunt
659 2708 908 2773 apostolis
935 2725 946 2768 ;
980 2709 1055 2759 sic
1099 2721 1304 2773 quoque
1334 2708 1483 2758 tertia
1511 2748 1522 2764 ,
1557 2716 1736 2770 quarta
1763 2745 1778 2767 ,

236 2780 426 2841 quinta
453 2817 468 2839 ,
499 2785 642 2829 sexta
673 2777 884 2829 Sabbati
929 2778 978 2829 in
1008 2775 1337 2829 Successioue
1382 2775 1778 2842 praedicatorum

239 2847 399 2898 facile
428 2856 593 2911 poteSt
639 2845 804 2898 notari
834 2861 998 2912 usque
1024 2845 1086 2897 ad
1119 2845 1241 2897 illud
1271 2859 1447 2897 verum
1474 2842 1778 2906 Sabbatum,

239 2916 454 2980 quando
497 2917 701 2978 requies
727 2925 918 2968 azterna
949 2915 1195 2979 suscipiet
1223 2917 1423 2966 animas
1459 2924 1776 2966 sanctorum.

241 2982 338 3034 Vel
378 2986 510 3036 sicut
542 2983 712 3036 divina
756 2983 1022 3049 Scriptura
1053 2985 1394 3049 septimanam
1438 2992 1595 3035 totam
1633 2993 1782 3034 vocat

242 3052 531 3104 Sabbatum
555 3068 582 3104 a
612 3053 832 3117 digniori
863 3051 1031 3118 parte,
1061 3054 1201 3117 juxta
1230 3053 1352 3104 illud
1380 3052 1428 3102 itt
1464 3051 1777 3116 Evangelio:

243 3121 432 3189 Jejuno
475 3121 547 3172 bis
577 3123 626 3172 in
661 3122 921 3178 Subbato;
963 3126 1028 3174 ita
1062 3124 1213 3175 etiam
1257 3130 1428 3190 potest
1458 3121 1630 3173 vocari
1656 3121 1780 3173 Sab-

247 3190 425 3242 b.ttum
456 3200 616 3242 totum
643 3199 848 3258 tempus
872 3193 1009 3256 quod
1039 3201 1119 3244 est
1148 3191 1279 3243 inter
1306 3190 1587 3244 Sabbatum
1614 3204 1788 3242 resur—

246 3259 498 3313 rectionis
534 3270 584 3313 et
626 3274 803 3311 verum
851 3258 1138 3313 Sabbatum
1185 3260 1432 3312 futurum.
1480 3258 1542 3311 Et
1591 3259 1640 3310 itt
1693 3261 1788 3312 hoc

249 3331 483 3383 Sabbato
511 3337 682 3396 potest
710 3331 874 3381 notari
910 3328 1073 3396 prima
1101 3328 1332 3391 Sabbati,
1362 3338 1411 3380 et
1438 3327 1665 3381 secunda
1692 3367 1707 3391 ,
1739 3338 1791 3381 et

250 3399 472 3464 reliqua,
503 3408 558 3450 ut
585 3412 759 3465 supra.
793 3397 1052 3462 Propheta
1081 3413 1206 3462 ergo
1235 3413 1321 3464 per
1352 3407 1586 3449 sanctum
1617 3397 1790 3462 Spiri-

252 3479 360 3520 tum
393 3477 598 3533 tempus
629 3467 750 3520 illud
786 3466 1038 3528 futurum,
1072 3468 1120 3518 iu
1151 3482 1253 3533 quo
1283 3466 1502 3531 apostoli
1534 3474 1633 3517 tam
1663 3480 1790 3518 cou-

251 3547 452 3588 stauter
480 3545 533 3588 et
563 3537 837 3589 manifeste
869 3537 1210 3600 praeconaturi
1241 3543 1419 3587 essent
1440 3573 1453 3594 ,
1497 3535 1790 3600 prtevidens

254 3605 305 3656 in
337 3606 747 3659 cottsideratiore
777 3606 912 3657 illius
955 3606 1206 3670 temporis
1237 3606 1284 3654 itt
1331 3617 1550 3668 persona
1586 3612 1790 3670 aposto-

254 3673 367 3726 lica:
391 3673 545 3738 tuba,
575 3678 654 3727 vel
684 3675 841 3737 vocis,
869 3675 1005 3728 ln'nc
1032 3674 1285 3741 psalmum
1313 3672 1622 3737 composuit,
1647 3674 1790 3740 juxta

256 3741 392 3807 quod
426 3743 602 3795 titulus
633 3745 962 3807 supradictus
985 3747 1053 3795 ita
1085 3744 1359 3808 exponitur
1393 3759 1403 3792 :
1437 3743 1536 3794 Iste
1567 3745 1792 3806 psalmus

257 3811 554 3864 attribuitur
579 3810 761 3880 David,
791 3813 868 3864 vel
902 3815 1166 3879 prophetae
1195 3812 1306 3880 ipsi,
1334 3814 1414 3865 vel
1439 3813 1651 3863 cuilibet
1676 3829 1794 3878 apo-

258 3880 530 3940 5to|nrum,
559 3879 642 3947 qui
678 3897 797 3933 vete
825 3891 947 3933 sunt
989 3879 1326 3944 tuanulortes,
1360 3889 1412 3932 et
1446 3880 1556 3932 visu
1590 3881 1794 3933 deside-

260 3949 469 4002 rabiles.
502 3949 755 4014 l’salmus,
785 3951 932 4013 dico,
963 3950 1166 4001 habitus
1196 3952 1272 4000 vel
1298 3959 1532 4001 cantatus
1553 3950 1602 4000 itt
1631 3951 1793 4012 prima

261 4018 470 4078 Sabbati
498 4059 510 4079 ,
558 4019 606 4070 id
643 4027 724 4072 est
749 4059 764 4083 ,
809 4020 858 4071 in
896 4019 1312 4072 Consideratimte
1349 4020 1502 4069 t'uturi
1549 4021 1794 4085 tempOris

265 4087 558 4152 apostolicae
600 4089 982 4153 praedicationis
1007 4129 1022 4151 ,
1051 4096 1298 4154 quantum
1340 4088 1402 4139 ad
1444 4091 1749 4154 prophetam
1781 4107 1792 4152 ;

263 4169 503 4222 quantum
536 4167 704 4209 autem
738 4158 800 4207 ad
833 4158 971 4224 ipsos
998 4159 1282 4222 apostolos,
1322 4159 1370 4208 itt
1402 4157 1630 4221 ipsorum
1663 4170 1796 4210 tem-

269 4241 386 4292 pore
417 4240 536 4279 vere
582 4227 662 4279 ltic
694 4229 917 4295 hymnus
947 4239 1025 4278 est
1055 4229 1363 4279 celebratus.
1398 4228 1680 4280 llortantur
1706 4243 1796 4279 au—

269 4308 366 4349 tem
399 4311 494 4348 nos
523 4299 740 4362 apostoli
786 4297 836 4347 in
869 4296 966 4348 ltoc
997 4297 1194 4358 psalmo
1231 4297 1328 4362 sub
1355 4296 1576 4362 quadam
1618 4297 1794 4349 simili-

271 4365 437 4416 tudine
462 4405 476 4426 ,
515 4359 747 4425 scilicet,
794 4377 847 4416 ut
877 4367 1010 4416 sicut
1037 4365 1229 4430 antiqui
1269 4359 1492 4417 victores
1520 4380 1643 4418 suos
1677 4382 1793 4417 cum

1880 934 1995 971 cum
2021 932 2155 994 esset
2185 924 2416 974 mortalis
2441 934 2490 975 et
2523 926 2711 990 passibi
2735 926 2795 987 is,
2824 926 2930 994 jam
2958 942 3046 994 per
3079 929 3413 986 incorruptio-

1882 1003 2003 1066 netn
2030 989 2078 1040 itt
2109 994 2488 1070 resurrectione
2517 989 2755 1058 sitscepta
2781 989 2878 1055 est,
2914 989 3042 1070 rma
3077 997 3280 1062 propria
3309 996 3409 1048 Do-

1881 1063 2004 1108 mini
2030 1098 2041 1114 ,
2088 1063 2205 1120 quia
2241 1063 2348 1127 jatn
2393 1077 2600 1114 omnem
2631 1063 3088 1115 commutationem
3117 1066 3318 1125 evasit,
3359 1065 3410 1117 itt

1880 1136 1980 1199 quo
2023 1127 2234 1199 victoria
2277 1127 2409 1180 sicut
2451 1134 2590 1194 prius
2621 1141 2844 1184 notatur.
2881 1133 3159 1199 Sequentia
3209 1149 3330 1185 vero
3361 1135 3409 1186 itt

1881 1193 1976 1244 ltac
2007 1197 2258 1248 sententia
2291 1213 2389 1249 non
2423 1193 2705 1252 mutantur.

1953 1262 2080 1335 Quia
2109 1265 2233 1335 ipse.
2264 1267 2444 1318 Merito
2482 1270 2610 1320 orbis
2652 1280 2894 1320 terrorum
2921 1311 2935 1330 ,
2970 1271 3017 1320 id
3057 1277 3167 1329 est,
3198 1269 3416 1335 perfecti

1878 1341 1998 1408 sunt
2022 1332 2245 1408 Domini,
2271 1337 2388 1402 quia
2410 1338 2515 1399 ipse
2540 1338 2785 1389 Dominus
2814 1353 2930 1408 eum
2958 1340 3134 1389 orbem
3162 1332 3409 1402 fundavit,

1881 1400 1928 1471 id
1976 1412 2082 1462 est,
2128 1400 2515 1455 fundamentum
2554 1408 2664 1457 aliis
2710 1422 2799 1470 per
2841 1407 3032 1458 butum
3077 1400 3413 1471 exemplum,

1878 1467 2163 1538 doctrinam
2208 1472 2361 1533 fecit;
2396 1474 2574 1524 ttl‘bt‘lll
2623 1467 2738 1525 dico
2784 1478 3005 1538 positum
3043 1491 3190 1535 super
3237 1467 3416 1535 inuria,

1881 1536 1928 1588 id
1953 1549 2060 1616 test,
2091 1540 2375 1601 planlalutu
2403 1542 2452 1591 in
2487 1544 2609 1608 ipsis
2636 1545 2719 1608 qui
2754 1536 2893 1606 prius
2915 1555 3057 1594 erant
3082 1545 3213 1616 sicut
3235 1544 3416 1606 maria,

1879 1621 1991 1670 quia
2020 1614 2150 1660 siettt
2183 1625 2321 1660 mare
2349 1619 2400 1661 ct
2437 1625 2667 1661 amarum
2699 1622 2778 1664 est
2802 1653 2816 1671 ,
2850 1625 2898 1662 et
2929 1628 3135 1675 semper
3166 1614 3376 1664 ﬂuctuat
3401 1651 3416 1675 ,

1879 1675 1945 1726 ita
1980 1677 2049 1747 illi
2078 1692 2205 1747 quos
2236 1679 2482 1729 Dominus
2522 1682 2722 1739 urbem,
2761 1683 2806 1731 id
2852 1693 2952 1743 est,
2983 1682 3240 1747 perfectos
3272 1679 3413 1743 fecit,

1879 1753 1931 1793 et
1972 1746 2139 1796 adhuc
2173 1746 2289 1797 facit
2311 1785 2327 1810 ,
2360 1748 2500 1812 prius
2531 1750 2840 1799 ﬂuctuabant
2867 1790 2879 1809 ,
2929 1746 2993 1803 et?
3020 1751 3330 1802 vexabantur
3366 1750 3414 1800 itt

1880 1813 2220 1883 amaritudine
2251 1829 2488 1866 enrarum
2517 1827 2564 1867 ct
2595 1819 2998 1870 Sollicitudinum
3034 1820 3182 1883 hujus
3214 1817 3414 1868 tnuntli.

1880 1880 2023 1942 Quod
2071 1883 2225 1934 etiam
2260 1895 2396 1945 patet
2425 1887 2487 1936 de
2520 1885 2642 1949 ipsi?
2674 1887 2937 1950 apostolis.
2983 1880 3114 1938 Vere
3137 1887 3274 1937 enim
3318 1885 3416 1937 ﬂu-

1879 1951 2089 2018 etuabat
2121 1951 2407 2018 lilaltbaeus,
2442 1969 2592 2018 quem
2622 1955 2684 2005 de
2716 1955 2906 2007 telonin
2936 1955 3184 2006 Dominus
3214 1967 3418 2005 assum-

1882 2017 2000 2081 psit.
2031 2020 2282 2073 Similiter
2311 2017 2402 2084 t-ro
2439 2017 2531 2074 suo
2562 2025 2714 2074 modo
2744 2025 2852 2076 alii.
2890 2022 2951 2074 Et
2983 2021 3276 2088 prtrparavit
3307 2037 3418 2072 eum

1881 2088 2058 2158 orbem
2090 2092 2241 2140 etiam
2273 2107 2419 2151 super
2446 2093 2656 2158 ﬂumina
2679 2133 2690 2152 ,
2738 2093 2784 2144 id
2831 2103 2906 2144 est
2929 2135 2942 2153 ,
2974 2108 3126 2155 super
3159 2088 3412 2156 principes

1881 2157 2056 2226 stecuIi
2084 2160 2316 2224 Cupidus,
2348 2157 2591 2226 quisicut
2626 2162 2833 2212 ﬂumina
2862 2175 3066 2225 scmper
3096 2161 3143 2210 iu
3179 2175 3316 2208 mare
3343 2160 3416 2207 itt-

1884 2225 2071 2293 iluunt,
2105 2227 2170 2277 ita
2201 2225 2406 2293 semper
2431 2231 2616 2280 ardore
2648 2231 2866 2282 habendi
2899 2229 3292 2292 iuatnaricantes
3325 2227 3418 2276 ltu-

1876 2291 1961 2359 jus
1993 2293 2106 2346 vita:
2145 2291 2331 2364 ﬂuctus
2356 2339 2370 2360 ,
2417 2299 2530 2363 plus
2567 2311 2611 2347 et
2648 2300 2762 2364 plus
2805 2291 3262 2363 itntnergebautur,
3295 2311 3419 2354 quo-

1885 2377 1996 2413 rum
2022 2379 2151 2414 unus
2175 2363 2270 2417 fuit
2293 2366 2498 2428 Paulus,
2527 2375 2578 2419 et
2605 2370 2691 2420 alii
2717 2369 2885 2429 tnttlti,
2913 2368 2958 2417 id
2987 2378 3084 2425 est,
3115 2363 3417 2423 Ecclesiam,

1884 2438 1939 2482 ut
1968 2441 2020 2502 et
2048 2447 2203 2498 supra
2237 2436 2391 2486 maria
2420 2447 2468 2486 et
2497 2452 2650 2502 super
2677 2438 2886 2488 ﬂumina
2915 2452 3032 2489 eum
3060 2434 3348 2487 constituit.

1956 2499 2076 2562 Quis
2104 2504 2327 2553 ascendet
2360 2504 2408 2553 in
2438 2499 2645 2555 montem
2689 2507 2919 2568 Domini,
2951 2515 3034 2557 aut
3064 2506 3172 2570 quis
3203 2503 3344 2554 s'abit
3373 2502 3423 2550 itt

1884 2567 2028 2632 loco,
2059 2581 2160 2622 etc.
2194 2571 2622 2638 Quandoquidem
2658 2575 2902 2625 llontinus
2934 2575 2981 2625 itt
3016 2567 3154 2624 tanta
3187 2571 3421 2622 sublimi-

1884 2646 1988 2709 tate
2020 2641 2195 2709 urbem
2228 2653 2374 2691 suum
2412 2642 2576 2705 posuit
2605 2682 2615 2696 ,
2649 2657 2771 2709 ergo
2801 2644 2914 2708 quis
2958 2643 3203 2694 hactenus
3244 2640 3422 2705 jztcetts

1887 2706 1936 2756 itt
1972 2707 2271 2761 int’erioratu
2303 2720 2631 2772 peccaturum
2663 2706 2920 2763 etvmurtis
2945 2710 3172 2761 ascendet
3200 2711 3249 2758 in
3282 2722 3423 2758 mon-

1886 2783 1979 2825 tem
2015 2776 2230 2838 Domini,
2265 2779 2311 2830 id
2342 2789 2441 2837 est,
2476 2781 2520 2829 in
2551 2781 2914 2831 sublimitatem
2959 2779 3201 2830 Ecclesia:
3227 2815 3240 2836 ,
3270 2790 3422 2842 quam

1888 2844 2137 2912 Dominus
2169 2849 2492 2912 przeparavit,
2524 2865 2634 2912 qu.r
2660 2862 2707 2900 et
2739 2861 2948 2912 pt'0pler
2976 2848 3220 2899 virtutum
3249 2843 3420 2894 excel-

1887 2911 2098 2965 lenti-un
2123 2954 2135 2972 ,
2170 2925 2220 2965 et
2271 2926 2480 2982 propter
2507 2911 2849 2970 constantiam
2883 2931 3030 2970 mnus
3072 2915 3276 2966 dit-itur.
3327 2913 3425 2962 Aut

1889 2983 1998 3046 quis
2027 2985 2311 3036 ascendens
2336 2985 2502 3045 stabit,
2534 2987 2582 3036 id
2609 3000 2706 3048 est,
2743 2989 3033 3038 mausorius
3057 2985 3149 3038 erit
3180 2990 3230 3033 in
3259 2989 3425 3031 sancto

1891 3051 1998 3102 loco
2026 3054 2155 3116 ejus,
2199 3053 2248 3104 id
2294 3065 2391 3116 εει,
2438 3054 2611 3107 itt'ltac
2656 3065 2790 3106 tanta
2823 3056 3096 3108 eminentia
3139 3051 3423 3108 Ecclesiae,

1889 3134 2042 3184 quam
2075 3120 2323 3174 Dominus
2351 3125 2633 3177 constituit.
2669 3125 2806 3176 Multi
2846 3127 2983 3178 enim
3016 3123 3299 3176 ascendunt
3339 3120 3423 3188 qui

1890 3203 1991 3239 ιιοη
2023 3199 2178 3241 stant.

1963 3256 2206 3312 Ittttocens
2233 3260 2480 3312 manibus.
2511 3258 2666 3324 Quasi
2699 3262 2834 3315 dicat
2867 3280 2877 3312 :
2915 3262 3006 3313 llic
3037 3277 3155 3313 vere
3187 3257 3428 3310 ascendet

1891 3329 1939 3380 in
1969 3337 2218 3391 montem,
2253 3340 2301 3381 et
2333 3329 2382 3380 iu
2416 3331 2526 3394 ipso
2557 3330 2733 3390 Stabit,
2768 3333 2850 3392 qui
2894 3342 2971 3382 e5t
3006 3333 3238 3380 innocens
3269 3327 3429 3394 mani-

1891 3398 1997 3456 bus,
2046 3397 2094 3448 id
2125 3408 2219 3459 est,
2268 3393 2490 3450 mundus
2521 3400 2571 3452 in
2601 3400 2880 3464 operibus;
2926 3408 2967 3450 et
2998 3398 3081 3463 qui
3128 3405 3206 3446 cst
3243 3393 3431 3464 mundo

1890 3469 2060 3528 corde,
2091 3467 2139 3518 id
2166 3479 2262 3524 est,
2294 3468 2516 3520 mundus
2546 3461 2700 3521 etiam
2732 3469 2779 3519 in
2802 3461 3232 3536 cogitationibus;
3264 3473 3314 3514 et
3343 3461 3429 3514 ille

1891 3547 2046 3586 etiam
2069 3537 2344 3596 ascendet,
2372 3537 2456 3604 qui
2478 3538 2694 3589 animant
2721 3534 3184 3598 suamet-(uitatum
3209 3534 3258 3581 itt
3280 3545 3427 3590 vano,

1894 3604 1971 3655 vel
2005 3607 2053 3652 in
2083 3608 2228 3656 Vanis
2254 3605 2614 3658 aliectionihus
2642 3616 2692 3658 et
2714 3607 3140 3659 delectatiuudnts
3169 3618 3264 3654 non
3293 3615 3430 3652 arce-

1892 3676 1984 3740 pt't,
2016 3671 2064 3723 id
2096 3681 2194 3733 est,
2226 3689 2324 3724 non
2360 3676 2638 3738 pretiosam
2661 3675 2943 3728 etcbaram
2977 3673 3175 3732 habuit,
3208 3672 3310 3722 imo
3337 3667 3434 3721 Ini-

1893 3757 2060 3794 seratn
2094 3743 2366 3806 reputavit,
2398 3751 2450 3794 et
2489 3747 2684 3796 duriter
2713 3746 2960 3796 correxit.
3008 3745 3079 3794 Ex
3113 3756 3258 3805 poma
3292 3741 3429 3790 enim

1896 3810 2094 3878 peccati
2125 3821 2202 3861 est
2227 3853 2241 3872 ,
2272 3810 2410 3874 quod
2455 3827 2599 3863 vana:
2629 3811 2930 3865 aifemioues
2957 3855 2970 3872 ,
3011 3828 3126 3877 qum
3161 3823 3328 3859 tamen
3373 3808 3432 3854 ad

1894 3893 2065 3932 actum
2115 3895 2375 3945 nunquam
2419 3882 2789 3947 perducuntur,
2834 3890 3019 3933 vewltt
3062 3895 3088 3928 a
3116 3881 3291 3927 .itnum
3342 3890 3432 3925 no—

1895 3961 2079 4009 strum,
2111 3964 2239 4013 quas
2267 3946 2430 4000 etiam,
2456 3951 2668 4015 perfecti
2708 3951 2797 4000 \‘ll'l
2831 3949 3109 4013 impunitas
3138 3946 3236 3995 sibi
3268 3948 3435 3994 insur—

1894 4034 2014 4084 gere
2044 4033 2144 4068 non
2176 4019 2455 4081 patiuntur.
2493 4019 2577 4068 Vel
2625 4035 2721 4069 non
2750 4024 2968 4083 accepit,
3011 4016 3057 4067 id
3091 4026 3187 4070 est,
3223 4027 3322 4084 non
3355 4027 3432 4062 re-

1898 4082 2088 4153 putavit
2128 4089 2345 4138 attt'mam
2374 4103 2514 4139 suum
2559 4103 2674 4139 esse
2722 4089 2770 4137 in
2814 4082 2976 4142 υιίηω,
3026 4086 3074 4136 id
3119 4095 3233 4141 ρει,
3303 4082 3432 4130 intra

1897 4156 2214 4216 transitoria,
2243 4170 2355 4226 qua:
2381 4171 2508 4206 Vana
2535 4167 2672 4218 sunt,
2695 4156 2838 4223 juxta
2869 4157 2990 4207 illud
3016 4173 3030 4226 7:
3066 4153 3273 4226 γαιμὶιιη
3301 4165 3439 4226 rant?

1899 4236 2089 4287 totum,
2132 4237 2181 4276 et
2223 4224 2456 4289 reliqua;
2504 4226 2636 4277 sicut
2682 4227 2826 4277 multi
2877 4225 3023 4276 stulti
3071 4223 3304 4279 l‘ariunt,
3349 4223 3436 4282 qui

1899 4297 2175 4362 desperant
2199 4296 2261 4346 de
2291 4295 2387 4345 vita
2431 4296 2616 4346 animae
2649 4306 2762 4358 post
2809 4304 3028 4345 muttem
3052 4336 3063 4353 ,
3095 4303 3143 4343 et
3175 4292 3237 4341 de
3265 4302 3439 4362 te~urf

1901 4357 2132 4416 reciione
2179 4379 2302 4425 sua,
2345 4373 2399 4414 et
2441 4365 2555 4414 ideo
2603 4357 2801 4414 animas
2832 4377 2952 4413 suas
2993 4363 3253 4428 negtigunt
3283 4377 3295 4417 ;
3327 4357 3436 4428 sed

272 4419 525 4497 trimnplto
552 4436 614 4485 ab
643 4419 876 4484 hostibus
905 4419 1200 4492 redeuntes,
1228 4442 1279 4484 et
1304 4449 1419 4484 cum
1443 4434 1584 4484 omni
1609 4436 1796 4498 gaudio
1827 4419 1873 4475 Ῐ)
1904 4436 2071 4498 potius
2100 4419 2332 4494 intelligit
2363 4431 2582 4480 animum
2615 4446 2758 4481 suam
2793 4445 2910 4482 vere
2939 4419 3208 4486 teteritaiu,
3243 4438 3294 4478 et
3325 4427 3439 4476 ideo

269 4501 648 4567 suscipiebant,
684 4503 749 4552 ita
780 4510 832 4554 et
877 4516 969 4552 nos
1009 4499 1281 4552 Dominum
1313 4502 1489 4554 .lcsum
1532 4501 1793 4554 Christum

270 4571 512 4621 VlClOl't'm
540 4572 724 4622 mortis
747 4611 759 4631 ,
791 4579 842 4621 et
870 4571 1244 4623 destructorem
1287 4571 1523 4636 corporis
1555 4576 1747 4636 peccati
1779 4613 1794 4635 ,

271 4641 350 4705 qui
372 4653 486 4690 cum
519 4639 780 4707 triumpho
807 4643 872 4690 ab
900 4638 1081 4692 inferis
1105 4640 1276 4702 rediit,
1304 4656 1420 4692 cum
1449 4641 1587 4691 omni
1623 4641 1795 4692 lmtitia

271 4718 322 4759 et
346 4708 531 4774 gaudio
560 4712 900 4775 suscipiamus
927 4748 942 4773 ,
975 4719 1025 4760 et
1055 4709 1100 4760 ei
1136 4711 1449 4761 contorto-ari
1476 4710 1793 4764 studeamus.

275 4777 418 4841 Quasi
442 4777 674 4830 dicereut
698 4778 915 4844 apostoli
945 4795 957 4827 :
991 4777 1255 4830 Gaudcant
1284 4790 1466 4831 Omnes
1493 4777 1715 4832 Subdere
1741 4795 1800 4832 se

275 4846 490 4906 tiltrism,
523 4848 636 4910 quia
671 4849 780 4913 ipse
809 4861 927 4899 vere
961 4847 1208 4898 Dominus
1231 4859 1282 4898 et
1321 4863 1473 4899 verus
1506 4847 1668 4901 victor
1687 4859 1798 4902 est.

280 4915 393 4969 Nam
427 4925 561 4966 terra
597 4917 737 4980 prius
769 4930 980 4982 pervasa
1012 4931 1037 4966 a
1070 4919 1299 4982 principe
1328 4918 1656 4969 tenebrarum
1685 4928 1764 4971 est
1786 4959 1800 4981 ,

279 4985 420 5038 modo
447 4982 667 5045 Domini,
696 4987 745 5036 id
770 4985 904 5052 quod
935 4986 1167 5036 continet
1195 5000 1285 5050 pro
1313 4999 1376 5036 eo
1404 4987 1538 5050 quod
1567 4991 1796 5040 contine-

282 5067 371 5115 tur,
405 5053 451 5106 id
483 5063 582 5118 est,
616 5057 830 5114 terteni,
861 5056 945 5120 qui
979 5056 1119 5118 prius
1149 5055 1335 5120 Captivi
1370 5056 1678 5106 tenebantur
1707 5059 1800 5107 solt

281 5127 390 5192 jago
418 5124 640 5184 diaboli,
682 5126 945 5174 (instructa
990 5134 1158 5192 morte
1190 5137 1240 5175 et
1279 5123 1506 5188 principe
1549 5124 1661 5189 ejus
1695 5127 1802 5174 alli—

283 5191 416 5259 gato,
447 5204 712 5244 cesserunt
741 5193 789 5242 in
818 5193 902 5258 jus
945 5191 1146 5243 llolltllti
1190 5193 1297 5254 sui;
1335 5207 1379 5242 et
1411 5208 1528 5258 quia
1576 5209 1708 5243 terra
1753 5195 1800 5243 in

288 5263 371 5312 hoc
402 5263 706 5328 simpliciter
742 5262 879 5328 quod
927 5271 1063 5312 terra
1091 5273 1170 5312 est
1211 5276 1309 5312 n0n
1357 5272 1435 5314 est
1466 5262 1663 5312 Domini
1716 5277 1804 5325 per

288 5332 720 5390 ittbabilationem,
752 5329 922 5382 subdit
954 5346 966 5379 :
1000 5329 1062 5380 Et
1090 5330 1350 5396 plenitudo
1377 5335 1484 5399 ejus
1512 5371 1524 5390 ,
1559 5331 1636 5381 vel
1669 5340 1804 5384 terra

289 5408 356 5450 est
386 5400 602 5451 Domini.
644 5402 788 5467 Quod
828 5411 1000 5450 autem
1040 5403 1108 5449 sit
1155 5403 1448 5465 plenitudo,
1495 5400 1809 5451 disterminat

291 5467 452 5520 dieens
482 5487 492 5518 :
530 5470 674 5522 Urbis
701 5483 942 5524 terrarum
969 5478 1049 5519 est
1080 5469 1301 5522 Domini.
1338 5470 1432 5522 Per
1459 5471 1636 5519 orbem
1668 5471 1807 5520 enim

294 5547 340 5591 et
371 5537 735 5604 plenitudinem
771 5543 1022 5607 perlectus
1063 5539 1348 5607 accipimus
1375 5581 1386 5598 ,
1430 5539 1571 5604 ipsos
1611 5538 1810 5590 scilicet

299 5609 565 5670 apostolos,
594 5621 645 5661 et
672 5606 850 5662 eormn
891 5606 1226 5667 consimiles,
1249 5622 1364 5673 quia
1395 5617 1444 5660 et
1473 5608 1614 5659 orbis
1654 5608 1811 5673 signi-

305 5678 400 5729 licat
435 5676 838 5745 perfectionem,
864 5683 1007 5747 juxta
1039 5677 1162 5730 illud
1208 5677 1401 5731 lloratii
1437 5694 1450 5730 :
1491 5676 1643 5729 Totus
1685 5688 1810 5730 teres

1898 4511 2148 4563 quantum
2181 4502 2314 4551 valet
2356 4501 2574 4561 laborat,
2606 4511 2657 4549 ut
2695 4515 2740 4552 et
2773 4501 2949 4552 sedent
2995 4510 3139 4564 paret
3169 4507 3436 4548 aeternam.

1902 4570 2008 4623 Ncc
2040 4573 2238 4636 ξαν-αυξτ,
2271 4570 2366 4619 hoc
2393 4580 2490 4625 cst,
2521 4569 2605 4620 ille
2632 4569 2784 4620 ctiam
2827 4569 3074 4619 ascendet
3106 4569 3152 4615 in
3185 4571 3436 4637 montem,

1900 4645 1984 4705 qui
2011 4640 2203 4708 juravit
2244 4639 2476 4704 proximo
2505 4653 2630 4699 suo,
2661 4637 2795 4704 quod
2840 4650 2979 4699 saepe
3024 4647 3233 4708 necesse
3264 4643 3342 4708 est
3387 4644 3436 4708 tu

1902 4697 2144 4763 linttianis
2186 4697 2538 4760 contraetilttts
2569 4697 2719 4769 liert',
2771 4724 2869 4756 non
2904 4697 3090 4774 juravit
3121 4700 3312 4774 irtdolo
3339 4740 3352 4761 ,
3387 4697 3436 4747 id

1902 4792 2000 4841 est,
2033 4794 2132 4830 non
2162 4778 2385 4838 decepit.
2437 4777 2498 4828 Et
2523 4776 2602 4826 Itic
2634 4778 2748 4827 talis
2776 4771 2986 4840 accipiet
3011 4771 3396 4822 benedictionem
3422 4805 3436 4826 ,

1904 4851 1951 4901 id
1984 4858 2082 4904 est,
2116 4846 2593 4911 multiplicationem
2622 4862 2651 4895 α
2683 4843 2913 4902 Domino,
2951 4843 3103 4911 hanc,
3135 4841 3349 4911 scilicet,
3385 4844 3440 4883 ιιι

1905 4920 1952 4967 itt
1989 4917 2231 4981 praesenti
2265 4909 2394 4967 bene
2424 4924 2798 4981 promereatur,
2827 4922 2877 4963 et
2906 4911 2956 4962 iit
3000 4910 3170 4961 lttturo
3189 4909 3328 4981 bene
3360 4919 3441 4981 re-

1904 4978 2239 5047 linqueretur;
2265 4998 2312 5035 et
2339 4978 2434 5034 hoc
2459 5001 2558 5034 non
2582 4998 2640 5034 ex
2671 4983 2888 5044 meritis,
2923 4982 3012 5032 sed
3037 4995 3096 5031 ex
3124 4978 3230 5029 sola
3256 4978 3438 5039 gratia.

1903 5070 2019 5118 quia
2050 5057 2264 5118 accipiet
2291 5053 2674 5104 misericordiam
2697 5069 2726 5101 a
2758 5050 2878 5108 D.o.
2905 5052 2951 5102 izl
2978 5059 3075 5108 est,
3106 5048 3218 5110 quia
3252 5055 3443 5109 prince-

1904 5125 1993 5175 dct
2021 5126 2148 5174 bona
2185 5126 2421 5172 voluntas
2455 5122 2542 5173 Dei
2574 5123 2620 5172 in
2655 5138 2738 5177 eo,
2771 5121 3001 5190 nictantia
3034 5119 3167 5190 ejus,
3193 5126 3307 5190 qua:
3338 5124 3438 5160 non

1906 5209 1968 5245 ex
2001 5192 2197 5243 meritis
2225 5202 2324 5251 est,
2361 5192 2452 5242 sed
2485 5205 2510 5241 a
2546 5191 2670 5245 Deo.
2699 5192 2740 5242 Α
2787 5191 2887 5241 ί)σο
2916 5189 3030 5240 ιΙὶου
3068 5187 3275 5236 ,ςαίυιωνᾱ
3309 5189 3397 5229 suo
3424 5218 3440 5241 ,

1908 5264 1954 5312 id
1997 5271 2107 5320 est,
2151 5261 2236 5327 qui
2282 5265 2567 5312 Secundum
2616 5251 3442 5327 tttisericurtliatupt‘eccedeﬂlem

1908 5329 2128 5382 salvabit
2173 5326 2294 5380 eum
2345 5344 2437 5394 per
2486 5330 2831 5394 supradictam
2886 5326 3356 5395 ltetledlclltmculi.
3390 5327 3444 5368 et

1909 5400 2024 5451 ideo
2049 5399 2267 5450 salvabit
2297 5414 2437 5455 eum,
2468 5412 2588 5464 quia
2617 5397 2722 5450 Iuro
2744 5397 2998 5465 generatio
3025 5401 3092 5444 est
3121 5398 3445 5467 quaerentium

1909 5484 2015 5519 eum
2042 5482 2058 5528 ,'
2091 5469 2136 5517 id
2165 5475 2284 5518 est:
2319 5467 2447 5518 tales
2489 5477 2611 5518 sntit
2640 5468 2704 5519 de
2734 5469 2812 5518 bis
2841 5483 2926 5535 qni
2959 5470 3191 5528 quacrqu
3232 5474 3281 5508 tn
3313 5472 3444 5535 pra:-

1910 5540 2041 5590 seuti
2075 5538 2241 5601 ipsum
2280 5535 2554 5588 Dominum
2588 5553 2678 5602 per
2703 5529 2939 5588 lideui’et
2969 5536 3155 5584 bonam
3187 5529 3446 5602 operatio-

1913 5622 2055 5665 nem,
2087 5616 2137 5657 et
2175 5606 2377 5656 tandem
2409 5601 2697 5657 inveniunt.
2731 5604 2874 5667 Quod
2904 5619 2929 5653 s
2950 5618 2978 5653 c
3008 5604 3130 5652 dn-it
3157 5618 3166 5650 :
3199 5601 3442 5662 Qutrren-

1917 5677 2036 5730 tiuttt
2063 5676 2200 5743 dico,
2233 5684 2285 5748 et
2312 5675 2515 5728 tandem
2543 5673 2914 5728 iuvenieutium
2947 5674 3122 5741 facient
3151 5689 3194 5726 e:
3226 5672 3440 5728 unuscu-
