3912 6230
486 322 584 374 CO7

482 425 584 494 nne
606 433 742 501 enim
772 441 1042 501 peccatum
1059 447 1207 486 suum
1226 445 1440 498 parvum
1464 437 1565 489 est,
1585 428 1722 480 illius
1747 435 2010 501 pec-catum
2047 432 2086 483 Α

483 499 620 571 apud
654 498 814 554 Deum
846 518 1084 570 magnum
1117 513 1230 563 est;
1263 503 1393 551 sicut
1423 514 1452 551 e
1472 508 1654 548 contra
1676 498 2014 571 quandocuu-

487 565 590 637 q'ue
617 585 886 636 peceatum
921 565 1070 623 suum
1103 571 1254 622 alicui
1280 584 1521 632 tuagnum
1551 576 1660 624 est,
1689 565 1824 630 apud
1860 565 2019 616 Deum

493 636 702 707 parvum
749 651 847 694 est.
891 641 1039 693 Unde
1064 640 1189 692 dicit
1234 639 1415 689 beatus
1443 636 1803 700 Augustinus:
1843 651 1860 683 ι
1895 637 2026 698 Quia

486 721 705 760 eatenus
732 710 867 761 Deus
896 709 1113 776 ignoscit
1143 717 1374 774 pecvata,
1401 715 1655 776 quatenus
1687 707 1906 769 quisque
1936 718 2027 753 co-

489 779 690 844 gnoscit
730 793 810 830 ca.
846 796 864 829 ι
907 772 968 830 Et
990 780 1048 828 ad
1080 772 1199 830 Sani
1230 772 1429 827 dictum,
1453 787 1532 844 est
1563 791 1573 823 :
1603 772 1726 844 Cum
1754 787 1882 844 esses
1914 789 2027 833 pur-

486 841 627 895 eulus
661 846 715 896 in
764 848 920 898 oculis
950 850 1068 908 tuis,
1111 860 1323 911 magnus
1347 859 1455 896 eras
1484 842 1533 893 in
1565 843 1720 894 oculis
1742 841 1896 900 meis;
1918 857 2028 890 cum

488 925 654 964 autent
696 932 906 984 magnus
943 934 1045 968 esse
1081 914 1281 984 coepisti
1306 915 1356 964 in
1386 913 1543 984 oculis
1597 912 1694 962 tuis
1719 951 1732 970 ,
1793 911 2030 984 paruulus

489 984 649 1037 lactus
681 1000 732 1036 es
778 979 832 1036 in
872 987 1028 1036 oculis
1071 985 1208 1034 meis.
1243 981 1315 1035 Ne
1338 981 1552 1046 quilibet
1602 987 1819 1040 erraret,
1850 979 2030 1031 dicens

493 1051 770 1104 Dominum
810 1055 905 1105 sibi
939 1053 1045 1105 lore
1075 1051 1349 1116 propitium
1373 1089 1388 1111 ,
1422 1050 1538 1115 quia
1587 1049 1800 1099 inultum
1851 1047 1917 1099 sit
1981 1049 2028 1099 ei

491 1133 759 1187 peccatum
785 1138 958 1183 suum,
991 1123 1098 1174 vult
1121 1126 1278 1175 certis
1308 1120 1472 1184 signis
1496 1118 1772 1188 ostendere
1799 1118 1912 1182 quis
1943 1117 2030 1168 ilte

488 1190 657 1241 sitCui
688 1207 805 1244 vere
837 1202 1101 1256 peccatum
1152 1205 1301 1241 suum
1345 1190 1412 1240 sit
1442 1187 1680 1245 multum,
1713 1189 2034 1256 prtetnittens

489 1259 587 1329 sub
610 1254 1046 1329 iiiterri-g’at'Oue:
1067 1261 1193 1322 Quis’
1214 1269 1285 1310 est
1308 1258 1452 1329 horno
1466 1257 1545 1321 qui
1568 1254 2033 1329 timet-Dominum?

489 1326 639 1390 Quod
666 1324 1060 1395 :equipollenter
1084 1330 1278 1379 dictqu
1333 1344 1343 1376 :
1396 1326 1520 1395 Quis
1569 1332 1650 1374 est
1681 1324 1765 1374 ille
1796 1324 1876 1395 eui
1909 1339 2034 1395 vere

492 1392 927 1461 peceaturiisuntn
957 1399 1156 1450 videtur
1182 1396 1433 1448 multum?
1462 1394 1616 1444 timor
1636 1395 1771 1444 enim
1807 1392 2031 1456 Domini,

491 1465 578 1530 qni
607 1466 776 1518 lilialis
816 1475 915 1528 est,
966 1481 1067 1518 non
1099 1467 1332 1526 servilis,
1391 1463 1509 1514 lat-it
1557 1473 1826 1527 peccatum
1873 1463 2033 1514 videri

496 1537 745 1599 inultum,
779 1535 1157 1603 quantumlibet
1188 1533 1470 1603 modicum.
1523 1531 1583 1603 Et
1633 1531 1808 1603 subdit
1858 1535 2032 1603 statim

489 1603 693 1668 signum
726 1600 954 1657 timentis
981 1605 1254 1656 Dominum
1285 1601 1486 1662 dicens,
1520 1600 1573 1651 ei-
1599 1600 1802 1651 scilicet
1831 1600 2036 1651 titnenti

493 1670 788 1738 Dominum,
819 1675 992 1726 statuit
1021 1674 1132 1739 ipse
1165 1671 1405 1724 Dominus
1436 1669 1611 1739 legem,
1643 1668 1692 1739 id
1723 1679 1823 1729 est,
1867 1676 2032 1739 stato-

964 321 1160 378 ΒΕὒᾸε]
1202 316 1638 373 VENERABILIS
1678 314 1821 369 OPP.
1867 312 2038 367 PARS
2079 313 2140 367 ll.
2182 313 2369 367 SECT.
2409 314 2472 367 ll.
2512 341 2578 353 —-
2619 312 2817 368 DUBIA
2860 311 2942 366 ET
2984 300 3250 365 SPURIA.

3590 307 3708 358 608

2194 425 2321 478 Vide
2357 426 2683 476 humilitatem
2715 440 2896 478 meum.
2947 423 3068 476 Ideo
3106 425 3266 476 debes
3313 438 3536 478 eruere.
3569 441 3701 484 quia

2125 511 2220 559 ego
2250 495 2455 546 humilis
2484 510 2622 555 sum,
2652 506 2703 547 et
2733 495 2912 545 laboro
2938 511 2950 552 ;
2984 507 3056 552 et,
3089 508 3140 544 ιιι
3167 508 3350 552 eruas.
3382 496 3498 544 vida
3523 494 3706 545 lium:-

2126 566 2313 616 litatem
2341 581 2513 615 meam.
2548 564 2595 615 irl
2627 573 2723 624 est,
2758 563 2972 615 attende
3002 564 3352 627 dejrclionini
3402 563 3702 614 inﬁrmita-

2130 633 2193 682 tis
2224 646 2369 690 meo.
2397 644 2441 684 et
2472 633 2688 684 laborem
2720 649 2901 692 meum,
2945 647 3096 696 quem
3133 631 3300 697 patior
3336 633 3464 681 dum
3497 635 3701 682 suntm

2126 704 2446 754 satisl'acere.
2482 701 2569 752 Vel
2625 703 2776 753 video
2833 703 3173 752 humilitatem
3233 715 3430 757 meam,
3491 701 3544 751 iit
3588 715 3696 763 est,

2128 773 2422 828 Considera.
2455 772 2572 836 quia
2605 788 2688 824 me
2711 771 2923 823 humilio
2953 784 3052 821 non
3083 771 3446 833 abrumpendo
3479 786 3570 821 me
3602 786 3697 832 per

2129 837 2348 904 aliquam
2375 839 2677 906 ja'ctantiatu
2703 838 2915 905 justitize
2947 839 3012 890 ab
3042 839 3241 888 unitate
3268 840 3515 903 corporis
3561 842 3694 900 mei,

2127 911 2261 960 sicut
2292 907 2519 960 haeretici
2570 909 2802 967 iaciunt;
2831 917 2884 958 ct
2913 907 3028 958 vide
3061 907 3292 958 laborem
3329 923 3538 967 meum,
3572 911 3695 968 quia

2130 976 2541 1041 indiscipliuatos
2580 987 2633 1029 et
2664 975 2827 1028 malos
2858 973 2984 1027 mihi
3019 976 3296 1042 permistos
3321 979 3514 1041 patior.
3545 977 3699 1028 Sient

2130 1046 2269 1096 enim
2304 1049 2352 1097 iri
2382 1059 2502 1096 arca
2533 1046 2685 1096 simul
2720 1053 2840 1096 sunt
2879 1048 3038 1109 palea:
3073 1053 3125 1095 et
3152 1059 3342 1111 grana,
3377 1046 3454 1097 sic
3497 1047 3548 1096 in
3593 1046 3695 1097 Ec-

2131 1114 2290 1165 clesia
2324 1114 2444 1165 mali
2477 1115 2625 1166 bonis
2653 1115 2884 1179 permisti
2920 1123 3059 1167 sunt.
3094 1111 3155 1164 Et
3186 1114 3381 1166 dimitte
3409 1115 3541 1167 mihi
3574 1120 3694 1165 uui-

2130 1197 2272 1234 νει-δα
2318 1182 2500 1234 delicta
2531 1200 2657 1248 mea,
2691 1198 2823 1248 qum,
2867 1182 2960 1233 scil
2988 1191 3089 1240 eet,
3139 1191 3190 1234 et
3241 1184 3565 1235 necessitate
3599 1186 3697 1235 viae

2132 1252 2424 1304 committo.
2483 1252 2626 1304 Licet
2655 1252 2793 1303 enim
2845 1251 3069 1316 perlecta
3120 1252 3186 1303 sit
3216 1253 3418 1314 anima,
3454 1269 3576 1320 qum
3611 1255 3693 1301 hit;

2135 1321 2361 1384 loquitur
2411 1321 2645 1373 absoluta
2698 1336 2725 1370 τι
2776 1321 3057 1387 majoribus
3103 1320 3449 1382 criminibus,
3507 1336 3689 1374 tamen

2133 1390 2302 1440 adhuc
2347 1389 2544 1457 indiget
2589 1390 2847 1442 lavatione
2897 1391 3106 1454 pedmn,
3140 1391 3188 1441 id
3231 1400 3336 1452 est,
3367 1394 3691 1443 remissione

2135 1459 2396 1509 venalium
2432 1471 2784 1525 peccatorum.
2819 1459 2946 1523 Qttia
2993 1458 3442 1526 quemadmodum
3488 1462 3533 1514 si
3571 1461 3688 1522 quis

2138 1541 2229 1596 per
2258 1529 2520 1593 pulverem
2565 1530 2817 1596 graditur,
2865 1541 3074 1580 necesse
3097 1537 3177 1580 est
3218 1537 3276 1580 ut
3305 1531 3492 1581 saltem
3527 1531 3689 1596 pedes

2137 1592 2252 1660 cjus
2293 1592 2723 1661 impulvereirtur,
2771 1611 2905 1663 quos
2953 1597 3126 1650 lavare
3173 1612 3390 1650 necesse
3444 1592 3557 1660 est;
3616 1605 3686 1651 sic

2138 1664 2376 1731 quisquis
2421 1665 2472 1717 in
2519 1667 2614 1718 hac.
2647 1668 2769 1727 vita,
2795 1681 2909 1732 qua:
2939 1665 3312 1728 pulverulenta:
3345 1668 3441 1720 vim:
3469 1684 3688 1735 compa-

490 1739 640 1802 riatn,
673 1737 783 1795 non
807 1737 1090 1803 liorariatn,
1119 1741 1237 1794 fecit
1265 1739 1313 1792 ei
1345 1739 1508 1805 legem
1540 1738 1587 1804 in
1623 1738 1719 1800 via,
1753 1753 1905 1799 quam
1941 1737 2030 1789 ille
2069 1747 2109 1804 Β
2139 1743 2304 1796 ratur,
2350 1745 2708 1797 conversatur,
2759 1744 3216 1805 quantumcunque
3268 1737 3529 1802 perlectus
3582 1740 3689 1798 sit;

490 1821 677 1874 sponte
693 1825 783 1862 sua
802 1809 974 1876 elegit,
1002 1828 1064 1862 ne
1088 1813 1297 1878 impune
1317 1817 1574 1878 peccaret.
1592 1807 1701 1859 NOII
1725 1808 1861 1858 enim
1879 1806 2035 1878 decet

492 1878 683 1931 milites
707 1879 910 1932 Domini
932 1893 1049 1934 esse
1075 1877 1329 1932 liorarios.
1355 1877 1624 1943 Arcipitnr
1650 1884 1821 1933 autem
1844 1877 1922 1927 via
1949 1877 2034 1928 hic

489 1958 578 2017 aut
609 1953 780 2017 regula
813 1949 1220 2002 Christianitatis
1262 1949 1433 2017 large,
1465 1955 1550 1996 aut
1579 1949 1737 2017 etiam
1767 1947 2035 2017 quretiliet

489 2015 716 2068 strictior
747 2019 876 2071 inlra
904 2020 1090 2086 ipsam,
1121 2028 1175 2072 ut
1197 2015 1484 2070 mouastica
1512 2015 1591 2067 vel
1615 2015 1883 2067 ercinilica
1906 2017 2033 2078 vita,

493 2086 570 2136 vel
594 2086 785 2151 aliquid
819 2089 946 2140 tale.
2031 2097 2037 2103 ’

563 2156 740 2208 Anima
766 2159 877 2224 ejus
898 2159 947 2209 in
966 2158 1103 2208 bonis
1131 2155 1488 2208 demorabitur.
1513 2153 1661 2207 Aliud
1688 2155 1806 2204 item
1825 2153 2034 2224 signum

491 2222 724 2278 timentis
743 2222 1038 2285 Dominum,
1064 2227 1282 2286 scilicet,
1313 2225 1450 2290 quod
1481 2227 1648 2275 anima
1676 2224 1781 2289 ejus
1806 2223 2038 2274 demora-

488 2296 641 2357 bitur,
677 2296 724 2347 id
753 2306 861 2358 est,
909 2298 1061 2349 valde
1094 2297 1405 2356 morabitur,
1450 2303 1501 2346 et
1549 2306 1757 2358 semper
1808 2295 2038 2344 mani-bit

494 2362 541 2412 in
591 2364 739 2417 bonis
769 2367 1062 2429 desideriis,
1116 2365 1341 2422 scilicet,
1397 2371 1451 2416 et
1497 2360 1914 2427 cogitationibus.
1975 2361 2036 2412 Et

489 2447 656 2482 semen
685 2439 792 2499 ejus
811 2474 823 2491 .
859 2436 905 2486 id
934 2445 1013 2487 est
1038 2473 1050 2496 ,
1080 2447 1238 2499 opera
1277 2437 1392 2500 ejus
1423 2430 1804 2482 litcrediluliuut
1831 2443 2032 2491 terrain,

493 2500 542 2550 id
575 2509 673 2561 est,
707 2505 1185 2556 excolenbcarueni
1212 2503 1330 2570 ejus
1352 2503 1417 2552 ita
1443 2501 1744 2567 diligenter,
1776 2500 1907 2570 sicut
1939 2501 2034 2551 ali-

489 2572 605 2635 quis
633 2573 828 2624 excolit
863 2569 1249 2632 liwrcditatem,
1275 2572 1614 2639 exstirpanda
1638 2611 1650 2633 ,
1680 2569 1937 2630 videlicet,
1970 2585 2034 2623 ex

488 2655 547 2710 ea
569 2643 746 2710 smnus
774 2651 827 2694 et
859 2644 1096 2705 tribulos,
1130 2656 1260 2710 quos
1286 2643 1426 2709 prius
1449 2639 1716 2710 generavit
1747 2641 1817 2701 ei,
1851 2640 1898 2690 id
1930 2650 2030 2700 est,

488 2708 646 2771 vitia,
694 2723 748 2762 ut
799 2711 848 2763 in
882 2711 1054 2765 futuro
1087 2708 1248 2777 ipéam
1289 2708 1629 2762 'clarilicatam
1678 2709 2034 2759 haereditatem

493 2778 726 2843 recipiat.
763 2779 962 2833 Rursus
1012 2784 1156 2847 ponit
1200 2780 1405 2846 signant
1452 2779 1683 2829 timentis
1736 2777 2032 2838 Dominum,

489 2864 606 2896 cum
639 2850 761 2900 diett
789 2853 1035 2902 Dominus
1064 2865 1076 2900 :
1110 2850 1353 2900 Dominus
1380 2857 1450 2900 est
1472 2848 2038 2912 [irritamentumtimene

491 2918 622 2967 tibus
653 2934 784 2981 eum,
836 2920 885 2970 id
911 2931 1023 2983 est,
1059 2919 1308 2971 Dominus
1349 2918 1471 2971 facit
1501 2925 1556 2968 ut
1605 2919 1846 2969 timentes
1891 2931 2032 2981 eum,

493 2985 661 3046 ipsum
695 2988 1078 3042 liunanientuui
1125 2990 1370 3052 habeant,
1407 3004 1507 3040 non
1556 2987 1806 3038 tuundum
1853 2987 2033 3037 videli-

490 3063 592 3115 cet,
628 3057 750 3110 lacit
778 3070 831 3112 nt
853 3061 900 3112 in
933 3075 990 3112 se
1016 3061 1397 3111 conlirmcnlur
1426 3067 1478 3108 et
1513 3057 1709 3107 mundo
1760 3056 2028 3106 iulirmen-

492 3135 598 3182 tur.
637 3127 698 3178 lit
722 3139 1070 3180 testamentum
1095 3129 1278 3196 ipsius,
1309 3129 1356 3177 id
1384 3136 1483 3184 cst,
1515 3136 1723 3196 :t'tcrtne
1757 3124 2030 3177 il-t'l'etllitl-

491 3199 557 3246 tis
585 3235 598 3257 ,
643 3201 920 3262 promissio
951 3201 1082 3249 lacla
1111 3197 1177 3248 ab
1210 3201 1320 3263 ιι)ιο
1363 3207 1452 3258 ρει,
1477 3195 1632 3246 etiam
1661 3195 2033 3261 ﬁrmamentum

493 3266 777 3317 timentibus
806 3284 937 3328 eum,
970 3268 1016 3317 id
1046 3275 1148 3327 est,
1200 3281 1354 3317 causa
1385 3279 1463 3318 est
1488 3279 1581 3316 cur
1630 3268 1872 3318 timentes
1918 3282 2032 3315 ειιιιιι

494 3346 560 3385 ιιει
596 3339 810 3389 tirnnter
864 3338 911 3390 ei
969 3338 1305 3392 adhaereant:
1372 3345 1425 3388 et
1492 3337 1589 3387 hoc
1627 3343 1708 3386 est
1755 3336 1830 3386 eis
1862 3337 2035 3384 lirina-

496 3414 724 3457 utentum
800 3406 1045 3459 Dominus
1119 3416 1170 3458 et
1225 3414 1568 3458 testamentum
1628 3407 1776 3471 ejus,
1826 3414 1878 3453 ut
1926 3413 2038 3454 tan-

491 3476 608 3526 dem
650 3476 726 3527 Vcl
759 3476 924 3541 ipsum
968 3485 1336 3530 testamentum
1367 3474 1715 3538 manifestatur
1751 3471 1873 3530 ills,
1917 3487 2034 3523 cum

494 3543 661 3607 ipsum
734 3550 1066 3612 su~cip3eut,
1134 3545 1215 3594 vel
1258 3547 1369 3609 ipse
1435 3541 1685 3594 Dominus
1752 3542 2035 3607 manifeste-

493 3625 574 3664 tur
629 3615 728 3666 illis
788 3611 917 3667 l‘aci’e
974 3619 1036 3664 ad
1088 3613 1296 3671 l'acieni,
1361 3611 1502 3678 juxta
1565 3611 1702 3676 quod
1746 3613 1853 3678 ipse
1911 3613 2037 3664 dicit

497 3686 546 3732 in
589 3683 869 3748 Evangelia
912 3703 922 3734 :
969 3684 1076 3752 Ego
1118 3684 1328 3750 diligam
1365 3697 1511 3743 eum,
1555 3691 1601 3732 et
1639 3683 1962 3751 mamfestabo
1992 3683 2037 3735 ei

492 3766 569 3803 me
600 3768 781 3819 lpﬂtltl.

569 3821 713 3873 (lculi
742 3823 838 3876 mei
861 3838 1050 3892 semper
1076 3823 1142 3874 ad
1173 3821 1456 3874 Dominum.
1496 3822 1644 3888 Quia~
1677 3821 1926 3892 Dominus
1977 3823 2040 3873 ti-

499 3891 760 3961 mentibus
787 3907 845 3944 se
874 3891 1054 3946 statuit
1088 3894 1276 3961 legem,
1312 3903 1362 3945 et
1394 3893 1535 3959 ipsos
1563 3891 1836 3942 conﬁrmat
1859 3930 1872 3952 ,
1922 3893 2039 3944 ideo

497 3960 772 4015 interiores
803 3963 938 4016 oculi
965 3966 1080 4026 mai,
1117 3960 1163 4016 id
1195 3973 1312 4025 est,
1343 3976 1527 4014 omnes
1557 3961 1810 4013 :ili'eetiou-
1834 3978 1858 4012 s
1887 3977 2036 4025 int-:2,

494 4045 686 4097 semper
719 4035 936 4086 tendunt
966 4034 1031 4085 ad
1065 4034 1351 4095 Dominum,
1386 4046 1487 4082 non
1528 4029 1592 4082 ad
1633 4031 1842 4094 aliquod
1877 4041 2040 4083 terre-

497 4114 641 4162 ntun,
674 4101 736 4153 ad
759 4117 911 4169 quem
939 4103 1125 4155 merito
1157 4113 1397 4167 spectare
1425 4102 1613 4153 debeo.
1650 4099 1895 4162 Quoniam
1935 4101 2042 4164 ipse

493 4171 641 4238 pedes
670 4186 804 4223 meos
827 4173 1022 4231 ereltrt.
1057 4173 1103 4224 id
1135 4181 1235 4231 est,
1286 4171 1589 4221 ali'et-tiones
1622 4183 1765 4238 nicas
1801 4171 2041 4222 extrahet

495 4237 556 4290 de
584 4241 780 4307 laqueo.
813 4242 863 4295 id
892 4253 990 4308 est,
1024 4242 1088 4294 de
1117 4242 1257 4293 οιιιιιι
1286 4249 1489 4291 terrena
1517 4237 1880 4304 perplexitate,
1915 4254 2038 4306 qua:

496 4323 590 4379 nos
617 4311 880 4379 illaqueat‘.

565 4375 775 4444 Respice
803 4383 853 4433 in
876 4398 950 4432 me
977 4390 1020 4431 et
1051 4381 1278 4431 miserere
1303 4379 1413 4430 mei.
1451 4375 1541 4430 Hic
1571 4377 1778 4438 iterum,
1810 4375 2037 4444 interpo-

497 4447 688 4500 sitione
717 4450 870 4510 facta,
904 4450 1036 4501 redit
1065 4449 1127 4501 ad
1150 4449 1450 4515 principale,
1478 4456 1531 4500 et
1560 4447 1637 4499 sic
1663 4447 1994 4499 continuatur
2020 4466 2032 4502 :

497 4519 628 4582 Quia
652 4527 917 4582 peceatum
940 4533 1113 4569 meum
1131 4519 1252 4568 mihi
1273 4519 1489 4569 inultum
1513 4527 1611 4573 est.
1637 4517 1773 4573 ideo.
1796 4517 2031 4581 Domine,

493 4589 581 4648 qui
631 4587 680 4638 itt
730 4585 893 4638 Adam
942 4587 1222 4647 deSpexisti
1252 4602 1353 4649 tne,
1387 4589 1573 4650 ωριτε
1612 4587 1664 4637 in
1703 4603 1797 4648 me,
1847 4587 1893 4637 id
1933 4599 2031 4648 est,

495 4656 708 4710 attende
736 4656 1087 4709 iulirmitatetu
1116 4671 1303 4718 ineant,
1332 4665 1377 4706 et
1398 4655 1628 4706 ntisewre
1658 4657 1771 4708 mei,
1801 4654 2037 4706 faciendo

497 4741 580 4778 tne
608 4741 980 4793 perseverare;
1012 4741 1057 4778 et
1097 4725 1254 4776 debes
1291 4725 1549 4778 misereri.
1581 4726 1697 4777 auia
1737 4741 1825 4789 ego
1866 4726 2038 4775 unicus

495 4811 625 4857 sunt,
662 4796 710 4847 id
756 4807 856 4860 est,
891 4797 1026 4850 unici
1058 4794 1147 4846 lilii
1184 4794 1402 4848 alTet'tio.
1429 4811 1478 4850 e,
1525 4794 1608 4857 qui
1641 4793 1774 4842 sicut
1816 4803 2037 4843 nine-Ire

501 4862 653 4914 unice
691 4864 942 4932 diligitur,
977 4869 1042 4917 ita
1085 4881 1197 4918 eam
1231 4867 1379 4916 unice
1410 4863 1759 4932 diligi-,_ITI'ga
1784 4871 1831 4912 lc
1873 4861 2037 4912 habito

502 4942 695 5005 tue,_et
741 4929 859 5000 quia
898 4952 1009 4986 sum
1040 4952 1248 5005 pauper,
1289 4936 1337 4988 id
1371 4945 1470 5005 est,
1514 4929 1637 4984 nihil
1679 4931 1799 5005 mihi
1831 4933 2037 4982 ascribo

498 5000 580 5072 vel
609 5001 674 5054 de
706 5018 786 5054 me
806 5000 1084 5066 ptatsumo,
1113 5000 1163 5056 et
1190 5021 1319 5072 opus
1346 5004 1496 5054 valde
1525 5011 1603 5052 est
1634 5011 1688 5051 nt
1721 5003 2033 5072 miserearis,

497 5071 616 5138 quia
651 5073 994 5125 tribulatione:
1025 5077 1183 5126 contis
1207 5071 1299 5125 mei
1320 5072 1662 5140 multiplica/te
1689 5081 1822 5131 situt,
1859 5071 1906 5121 id
1936 5082 2034 5133 est,

499 5140 620 5206 quia
667 5157 925 5209 cognosco
966 5145 1325 5194 tribulationes
1360 5143 1533 5194 cordis
1579 5141 1677 5192 mei
1725 5142 2038 5207 tuu-liplices

502 5221 622 5263 esse
653 5211 701 5263 in
735 5213 1066 5271 adversitate,
1097 5211 1314 5273 εειιιερι,
1349 5220 1400 5260 et
1441 5210 1489 5261 in
1524 5210 1890 5276 pro.~peritate,
1915 5214 2034 5276 quia

503 5288 604 5331 tam
636 5283 792 5335 timeo
821 5298 996 5334 casum
1031 5278 1412 5346 prosperitatis,
1444 5294 1595 5340 quam
1628 5295 1803 5330 casum
1849 5281 2035 5331 adver-

499 5347 684 5414 silatis,
719 5362 772 5405 et
800 5354 916 5404 ideo
955 5368 1069 5403 true
1097 5365 1174 5401 me
1202 5352 1262 5399 de
1293 5347 1657 5398 necessi'atibus
1687 5351 1825 5409 meis,
1859 5350 1905 5401 id
1935 5359 2034 5408 est,

501 5419 918 5474 tiibulaliouihus
965 5418 1162 5484 cordis,
1199 5419 1299 5472 hoc
1341 5418 1512 5470 estde
1560 5417 1719 5468 vitiis.
1753 5421 1877 5482 Qua:
1923 5421 2039 5472 ideo

500 5487 739 5556 dicuntur
787 5493 1147 5551 necessitates,
1197 5490 1315 5556 quia
1349 5500 1564 5556 necesse
1614 5497 1692 5538 est
1733 5495 1788 5539 ut
1818 5489 2039 5556 quisque

501 5554 748 5613 deﬁciens
783 5576 810 5613 a
841 5563 1078 5621 veritate,
1112 5554 1263 5612 cadat
1304 5560 1354 5610 in
1382 5555 1682 5615 lalsitatein,
1711 5566 1764 5610 et
1790 5572 1816 5608 a
1839 5554 1957 5611 luce
1990 5560 2038 5608 in

503 5627 763 5750 poeta-as,
796 5641 850 5684 ct
876 5646 902 5684 ει
948 5627 1137 5698 gaudio
1166 5629 1413 5683 virtutum
1456 5627 1506 5680 in
1547 5627 1932 5682 tribulationem
1964 5629 2037 5681 vi-

526 5708 707 5748 turum.

526 5708 707 5748 turum.

2063 4422 2112 4480 D

2140 1816 2240 1853 n0n
2275 1815 2444 1856 tamen
2470 1806 2672 1871 penitus
2696 1805 2760 1856 ab
2783 1803 2922 1856 omni
2949 1816 3164 1871 peccato
3195 1805 3444 1857 immunis
3469 1808 3646 1858 exis-iit
3670 1847 3683 1868 ,

2138 1881 2186 1923 el
2220 1873 2336 1923 ideo
2363 1875 2547 1926 saltem
2574 1874 2833 1926 lavatione
2857 1874 3039 1939 pedum
3067 1874 3282 1941 indiget.
3315 1874 3463 1926 Unde
3485 1877 3683 1927 dictum

2137 1953 2218 1993 est
2249 1959 2259 1992 :
2297 1947 2389 2005 Qui
2421 1947 2552 1996 lotus
2579 1956 2648 1997 est
2681 1954 2832 2005 totus,
2862 1960 2959 1996 nan
2988 1945 3173 2012 indiget
3213 1944 3309 1994 nisi
3339 1955 3391 1996 ut
3425 1948 3571 2007 pedes
3604 1950 3686 1996 la-

2137 2019 2229 2062 ΓΜ.

2213 2079 2418 2147 Respice
2457 2083 2680 2134 inimicos
2718 2099 2871 2135 meos.
2905 2081 2982 2134 Ad
3014 2081 3148 2135 idem
3180 2081 3243 2134 ad
3272 2083 3413 2148 quod
3443 2092 3496 2136 et
3523 2099 3684 2148 supe-

2139 2150 2247 2202 rior
2278 2166 2462 2203 versus
2500 2154 2852 2204 continuatur.
2885 2151 3039 2216 Quasi
3072 2152 3246 2203 dicat:
3303 2155 3369 2205 l_‘t
3398 2167 3552 2206 eruas
3579 2170 3683 2209 me.

2140 2220 2342 2285 respice
2382 2220 2623 2273 inimicos
2671 2235 2834 2282 tuens,
2867 2221 2954 2288 qui
2985 2235 3068 2273 me
3109 2222 3372 2275 devocare
3405 2226 3605 2278 volunt.
3635 2235 3685 2273 el

2139 2289 2362 2350 repellas
2390 2303 2504 2342 eos.
2535 2290 2682 2357 Quod
2717 2305 2930 2344 necesse
2959 2300 3038 2342 est
3059 2333 3070 2350 ,
3099 2292 3336 2358 quoniam
3368 2293 3684 2355 multiplicati

2137 2366 2275 2423 sunt,
2309 2358 2429 2424 quia
2463 2375 2563 2412 nou
2595 2369 2796 2413 tantum
2824 2360 3166 2424 extrinsecus,
3193 2362 3284 2412 sed
3312 2363 3470 2413 etiam
3504 2362 3684 2411 ιιιιτὶιιο

2136 2439 2288 2478 secus
2316 2437 2438 2480 sunt
2482 2430 2616 2483 sicut
2649 2430 2897 2494 haeretici,
2944 2430 3054 2496 qui,
3081 2432 3213 2482 inter
3252 2429 3541 2482 Ecclesium
3575 2446 3682 2480 cxi-

2137 2505 2355 2558 stentes,
2403 2508 2622 2553 etcteros
2653 2508 2824 2552 tamen
2858 2501 2942 2567 qui
2994 2502 3042 2550 iu
3085 2515 3144 2552 ea
3186 2508 3311 2550 sunt.
3357 2500 3678 2550 lraudnlenta

2139 2569 2500 2635 persecutione
2552 2571 2808 2623 devocare
2857 2571 3105 2620 nituntur.
3158 2567 3228 2619 De
3273 2584 3341 2633 qu
3367 2569 3462 2620 luis
3488 2571 3678 2620 dictum

2137 2648 2214 2686 est
2233 2651 2248 2688 :
2269 2639 2312 2707 AA
2341 2639 2480 2689 nobis
2499 2641 2741 2694 exierunt.
2770 2639 2856 2707 qui
2881 2654 2912 2688 a
2938 2637 3075 2688 nobis
3102 2654 3200 2688 non
3227 2638 3454 2705 fuerunt.
3487 2639 3548 2689 Et
3571 2640 3680 2688 ideo

2140 2705 2396 2769 repellere
2425 2707 2587 2761 debes
2613 2705 2847 2761 inimicos
2877 2722 3043 2769 meos,
3072 2707 3157 2773 qui
3189 2708 3414 2759 oderunt
3443 2724 3528 2759 me
3574 2713 3679 2758 sine

2137 2787 2312 2826 causa.
2345 2775 2472 2828 Nam
2503 2778 2714 2830 oderunt
2749 2794 2825 2829 me
2851 2779 3019 2843 iniquo
3050 2778 3185 2829 odio.
3230 2777 3469 2841 Iniqumn
3512 2778 3678 2828 ιηΙιιιιιι

2136 2850 2236 2905 est,
2267 2845 2413 2897 odire
2438 2848 2581 2898 illtun
2613 2851 2695 2915 qni
2723 2850 2786 2899 ad
2819 2849 3037 2900 salutem
3062 2861 3210 2898 suam
3241 2846 3469 2898 laborat.
3500 2852 3674 2898 Unmts

2139 2927 2262 2966 vero
2295 2916 2556 2981 perlectus
2580 2929 2630 2973 et
2663 2921 2826 2970 bonus
2854 2919 2917 2969 ad
2949 2919 3180 2968 omnium
3227 2917 3508 2968 utilitatem
3546 2917 3679 2965 Ialm.

2142 2992 2243 3054 rat,
2286 2987 2403 3052 quia
2452 3003 2548 3054 pro
2576 2989 2818 3040 omnibus
2855 2995 2967 3038 orat
2995 3002 3008 3048 ;
3040 2997 3093 3038 et
3138 2987 3256 3038 ideo
3289 2987 3530 3053 quisquis
3578 2989 3679 3036 adst

2141 3053 2364 3120 aliquem
2394 3053 2603 3121 bonum,
2645 3069 2859 3110 exercet
2891 3058 3119 3122 iniquam
3144 3056 3347 3106 odium.

2207 3125 2412 3177 Custodi
2439 3132 2661 3180 animam
2688 3143 2870 3177 meam.
2907 3127 2967 3177 Et
2997 3128 3115 3191 quia
3148 3124 3344 3176 inimici
3387 3127 3486 3178 mei
3519 3129 3679 3179 multi-

2134 3195 2305 3264 plicati
2347 3207 2481 3255 sunt.
2523 3207 2576 3250 et
2623 3199 2798 3262 inique
2844 3211 2927 3247 me
2970 3198 3214 3257 oderunt,
3267 3195 3408 3257 ideo,
3447 3197 3672 3262 Dourne,

2133 3265 2329 3318 custodi
2361 3269 2580 3318 animum
2609 3283 2791 3328 meam,
2827 3280 2890 3317 ne
2920 3266 3142 3317 declinet
3173 3266 3223 3317 iii
3264 3268 3670 3318 (‘Olllurtllllalettt

2134 3349 2334 3396 eorum,
2361 3344 2405 3388 et
2435 3351 2552 3388 erue
2578 3353 2657 3389 me
2678 3337 2742 3389 ab
2770 3339 2910 3388 omni
2960 3339 3300 3399 perplexitate
3339 3337 3670 3387 cohabitantiu-

2138 3405 2217 3454 nis
2272 3405 2519 3471 ipsorum,
2567 3408 2785 3467 scilicet,
2836 3421 2901 3460 ne
2936 3408 3016 3458 vel
3063 3418 3324 3457 incurrant
3365 3416 3546 3456 contra
3593 3424 3673 3458 eos

2139 3474 2300 3525 latens
2320 3475 2530 3540 odium;
2561 3489 2613 3532 et
2641 3495 2740 3532 non
2768 3480 3072 3537 erubescam,
3109 3475 3156 3526 id
3187 3487 3289 3536 est,
3333 3490 3437 3524 non
3479 3482 3672 3537 patiaris

2138 3545 2261 3594 mihi
2292 3549 2525 3599 converti
2552 3549 2612 3600 ad
2638 3548 2955 3600 iulirmitalis
2977 3549 3423 3602 erubesmintiant,
3452 3547 3672 3612 quoniam

2137 3619 2256 3686 (pio
2283 3616 2441 3685 quod)
2469 3621 2660 3686 speravi
2700 3621 2751 3670 in
2778 3630 2839 3681 te,
2874 3633 2972 3668 non
3006 3617 3053 3665 in
3086 3615 3354 3686 ineasicm
3391 3617 3534 3680 prius
3568 3618 3674 3682 quia

2137 3683 2202 3734 de
2224 3699 2312 3754 me
2340 3683 2667 3754 pnesuuipsi,
2702 3690 2883 3740 irrisus
2913 3687 2977 3738 de
3001 3683 3239 3749 superbia
3274 3697 3387 3735 mea
3415 3686 3613 3736 erubui.

2211 3751 2521 3817 lnnocentes,
2573 3751 2624 3807 ιιι
2673 3758 2888 3824 reliqua.
2938 3754 3091 3820 Quasi
3137 3755 3277 3824 dieat
3309 3768 3340 3824 :7
3377 3756 3495 3819 Qun
3525 3758 3673 3808 tinctu

2142 3834 2259 3888 peto
2287 3837 2368 3873 me
2395 3825 2642 3878 custodiri
2671 3841 2696 3877 τι
2725 3823 2797 3890 te,
2827 3828 3063 3885 nomine.
3086 3834 3136 3875 et
3163 3823 3296 3874 erui.
3328 3823 3445 3877 lloe
3470 3826 3560 3876 srit
3585 3837 3674 3886 ενι,

2137 3897 2256 3957 quia
2285 3893 2570 3947 innocentes
2591 3905 2636 3946 ct
2666 3899 2801 3956 recti,
2835 3896 2882 3946 id
2913 3906 3010 3958 est,
3044 3893 3187 3953 boni,
3213 3893 3300 3957 qui
3327 3910 3427 3946 nec
3457 3898 3676 3958 ριωιιιιιιιι

2141 3972 2350 4025 nocent,
2401 3976 2448 4016 et
2480 3975 2620 4018 recta
2651 3980 2806 4032 Opera
2852 3974 3120 4027 exon-ent,
3147 3965 3522 4016 ~:ullnerebuut
3565 3966 3674 4015 nubi

2143 4044 2233 4096 per
2256 4033 2716 4087 conformationem
2740 4047 2790 4088 et
2809 4035 3061 4087 bonorum
3083 4047 3302 4100 operum
3321 4034 3674 4090 imitationem.

2140 4101 2258 4164 quia
2285 4103 2388 4167 jatn
2433 4104 2586 4156 etiam
2618 4105 2938 4157 adlimserunt
2964 4104 3106 4162 milii,
3134 4113 3186 4154 et
3218 4104 3315 4154 hoc.
3343 4119 3448 4156 non
3482 4117 3675 4170 propter

2142 4184 2246 4229 me,
2279 4171 2368 4221 sed
2400 4175 2513 4237 quia
2535 4175 2747 4225 sustinui
2773 4183 2840 4237 te,
2863 4175 2911 4226 id
2941 4183 3040 4232 est,
3067 4173 3184 4237 quia
3217 4185 3268 4224 et
3295 4190 3417 4225 cum
3443 4185 3671 4240 pain-nm

2144 4249 2191 4290 te
2223 4252 2662 4295 retnuneratoretu
2710 4244 3026 4312 exspectavi,
3057 4251 3108 4294 ct
3154 4244 3359 4307 pondus
3389 4251 3675 4312 praecepto-

2145 4324 2256 4359 rum
2302 4317 2504 4362 tuorum
2557 4312 2761 4378 pertuli.
2794 4311 2940 4378 Quod
2971 4323 3050 4361 ρει
3080 4311 3258 4363 dicere
3294 4329 3306 4361 :
3356 4311 3472 4362 Non
3521 4311 3673 4360 imita-

2148 4382 2339 4433 l.uutur
2377 4396 2458 4434 me
2486 4392 2695 4449 propter
2722 4381 2913 4450 aliquid
2949 4383 3086 4451 quod
3117 4397 3177 4434 ex
3212 4397 3295 4430 tne
3329 4381 3569 4432 habeam.
3602 4383 3669 4429 ιιι-1

2139 4466 2200 4501 ex
2234 4466 2317 4503 me
2348 4454 2550 4514 iaciant,
2586 4453 2676 4504 sed
2706 4451 3035 4504 solummodo
3067 4452 3116 4504 in
3152 4452 3252 4505 huc
3280 4465 3384 4516 quo
3417 4451 3585 4501 linitur
3611 4457 3668 4502 tu.

2138 4520 2286 4573 Unde
2331 4537 2536 4588 quoque
2585 4522 2772 4574 Paulus
2821 4523 2980 4575 dicit:
3042 4521 3330 4574 Imitutores
3375 4523 3470 4570 mei
3512 4529 3666 4572 estote.

2137 4591 2441 4654 charissimi,
2466 4592 2592 4642 sicut
2623 4600 2668 4642 el
2689 4606 2777 4658 ego
2803 4590 3004 4645 Christi.
3035 4592 3190 4656 Quasi
3227 4604 3414 4660 aperte
3444 4590 3629 4641 diceret
3654 4605 3664 4637 :

2137 4659 2422 4725 Sequimini
2469 4674 2573 4721 me,
2619 4674 2720 4711 non
2763 4663 3049 4713 secundum
3085 4677 3242 4726 opera
3269 4659 3392 4728 qu;e
3445 4661 3569 4710 tacin
3612 4675 3664 4710 ex

2139 4744 2241 4784 tne.
2273 4731 2362 4778 sed
2394 4729 2678 4780 secundum
2708 4729 2843 4794 quod
2873 4731 3110 4783 Christus
3141 4743 3390 4786 oneratur
3419 4745 3468 4778 ιιι
3501 4744 3596 4779 tite.

2209 4796 2406 4860 Libera,
2437 4798 2570 4848 Deus
2596 4796 2777 4850 lsrael.
2801 4802 2956 4861 Quasi
2978 4803 3119 4852 dicat
3144 4801 3307 4863 :Qnia
3341 4801 3611 4848 innocentes
3631 4810 3667 4847 ιι

2139 4869 2256 4918 recti
2296 4866 2635 4919 adhaerebunt
2666 4868 2808 4932 nubi,
2843 4871 2976 4923 ideo.
3021 4869 3260 4928 Domine,
3290 4869 3453 4918 libera
3500 4869 3662 4933 Isiaci,

2143 4938 2189 4987 id
2222 4951 2322 4999 ρετ,
2354 4949 2564 5002 protch
2596 4953 2777 4990 omnes
2821 4939 2934 4992 illos
2965 4953 3096 5004 quos
3126 4945 3177 4988 tu
3217 4951 3480 5000 pra-paras
3513 4939 3571 4986 ad
3599 4951 3664 4985 vi-

2138 5005 2335 5056 sionent
2378 5021 2574 5065 veram.
2611 5009 2871 5069 videlicet,
2907 5023 3022 5074 quia
3051 5010 3150 5057 erit
3190 5008 3319 5071 [acie
3364 5007 3433 5056 ad
3481 5008 3658 5074 faciei".

2142 5085 2196 5125 ut
2224 5074 2356 5126 inter
2400 5091 2489 5128 eos
2531 5079 2686 5128 etiam
2717 5073 3047 5131 adita-rentes
3075 5075 3198 5126 mihi
3231 5079 3427 5128 liberes
3460 5091 3509 5127 tu
3530 5096 3561 5124 -.
3592 5073 3658 5122 Li-

2139 5143 2254 5194 bera
2275 5159 2385 5208 eos,
2418 5146 2647 5213 inquam,
2669 5162 2731 5198 ex
2752 5146 2977 5196 omnibus
2998 5146 3400 5197 tribulationibus
3427 5162 3550 5203 ιιιι,
3573 5155 3658 5192 tam

2139 5215 2486 5268 exterioribus
2532 5230 2688 5284 quam
2739 5213 3096 5277 interioribus,
3146 5233 3210 5268 ne
3245 5229 3336 5282 per
3377 5230 3467 5266 eas
3515 5216 3662 5264 dero-

2140 5297 2235 5335 CL‘II
2262 5299 2343 5335 ur.

2605 5353 2666 5406 IN
2710 5351 3017 5407 PSALMUSI
3063 5352 3223 5407 XXV.

2483 5446 2538 5500 In
2601 5447 2794 5511 linem,
2859 5445 3095 5500 Psnhnus
3156 5446 3340 5500 David.

2728 5551 3098 5592 ABGUIENTCﬂ.

2215 5623 2285 5674 Ex
2320 5639 2537 5698 persona
2561 5629 2879 5694 captivorum
2907 5630 2958 5682 in
2981 5629 3242 5698 Babylone
3282 5642 3459 5680 verum
3483 5637 3664 5682 sancto

2145 5709 2255 5745 rtnn
2284 5696 2565 5763 prophetia:
2581 5713 2789 5751 carmen
2809 5696 3154 5766 componitur,
3180 5713 3265 5767 qui
3298 5711 3393 5764 pro
3411 5701 3659 5753 conscien-
