3912 6230
512 391 608 445 (ill

517 569 634 620 lotis
661 570 914 629 inanibus,
935 569 982 618 id
999 575 1099 629 est,
1122 582 1213 633 per
1233 567 1344 619 haec
1366 570 1554 618 innnda
1576 583 1729 631 opera
1751 577 1803 619 et
1823 569 2035 619 virtutes

516 637 713 688 ornabo
739 645 978 703 tauquam
1001 651 1064 704 pa
1092 637 1171 687 liis
1193 635 1346 688 ﬁdem
1381 648 1517 688 tuam
1548 638 1595 688 in
1623 651 1733 697 me;
1777 652 1892 704 qua:
1918 639 2037 702 quia

518 707 903 759 fundamentum
948 717 1026 757 est
1072 708 1320 757 honorum
1359 719 1597 769 cperunt.
1642 706 1685 757 si
1714 706 1884 756 desint
1928 708 2036 768 ipsa

518 776 651 828 bona
681 790 860 837 opera,
885 775 1048 826 Otiosa
1079 786 1132 828 et
1159 785 1356 824 mortua
1385 786 1486 836 cst,
1512 776 1654 839 juxta
1687 775 1808 825 illud
1837 792 1848 825 :
1887 772 2038 825 Fides

514 845 619 896 sine
644 845 870 909 Operibus
898 854 1110 904 mortua,
1136 853 1186 894 et
1216 843 1326 893 llzl‘C
1349 842 1475 895 lidcs
1505 840 1618 894 ideo
1641 845 1800 895 altare
1825 844 2040 904 dicitur,

515 914 632 977 quia
664 915 776 966 sine
817 929 877 964 ea
905 911 1026 964 nihil
1071 913 1206 980 quod
1245 913 1563 977 acceptabile
1605 913 1672 963 sit
1698 913 2038 964 sacriﬁcatur.

515 982 765 1047 QnOuiam
794 999 890 1033 non
922 991 1001 1034 est
1043 982 1188 1034 locus
1218 983 1324 1033 veri
1371 981 1607 1032 sacrilicii
1648 995 1792 1032 extra
1816 981 2043 1033 Cailiuli-
2081 1006 2089 1014 -

514 1067 628 1103 i-ani
662 1053 966 1112 lilcclesiam,
997 1050 1044 1102 id
1067 1059 1167 1110 est,
1196 1061 1337 1100 extra
1371 1050 1486 1101 lidei
1514 1049 1781 1101 unitatem.

590 1120 654 1173 Ut
680 1124 876 1171 audiam
905 1136 1066 1171 rocem
1095 1120 1276 1171 laudis.
1311 1119 1534 1182 Lavabo,
1569 1120 1776 1185 inquam
1796 1161 1811 1183 ,
1838 1134 2036 1181 manus,

515 1202 559 1240 et
589 1192 904 1242 rircumdabo
943 1191 1100 1241 altare
1136 1200 1293 1250 tuum,
1338 1200 1552 1253 utroque
1590 1188 1742 1239 modo
1770 1195 1822 1239 et
1850 1189 2038 1253 taliter,

517 1261 564 1310 id
596 1271 694 1319 est,
723 1258 925 1320 iaciam,
953 1269 1128 1310 utnon
1155 1264 1251 1309 hoc
1279 1259 1340 1309 ad
1373 1258 1576 1309 laudem
1602 1270 1770 1309 meam
1795 1258 2040 1318 referam,

516 1331 605 1380 sed
639 1339 689 1380 ut
720 1329 769 1380 in
799 1327 878 1380 his
916 1329 1150 1381 omnibus
1189 1328 1414 1387 audiam,
1445 1325 1492 1378 id
1521 1335 1621 1386 est,
1668 1340 2037 1393 recognoscam

520 1412 608 1461 per
641 1402 904 1450 veritatem
932 1397 1066 1449 intus
1098 1397 1217 1448 mihi
1247 1395 1628 1458 prmsidentem,
1660 1409 1776 1459 qua:
1806 1395 2039 1447 naturali-

519 1477 594 1518 ter
628 1462 840 1534 singulis
877 1472 1008 1519 ini-st
1042 1481 1132 1531 per
1175 1467 1456 1524 rationem;
1509 1464 1748 1534 Audiam,
1799 1463 2037 1529 inquam,

514 1533 730 1588 omnem
760 1551 922 1587 vocem
960 1536 1120 1586 laudis
1171 1542 1365 1584 tantum
1405 1547 1521 1585 esse
1558 1541 1661 1584 tute
1704 1533 1898 1595 laudis,
1940 1548 2040 1585 non

519 1620 670 1667 mea,
703 1614 752 1658 te
779 1607 944 1656 solum
985 1603 1289 1655 laudabilem
1320 1616 1435 1654 esse
1465 1603 1516 1653 in
1547 1603 1676 1654 meis
1705 1601 1850 1652 bonis
1871 1603 2042 1670 operi-

516 1673 634 1735 bus,
665 1692 763 1724 non
795 1689 895 1735 ine,
928 1675 1047 1740 quia
1088 1673 1130 1724 si
1165 1672 1284 1734 quid
1325 1670 1577 1723 laudabile
1609 1673 1658 1722 iu
1690 1685 1772 1722 me
1805 1680 1904 1732 est,
1934 1680 2043 1740 apte

466 1740 470 1744 ⁷
516 1756 590 1797 eat
619 1759 632 1805 ;
667 1744 799 1810 quod
826 1739 956 1794 vero
979 1743 1313 1805 vituperabile
1345 1740 1467 1791 milii
1493 1743 1646 1799 inest,
1671 1755 1694 1788 ιι
1719 1754 1803 1810 nte
1824 1750 1920 1792 est.
1947 1739 2039 1810 vel

966 389 1165 444 BENE
1209 390 1644 446 VENERABILIS
1680 389 1825 444 OPP.
1866 387 2039 444 PARS
2078 388 2139 442 ΙΙ.
2178 385 2364 441 SECT.
2407 387 2465 439 ll.
2494 414 2560 424 —
2600 384 2796 441 DUBIA
2838 383 2921 438 ΕΤ
2957 383 3223 439 5ΡυΒΙᾹ.

421 525 429 530 -
513 501 665 552 .lnxta
692 497 826 564 quod
857 497 929 550 sic
956 497 1153 552 dicetur
1178 515 1189 548 :
1222 497 1552 551 Cireitmdabo
1571 499 1728 550 altare
1747 507 1888 549 tuum
1915 513 2032 551 cum
2065 501 2109 555 Α
2141 496 2258 547 victi
2283 495 2583 548 muneribus
2605 494 2815 548 faciunt.
2843 494 3034 558 Accipe
3069 506 3240 560 autem
3269 512 3485 550 munera
3513 497 3689 565 large,

3587 379 3714 439 6|!

2136 567 2329 616 scilicet
2380 572 2431 616 et
2477 579 2662 616 munus
2704 580 2930 626 amanu,
2985 576 3038 616 et
3087 580 3273 616 munus
3305 567 3370 618 ab
3399 566 3596 630 officio,
3626 576 3696 622 es

2139 647 2324 703 ninnns
2352 649 2380 684 a
2411 634 2600 700 lingua.
2636 634 2688 685 In
2719 634 2904 698 quibus
2930 633 3171 686 omnibus
3191 637 3366 703 gravis
3392 638 3545 698 culpa
3571 648 3684 688 est.

2140 702 2324 753 Munus
2363 715 2390 751 a
2419 717 2568 753 manu
2614 712 2692 754 est
2722 704 2926 764 quindo
2953 704 3166 768 pecunia
3203 702 3312 768 pro
3341 705 3522 769 aliquo
3577 707 3688 758 illi-

2138 773 2241 821 cito
2262 771 2431 822 datur.
2471 771 2617 832 Quod
2652 771 2768 822 mali
2812 770 3049 837 Episcopi
3099 772 3314 836 faciunt,
3344 789 3428 840 qui
3461 773 3590 826 dant
3624 781 3683 827 in

2138 842 2278 890 curia
2331 842 2617 898 nummum,
2675 847 2728 893 et
2753 840 3013 904 accipiunt
3049 842 3368 893 confusionis
3399 843 3670 896 baculum.

2143 909 2326 979 Munus
2351 923 2472 959 vero
2501 909 2566 958 ab
2587 908 2756 979 officio
2781 917 2884 979 est,
2913 908 3120 979 quando
3150 910 3359 975 aliquod
3392 915 3679 979 corporale

2139 977 2414 1047 servitium
2472 993 2563 1047 pro
2614 976 2866 1047 spirituali
2901 977 3071 1047 gloria
3118 979 3344 1047 exigitur
3387 976 3676 1034 aut'exbi-

2140 1044 2309 1097 betur.
2357 1045 2505 1110 Quod
2564 1047 2614 1097 in
2658 1045 2942 1111 capellanis
2982 1047 3138 1099 curia:
3181 1044 3509 1102 manifestum
3568 1060 3673 1105 est.

2141 1114 2325 1186 Muniis
2379 1125 2550 1166 autem
2597 1131 2621 1186 a
2675 1114 2840 1181 liugtta
2897 1117 3158 1180 recipitur,
3216 1119 3424 1184 quando
3473 1121 3668 1186 aliquid

2141 1184 2278 1254 quod
2311 1198 2405 1249 pro
2435 1185 2538 1234 sola
2574 1185 2764 1254 pietate
2802 1186 3054 1250 agendum
3093 1196 3251 1248 esset,
3298 1202 3457 1240 causa
3490 1184 3664 1254 potius

2139 1250 2335 1303 favoris
2364 1262 2414 1304 et
2463 1253 2698 1304 humana:
2752 1253 2917 1306 laudis
2948 1256 3150 1318 agitur:
3178 1265 3232 1306 ut
3257 1256 3298 1307 si
3327 1250 3504 1310 causa'
3528 1268 3672 1313 esset

2143 1319 2296 1373 alicui
2329 1324 2536 1391 pauperi
2567 1336 2686 1373 cum
2715 1324 2884 1391 aliquo
2921 1323 3096 1385 divite,
3145 1325 3192 1374 si
3218 1324 3374 1389 judex
3423 1325 3666 1391 injustam

2142 1390 2380 1455 pauperis
2430 1403 2625 1454 partem
2661 1390 2836 1442 volens
2863 1405 2925 1443 ex
2952 1392 3189 1443 simulata
3220 1405 3407 1454 pietate
3441 1390 3664 1458 laudari,

2138 1468 2319 1528 contra
2350 1458 2560 1511 divitem
2591 1459 2925 1522 defenderet,
2980 1474 3081 1512 non
3123 1463 3327 1528 penitus
3379 1479 3563 1515 manus
3595 1467 3662 1518 ab

2139 1526 2322 1579 illicito
2354 1541 2567 1581 munere
2605 1531 2935 1580 excussis~et.

2213 1596 2321 1664 Ego
2345 1608 2507 1670 autem
2536 1597 2588 1647 in
2623 1597 2924 1670 innocentia.
2969 1595 3045 1650 Illi
3095 1597 3300 1666 quidem
3333 1613 3450 1653 cum
3480 1605 3666 1670 quibus

2142 1679 2264 1730 rogo
2293 1667 2559 1740 nehperdas
2599 1680 2697 1727 me,
2732 1667 2858 1718 tales
2887 1676 2938 1718 et
2968 1674 3066 1718 tam
3109 1672 3348 1740 scelerati
3377 1667 3535 1723 sunt:
3571 1689 3668 1740 ego

2141 1747 2314 1786 autem
2355 1737 2472 1785 licet
2530 1747 2936 1800 praasumptuose
2989 1743 3041 1787 et
3095 1738 3385 1803 periculose
3441 1737 3658 1794 molesta

516 1804 699 1883 aliter}
761 1814 879 1864 Ideo
905 1804 1218 1883 circuiiidabo
1262 1813 1440 1870 altare,
1469 1810 1530 1883 id
1561 1818 1662 1869 est,
1711 1809 1862 1883 tidem
1895 1809 2045 1860 bouis
2079 1826 2118 1883 Β
2147 1814 2262 1883 vota
2285 1804 2524 1883 superius
2554 1805 2727 1855 ridear
2767 1804 2971 1866 iecisse,
3001 1807 3118 1871 quia
3153 1807 3262 1859 dixi
3307 1805 3528 1883 :Judica
3565 1827 3659 1883 ine,

517 1882 784 1946 operibus,
829 1894 881 1934 ut
926 1882 1127 1932 audiam
1169 1895 1196 1931 a
1230 1883 1461 1940 veritate,
1493 1881 1624 1930 sicut
1671 1878 1832 1942 prius,
1876 1894 2042 1929 vocem

516 1953 681 2003 laudis
707 1964 822 2011 tuae,
854 1951 900 2003 id
923 1962 1021 2010 est,
1043 1966 1138 2016 qua
1164 1965 1287 2002 voce
1316 1957 1367 2000 tu
1395 1948 1465 1998 sis
1493 1946 1796 2016 laudandus,
1821 1947 2040 2010 scilicet,

519 2036 620 2072 non
649 2022 814 2074 solum
846 2035 970 2073 voce
997 2014 1262 2081 exteriori,
1293 2017 1384 2070 sed
1413 2017 1566 2069 etiam
1599 2014 1769 2067 cordis
1802 2017 2045 2068 intentio-

517 2105 601 2150 ne.
633 2100 679 2141 et
713 2091 841 2142 bona
869 2088 1189 2154 operatione,
1222 2097 1273 2138 et
1305 2099 1404 2137 non
1433 2086 1598 2154 solum
1623 2087 1672 2134 in
1705 2098 1786 2136 me
1814 2085 2039 2146 audiam,

513 2158 607 2210 sed
655 2157 804 2210 etiam
850 2153 964 2209 aliis
990 2173 1215 2208 enarrem
1260 2159 1483 2207 uniuersa
1531 2153 1795 2214 mirabilia,
1828 2155 2043 2217 scilicet,

515 2230 650 2294 quod
681 2236 732 2278 et
754 2227 818 2280 de
845 2229 1007 2280 sei-vis
1031 2228 1262 2290 lilios,'et
1290 2226 1354 2278 de
1383 2225 1553 2291 impiis
1580 2225 1708 2288 pios,
1739 2237 1790 2275 et
1820 2223 1883 2277 de
1904 2224 2045 2276 dam-

521 2298 652 2347 natis
681 2296 844 2349 fecisti
889 2297 938 2348 in
977 2311 1192 2364 regnum
1230 2303 1524 2357 assumptus
1553 2308 1669 2364 esse
1697 2304 1836 2355 tuos,
1863 2294 1910 2346 id
1941 2303 2042 2358 est,

519 2379 620 2416 non
647 2379 707 2416 ex
732 2365 928 2418 meritis
956 2362 1105 2428 meis,
1139 2364 1219 2417 vel
1247 2364 1497 2428 aliorum,
1529 2362 1617 2416 sed
1647 2377 1710 2416 ex
1739 2364 1848 2416 sola
1878 2365 2044 2432 gratia

521 2443 602 2484 tua
635 2437 963 2498 processisse.

589 2502 820 2564 Domine,
852 2503 1004 2552 dilexi
1031 2501 1253 2552 decorem
1291 2502 1466 2553 domus
1506 2511 1619 2554 tuta.
1669 2502 1742 2553 lla
1772 2502 2044 2554 continua-

519 2579 638 2621 tur:
674 2571 809 2629 Ideo,
840 2569 1072 2633 Domine,
1113 2571 1422 2621 ciriunidabo
1462 2569 1621 2622 altare
1663 2583 1820 2630 tuum,
1865 2571 1912 2623 id
1943 2584 2041 2636 est,

516 2643 712 2689 ornabo
761 2641 910 2690 lidciii
943 2649 1079 2690 tuam
1110 2642 1254 2691 lionis
1276 2640 1542 2702 Opei'ibus,
1574 2643 1690 2707 quia
1723 2655 1930 2705 semper
1959 2642 2042 2693 di-

521 2709 617 2759 lcxi
664 2709 884 2759 animant
928 2724 1091 2761 meam
1123 2707 1294 2761 facere
1330 2709 1416 2759 tibi
1446 2710 1686 2762 decoram
1729 2709 1962 2774 domum,
1993 2721 2044 2763 et

520 2777 799 2840 gloriosum
833 2778 1002 2829 locum
1027 2777 1376 2830 habitationis.
1407 2776 1563 2828 Juxta
1592 2779 1747 2829 aliam
1776 2792 1898 2830 vero
1923 2794 2044 2831 scn-

519 2846 748 2906 ientiam,
803 2861 898 2912 qna
931 2847 977 2897 in
1009 2847 1322 2897 circuntdabo
1346 2848 1504 2896 altare
1550 2857 1686 2896 tuum
1724 2847 1969 2910 dixomus,
1996 2857 2048 2900 et

519 2913 691 2965 taliter
722 2916 820 2967 hoc
845 2914 1231 2967 continuabitur
1259 2925 1311 2966 et
1343 2915 1684 2978 ordinabitur,
1722 2916 1838 2982 quia
1867 2916 2044 2968 lavabo

513 2994 689 3035 manus
734 2999 886 3046 ineas,
927 2993 978 3036 et
1007 2998 1120 3035 cum
1170 2983 1286 3035 lotis
1335 2983 1573 3051 inanibus
1623 2984 1936 3035 circumdabo
1971 2988 2046 3038 al-

515 3063 618 3104 tare
643 3064 800 3115 tuum,
833 3054 878 3105 id
911 3060 1008 3112 est,
1035 3052 1279 3120 attingam
1302 3053 1666 3105 sublimitatem
1696 3063 1872 3116 tuam;
1904 3055 2042 3116 ideo,

520 3120 756 3183 Domine,
791 3138 848 3172 ne
869 3124 1044 3189 perdas
1075 3121 1125 3173 in
1158 3125 1321 3174 lutura
1353 3134 1542 3174 aitcrna
1569 3125 1898 3174 damnatione
1927 3125 2040 3174 ani-

515 3205 644 3239 ntam
674 3206 829 3241 meam
856 3207 965 3243 cum
995 3191 1178 3256 impiis,
1225 3191 1272 3243 id
1298 3199 1409 3259 gest,
1439 3206 1556 3242 cum
1599 3191 1912 3257 irreligiosis,
1945 3193 2032 3259 qui

518 3269 567 3309 te
597 3260 793 3323 odiunt,
823 3269 875 3312 ει
902 3261 1036 3313 idola
1063 3261 1258 3311 colunt.
1288 3257 1352 3310 Et
1381 3275 1443 3312 ne
1475 3261 1654 3325 perdas
1683 3261 1830 3312 vitam
1850 3257 2028 3324 meant,

517 3327 563 3378 id
592 3335 688 3386 est,
718 3328 877 3394 ipsam
916 3328 1136 3380 animam
1173 3343 1338 3381 meam
1366 3345 1474 3380 cum
1505 3329 1956 3396 virissanguinum,
1983 3332 2032 3382 id

513 3406 612 3453 est.
650 3411 764 3448 cum
804 3396 881 3447 his
918 3396 1002 3464 qui
1029 3399 1248 3449 oderunt
1277 3400 1584 3463 proximum,
1617 3401 1703 3465 qui
1752 3411 1890 3451 recte
1935 3399 2032 3452 viri

515 3467 839 3530 sanguinum,
874 3467 920 3518 id
953 3476 1051 3530 est,
1097 3467 1364 3518 homicida:
1396 3467 1652 3531 dicuntur,
1692 3467 1833 3534 juxta
1872 3468 2028 3520 illud:

517 3534 689 3586 Omnis
741 3539 823 3602 qui
864 3539 965 3588 adit
1006 3541 1208 3603 fratrem
1247 3553 1412 3600 suum,
1460 3535 1706 3588 homicida
1750 3548 1837 3590 est.
1885 3537 2033 3602 Quod

512 3606 903 3669 aiqnipolleuter
945 3606 1120 3658 dicere
1165 3615 1244 3658 est
1274 3624 1284 3656 :
1331 3606 1402 3658 Nc
1437 3608 1648 3670 patiare,
1685 3606 1918 3667 Domine,
1953 3621 2034 3659 ine

513 3687 629 3723 cum
665 3675 742 3724 his
776 3677 961 3738 perire,
993 3689 1109 3726 cum
1135 3675 1317 3740 quibus
1350 3675 1431 3726 hic
1457 3675 1647 3740 pateris
1671 3678 1862 3728 vivere.
1887 3675 2034 3740 Quod

513 3743 642 3792 liene
672 3743 866 3793 :icccdit
889 3743 1180 3802 intentioni,
1213 3752 1260 3792 et
1291 3743 1402 3795 ideo
1434 3759 1533 3794 non
1577 3744 1736 3796 debes
1781 3760 1861 3797 iiie
1909 3759 2031 3810 pcr-

513 3813 637 3860 ilni-e
665 3824 778 3860 cum
811 3811 957 3861 malis
994 3811 1307 3875 huiusmodi,
1345 3814 1464 3878 quia
1495 3826 1590 3878 ego
1617 3827 1821 3878 semper
1860 3814 2033 3865 studui

514 3881 772 3948 insociaie
800 3894 877 3931 ine
901 3879 1067 3943 bouis,
1100 3890 1346 3948 quantum
1375 3883 1531 3946 potui.
1561 3884 1686 3932 Nam
1718 3897 1921 3948 semper
1954 3884 2036 3932 di-

511 3946 608 3996 lexi
640 3948 860 3999 decorem
891 3949 1064 4000 donius
1087 3946 1202 4013 tum,
1243 3952 1288 4000 id
1319 3961 1414 4008 est,
1447 3952 1606 4002 dilexi
1639 3946 1844 4001 sanctos
1875 3953 2033 4012 viros,

513 4018 597 4081 qui
642 4029 757 4066 sunt
799 4022 968 4076 decor,
1007 4019 1054 4069 id
1094 4031 1190 4082 est,
1234 4033 1590 4071 Ornamentiim
1623 4021 1806 4071 donius
1836 4030 1953 4080 tute,
1988 4021 2036 4071 id

513 4093 613 4144 est,
649 4086 890 4138 Ecclesia:
930 4098 1047 4146 tuac.
1093 4089 1267 4154 inqua
1302 4090 1520 4151 habitas,
1566 4091 1627 4140 ad
1673 4090 1786 4151 hoc,
1819 4091 2035 4151 scilicet,

514 4161 570 4203 ut
599 4169 679 4203 ine
708 4154 780 4203 eis
817 4154 1224 4218 conforinareni;
1253 4170 1296 4208 et
1329 4159 1490 4210 dilexi
1523 4158 1682 4209 locum
1720 4158 2039 4210 habitationis

510 4222 682 4288 gloria:
703 4233 815 4296 tuw,
848 4224 1041 4296 idest,
1072 4227 1236 4276 tonum
1270 4228 1406 4277 illum
1450 4229 1499 4279 iii
1546 4245 1643 4295 quo
1672 4229 1903 4278 habitant
1931 4231 2041 4296 glo-

512 4307 632 4362 riosi
661 4292 754 4354 tui,
782 4303 833 4342 iit
854 4293 1008 4344 etiam
1035 4295 1199 4359 ipsum
1223 4297 1388 4347 locum
1413 4311 1528 4348 cum
1553 4292 1626 4349 eis
1651 4292 2038 4362 participarcni.

510 4360 674 4412 LOCUa
696 4362 952 4428 signiﬁcat
980 4363 1061 4415 hic
1090 4364 1222 4428 quod
1257 4366 1395 4428 prius
1425 4368 1609 4418 donius
1633 4360 1956 4429 signiﬁcavit,
1990 4366 2038 4416 id

510 4438 606 4489 cst,
663 4431 980 4482 Ecclesium:
1025 4447 1113 4498 per
1157 4434 1370 4500 gloriam
1420 4450 1626 4500 quoque
1673 4436 1808 4485 idem
1851 4435 2038 4500 accipi-

511 4479 643 4558 niu's,
676 4504 811 4564 quod
845 4511 894 4552 et
923 4479 1062 4566 piatis
1089 4479 1184 4568 pe?
1201 4479 1462 4566 deciircin',
1489 4479 1663 4566 id‘est,
1707 4479 2042 4567 pei-l'ectosrct
2073 4479 2114 4534 ο

509 4579 713 4639 sani-tos
745 4584 914 4628 Viros;
947 4572 1240 4636 cxpre-sius
1270 4585 1437 4624 tamen
1465 4574 1622 4638 gloria
1654 4574 1908 4636 significat
1929 4588 2042 4639 per-

510 4638 803 4688 it‘CllUttt’ttl.
837 4639 1009 4690 Gloria
1035 4657 1194 4698 enim,
1229 4641 1274 4690 id
1301 4654 1402 4702 εει,
1433 4645 1642 4707 gloriosi
1677 4642 1766 4694 Dei
1798 4638 2036 4693 dicuntur

512 4709 603 4768 tili,
636 4709 718 4771 qni
747 4709 852 4774 jaiii
886 4720 1037 4759 tiiita}
1083 4709 1412 4771 perfectionis
1455 4722 1591 4770 sunt,
1645 4722 1696 4761 ut
1747 4713 1870 4761 iiiuil
1919 4713 2037 4762 boni

508 4778 625 4836 siin,
661 4780 747 4827 sed
784 4779 1002 4829 Domino
1044 4778 1346 4839 attribuant,
1378 4788 1428 4827 ct
1470 4793 1570 4829 non
1616 4780 1664 4830 iu
1691 4791 1767 4840 sc,
1797 4780 1886 4829 sed
1929 4788 2036 4830 tan-

511 4855 614 4913 tiiin
647 4851 692 4894 in
726 4847 939 4897 Domino
971 4848 1277 4913 glorientur.

575 4912 638 4962 In
688 4933 894 4975 quorum
947 4912 1188 4967 manibus.
1247 4917 1396 4979 Ideo,
1448 4916 1702 4980 Dimitte,
1763 4933 1922 4983 rogo,
1978 4935 2036 4970 ne

507 4986 711 5032 tandem
765 4987 939 5047 perdis
998 5002 1069 5034 ine
1127 5001 1233 5035 cuni
1291 4990 1456 5052 impiis
1500 5001 1541 5038 et
1590 5005 1696 5039 cum
1756 4990 1866 5038 viris
1920 5005 2033 5039 san-

505 5052 708 5116 guinuni
754 5066 771 5101 :
818 5054 931 5115 quia
987 5071 1140 5117 opci‘a
1199 5071 1376 5106 eorum
1428 5058 1555 5107 niala
1604 5066 1720 5109 sunt
1750 5097 1762 5117 ,
1821 5069 1873 5108 et
1922 5059 2034 5108 ideo

506 5134 739 5182 iiizignaiit
795 5133 1055 5171 Illcrt'lllllr
1112 5123 1467 5187 perditionem.
1528 5128 1670 5189 Quod
1735 5126 1808 5177 sic
1869 5127 2028 5183 diiit;

506 5188 797 5261 [inanitates
857 5200 964 5241 sunt
1019 5191 1069 5239 in
1123 5193 1343 5242 manibus
1377 5188 1579 5257 corum,
1643 5198 1688 5246 id
1747 5207 1819 5246 est
1876 5213 2029 5261 0pcer

502 5257 900 5329 CUI'lillldllillla
966 5271 1082 5308 sunt
1136 5263 1521 5326 multiplici-er,
1579 5273 1630 5314 ct
1677 5257 2031 5329 q-iidclit—da-

506 5338 610 5375 inni
666 5325 741 5378 eis
785 5329 847 5379 ad
896 5328 1226 5379 obtinendam
1273 5325 1535 5383 cuilestcm
1592 5325 1808 5396 patriam
1839 5369 1853 5392 ,
1905 5334 2027 5383 illud

499 5405 808 5448 convertunt
854 5400 916 5448 ad
968 5401 1261 5461 at'Clptettdn
1313 5415 1520 5451 munera
1579 5400 1792 5464 saeculi,
1847 5412 2024 5465 putati-

503 5474 575 5512 ινδ
607 5466 843 5526 pietatem
895 5481 1050 5528 esse;
1105 5476 1350 5531 qlttxsluut
1397 5469 1586 5522 debere
1633 5471 1882 5530 exerceri,
1939 5471 2023 5520 ubi

505 5532 670 5593 potius
724 5537 967 5588 deberent
1013 5550 1126 5587 esse
1177 5536 1276 5600 pii,
1325 5538 1455 5590 sicut
1516 5541 1563 5590 in
1609 5539 1920 5603 iudicando,
1975 5549 2027 5588 et

502 5618 552 5650 in
583 5605 855 5656 similibus.
886 5605 1029 5668 Quod
1061 5604 1226 5655 innuit
1255 5619 1369 5658 cum
1398 5608 1519 5661 dicit
1553 5627 1561 5658 ;
1602 5611 1814 5658 Dextera
1849 5623 2019 5657 eorum

503 5669 686 5736 repleta
724 5686 805 5744 est
860 5677 1158 5724 muneribus.
1204 5676 1252 5726 Si
1285 5678 1404 5742 quid
1435 5680 1569 5744 quod
1605 5679 1839 5729 videatur
1892 5677 2018 5727 dex-

504 5752 672 5802 trum,
723 5742 768 5792 id
794 5751 874 5794 est
922 5745 1109 5796 ιιι-ιιιιιιι
1159 5745 1366 5807 faciunt,
1421 5742 1518 5799 non
1545 5758 1696 5800 cau5a
1746 5745 1884 5812 boni,
1928 5745 2018 5798 sed

2149 1872 2377 1930 Domine,
2407 1875 2558 1939 proba
2586 1887 2679 1937 me,
2715 1883 2846 1924 tenta
2871 1889 2967 1937 me,
3013 1890 3099 1927 ure
3125 1891 3227 1939 me,
3254 1894 3315 1929 ne
3341 1894 3457 1929 eum
3499 1872 3666 1942 inpiis

2143 1943 2319 2006 perdas
2358 1956 2462 1998 me;
2492 1952 2666 2012 tamen
2691 1941 2952 1994 dissimilis
2999 1959 3112 1996 sum
3160 1946 3233 1996 eis
3286 1958 3499 2012 prOpter
3531 1941 3664 2000 mala

2143 2025 2298 2070 Opera
2329 2024 2508 2062 eorum
2543 2027 2556 2061 :
2587 2010 2702 2076 quia
2729 2025 2817 2078 ego
2845 2012 3093 2079 ingressus
3134 2030 3264 2074 sum,
3289 2010 3343 2067 id
3372 2010 3470 2078 est,
3509 2029 3664 2072 Vllalll

2148 2080 2340 2152 institui
2374 2080 2681 2152 deducerent
2713 2082 2988 2152 innocentia
3034 2098 3161 2148 mea,
3209 2095 3264 2136 ut
3289 2088 3534 2152 superius
3570 2102 3665 2140 ex-

2147 2149 2368 2212 positum
2396 2161 2493 2200 eet.
2529 2150 2589 2200 Et
2617 2148 2751 2210 ideo,
2781 2149 3006 2213 Domine,
3029 2153 3212 2205 redime
3238 2169 3317 2205 me
3339 2148 3406 2206 ab
3430 2156 3530 2206 illis
3563 2157 3660 2208 im-

2146 2221 2261 2284 piis,
2294 2218 2341 2268 id
2379 2230 2476 2279 est,
2510 2218 2667 2283 prosit
2708 2218 2828 2270 mihi
2876 2224 3092 2280 pretium
3141 2232 3242 2274 tam
3287 2225 3550 2286 pricclara:
3579 2239 3666 2278 re-

2146 2288 2458 2357 demptionis
2507 2303 2632 2338 nica:
2659 2301 2671 2338 :
2705 2287 2750 2338 id
2775 2298 2887 2357 est,
2914 2291 3178 2357 sanguinis
3205 2292 3274 2344 tui
3300 2292 3544 2355 pretium,
3599 2310 3664 2347 ne

2142 2354 2434 2409 Conl'ormer
2464 2357 2560 2409 illis
2590 2358 2758 2423 impiis
2783 2356 2870 2424 qui
2919 2354 3216 2425 sanguinein
3255 2354 3400 2413 tuum
3453 2364 3663 2414 concul-

2144 2434 2263 2477 Cant
2300 2441 2401 2477 non
2429 2426 2617 2489 ,attend
2655 2437 2769 2477 iites
2800 2429 3052 2491 passionis
3102 2439 3202 2482 tua:
3249 2443 3655 2484 sacramentum.

2143 2493 2208 2545 Et
2230 2508 2433 2568 semper
2475 2496 2702 2568 miserere
2730 2497 2821 2546 nni
2857 2496 2915 2568 _in
2942 2498 3183 2550 omnibus
3226 2499 3468 2563 periculis
3515 2501 3662 2568 hujus

2146 2565 2342 2626 swcnli,
2371 2579 2436 2616 ne
2460 2566 2634 2628 aliquo
2656 2569 2809 2616 modo
2839 2564 3080 2619 devocer.
3111 2568 3171 2620 Et
3204 2571 3321 2620 ideo
3351 2583 3471 2634 peto
3504 2582 3558 2621 ut
3581 2564 3665 2623 ius

2143 2635 2392 2696 redimas,
2425 2643 2478 2686 et
2504 2635 2600 2686 mei
2633 2635 2925 2686 miserearis
2959 2651 2971 2685 :
3003 2637 3122 2702 quia
3153 2651 3290 2688 meus
3311 2652 3452 2702 opes,
3488 2640 3534 2689 id
3563 2652 3658 2700 est,

2143 2704 2311 2754 omnis
2351 2702 2556 2755 affectio
2585 2719 2697 2754 mea
2743 2711 2894 2761 stetit,
2933 2714 2986 2755 ct
3007 2706 3116 2770 jam
3143 2708 3300 2758 stabit
3340 2710 3389 2757 in
3421 2708 3610 2758 directo
3637 2722 3656 2760 ε

2145 2772 2192 2822 id
2233 2780 2329 2832 est,
2373 2787 2472 2823 non
2517 2771 2724 2824 recedet
2767 2786 2794 2823 a
2837 2773 3147 2825 rectitudine
3174 2775 3386 2840 iustitiae
3438 2785 3556 2830 tua.
3597 2777 3658 2830 Et

2145 2840 2262 2890 ideo
2293 2840 2571 2892 benetlicam
2593 2852 2656 2903 te,
2687 2843 2735 2893 id
2765 2851 2866 2905 est,
2890 2858 2990 2894 non
3019 2845 3288 2896 occultabo
3314 2854 3384 2908 te,
3409 2849 3502 2898 sed
3555 2861 3658 2899 ina-

2145 2909 2398 2962 iiilestabo
2415 2921 2462 2962 te
2493 2926 2584 2977 per
2602 2910 2910 2963 mundanam
2938 2914 3417 2977 conserv-stionem,
3435 2927 3487 2968 et
3505 2917 3659 2969 bono-

2146 2993 2257 3030 rum
2291 2994 2445 3049 opera
2478 2981 2556 3032 his
2586 2981 2673 3047 qui
2703 2979 2892 3032 suntin
2925 2982 3171 3045 Ecclesia,
3215 2993 3270 3034 ιιι
3298 2985 3396 3049 ipsi
3428 2985 3658 3036 videntes

2149 3063 2253 3111 me,
2288 3048 2572 3114 glorilicent
2623 3058 2689 3101 te.
2720 3049 2808 3101 Vel
2839 3050 3118 3102 benedicam
3165 3064 3230 3114 te,
3269 3048 3454 3115 idest,
3488 3054 3656 3104 inulti-

2148 3117 2350 3188 plicaho
2379 3131 2566 3188 corpus
2593 3128 2752 3178 tuum,
2776 3118 2825 3171 id
2849 3130 2925 3170 est
2954 3121 3258 3183 Ecclesiam,
3289 3124 3543 3187 quosdam
3570 3135 3657 3188 per

2143 3186 2566 3240 coaformitaieni
2595 3202 2797 3257 _ineam
2826 3190 2872 3239 ei
2911 3189 3169 3251 addendo,
3215 3202 3265 3242 et
3306 3186 3416 3242 non
3453 3186 3659 3257 paucos,

2133 3258 2223 3309 sed
2255 3258 2444 3308 inultos
2478 3273 2489 3306 :
2523 3254 2642 3322 quia
2673 3257 2723 3308 in
2756 3256 2985 3322 pluribus
3011 3257 3255 3312 Ecclesiis
3282 3259 3381 3312 hoc
3412 3254 3622 3313 faciam.

2568 3387 2628 3440 IN
2671 3387 2982 3442 PSALMUM
3035 3390 3216 3443 XXVI.

2376 3477 2610 3531 Psalmiis
2651 3478 2806 3530 David
2837 3481 3129 3547 priusquam
3162 3481 3420 3534 liuiretur.

2711 3583 3079 3633 ARGUMENTUI.

2205 3655 2456 3709 Ezechias
2487 3658 2841 3724 Assyriorum,
2890 3670 3055 3709 morte
3085 3657 3272 3719 lietior,
3321 3660 3500 3713 reddit
3555 3661 3658 3714 Deo

2135 3726 2306 3780 officia
2350 3740 2565 3792 votaque
2601 3729 2903 3792 gratiarum.
2939 3728 3060 3779 lteni
3091 3729 3154 3778 ad
3182 3744 3271 3778 eos
3301 3745 3389 3793 qui
3434 3732 3653 3792 primum

2140 3795 2503 3862 ingrediuntur
2533 3799 2580 3846 in
2620 3795 2958 3857 Doiiiiiiicuui,
3016 3797 3257 3861 legendus
3305 3799 3370 3849 ad
3413 3801 3611 3851 Esaiam
3645 3818 3657 3853 :

2141 3867 2271 3916 hcce
2301 3868 2384 3932 qui
2413 3865 2644 3916 serviunt
2676 3865 2784 3925 tibi,
2816 3866 2945 3915 bona
2979 3866 3378 3918 maiiducabunt.

2721 3969 3058 4009 EXPLANATIO.

2206 4046 2301 4098 Ter
2323 4056 2492 4099 unctus
2514 4057 2584 4098 est
2617 4047 2775 4098 David
2799 4063 2816 4099 :
2838 4047 2985 4099 semel
3013 4049 3061 4099 in
3092 4045 3363 4110 Bethleem,
3399 4050 3534 4114 apud
3561 4066 3651 4114 pa-

2139 4128 2260 4168 trein
2287 4133 2427 4167 suum
2455 4134 2539 4181 per
2567 4117 2876 4178 Samuelem;
2909 4120 3122 4168 micando
3163 4135 3212 4166 in
3235 4117 3441 4168 llebron
3475 4138 3502 4167 a
3534 4122 3656 4169 tribu

2139 4185 2294 4246 Judu,
2328 4194 2430 4249 μορε
2466 4197 2666 4235 mortem
2699 4186 2859 4248 Suul,‘
2912 4188 3052 4236 tertio
3081 4187 3261 4236 ibidem
3294 4203 3321 4235 α
3351 4201 3532 4237 ιιυιίιο
3575 4186 3654 4237 Is-

2139 4256 2242 4306 rael
2286 4267 2390 4321 post
2422 4256 2710 4303 oci‘tsioncm
2740 4256 2830 4317 filii
2863 4254 3005 4307 Saul.
3042 4257 3283 4317 Quoniam
3308 4273 3424 4306 vero
3464 4261 3653 4306 nuilum

2138 4325 2381 4392 psalmum
2402 4334 2514 4373 ante
2537 4326 2744 4388 primam
2782 4325 3059 4374 unctionem
3081 4327 3252 4390 [eam
3279 4325 3480 4391 legitur,
3510 4337 3654 4376 restat

2140 4393 2412 4458 intelligere
2449 4393 2709 4442 secundum
2739 4396 2828 4442 liae
2853 4394 3168 4459 inscriptione
3188 4394 3521 4459 designatum,
3547 4405 3654 4442 ante

2143 4464 2282 4528 cujus
2313 4474 2531 4511 creatum
2554 4477 2664 4510 cum
2687 4460 2848 4511 adhuc
2874 4461 2930 4511 ob
2954 4462 3157 4511 insidias
3185 4461 3356 4514 Saulis
3383 4468 3647 4522 exsulant,

2148 4535 2389 4596 psalmum
2415 4532 2642 4582 cecinisse
2667 4539 2979 4581 monstratur.
3008 4529 3299 4581 Notandum
3328 4535 3462 4596 quod
3491 4536 3582 4582 l'ri.
3606 4547 3652 4581 s-

2142 4616 2293 4666 quam
2322 4601 2553 4650 Iiiiiretiir
2583 4603 2629 4650 in
2661 4599 2879 4651 Hebra’is
2908 4602 3234 4651 columinibus
3286 4617 3382 4650 non
3431 4602 3648 4652 habetur.

2141 4674 2261 4720 (.uin
2314 4670 2589 4735 {requenfer
2634 4683 2742 4721 ante
2773 4685 2975 4737 regnum
3026 4670 3314 4720 liberaretur
3342 4674 3400 4718 ub
3441 4672 3646 4718 inimicis

2140 4742 2242 4789 suis
2266 4740 2536 4795 acerrimis,
2563 4751 2646 4803 per
2677 4749 2828 4788 totum
2861 4740 3098 4803 psulntum
3134 4740 3348 4802 loquitur
3381 4739 3647 4799 Propheta.

2143 4807 2199 4854 In
2232 4809 2390 4867 prima
2418 4808 2656 4868 petitione
2679 4809 2932 4856 dominum
2961 4823 3010 4858 se
3030 4809 3190 4856 dicens
3211 4815 3446 4866 metuere,
3485 4814 3526 4855 τι
3552 4808 3654 4855 ttul-

2139 4875 2242 4926 lum
2269 4876 2421 4924 alium
2461 4875 2748 4938 l’oi-niidai'e,
2783 4878 2866 4925 sed
2891 4877 3011 4926 inter
3038 4878 3241 4926 adversa
3285 4881 3457 4925 sat-ult
3505 4891 3654 4931 unum

2137 4950 2226 4996 sibi
2258 4954 2464 4996 testatur
2494 4960 2594 4995 esse
2613 4944 2901 5015 stt/fugiunt,
2951 4956 2999 4994 ut
3025 4951 3131 5015 licet
3156 4946 3387 5012 periculis
3425 4961 3654 5011 corpora-

2136 5020 2259 5064 libita
2284 5017 2570 5074 luctaretur,
2602 5016 2705 5082 ipse
2744 5014 2790 5064 in
2819 5015 2964 5064 domo
3015 5014 3208 5064 Domini
3249 5016 3535 5073 firmissima
3571 5017 3656 5063 de-

2134 5089 2325 5135 votione
2354 5095 2526 5136 mentis
2557 5086 2817 5133 habitaret.
2863 5083 3094 5132 Secunda
3124 5083 3365 5145 positione
3393 5082 3653 5147 multiplici

2135 5159 2273 5204 ci‘aite
2303 5155 2556 5212 libirutus,
2583 5157 2790 5202 diversis
2820 5151 2974 5199 modis
3002 5154 3188 5215 gratias
3217 5153 3338 5218 agit,
3373 5167 3414 5201 rt
3445 5150 3654 5219 prcipue-

2131 5231 2212 5272 Zia:
2237 5223 2409 5287 spiritu
2437 5238 2570 5289 spem
2602 5225 2692 5271 sitii
2730 5229 2915 5289 futura:
2953 5220 3264 5270 beatitudinis
3291 5224 3568 5285 pollicetur.

2697 5324 3110 5362 CONIIENTARIUS.

2203 5398 2439 5448 Domina)
2482 5400 2782 5450 illuininuiio
2823 5415 2948 5450 mea.
2987 5402 3217 5452 I'saiiuiis
3247 5403 3342 5452 iste
3381 5402 3455 5450 sic
3482 5398 3658 5450 itttilu-

2131 5467 2281 5530 latur,
2335 5467 2563 5519 I’salmus
2617 5469 2777 5533 David.
2821 5484 3106 5532 priusquam
3161 5474 3404 5528 liuiretur.
3459 5469 3507 5520 id
3559 5483 3658 5532 est,

2130 5539 2422 5609 priusquam
2453 5549 2729 5603 angeretur
2755 5538 2992 5609 tinctione
3015 5550 3182 5590 tertia.
3219 5540 3422 5609 Legi'_ur
3452 5554 3502 5609 in
3533 5541 3662 5591 libro

2130 5611 2340 5669 Metium,
2361 5608 2563 5658 beatum
2587 5609 2748 5657 virum
2777 5606 2931 5659 David
2955 5617 3032 5659 ter
3056 5610 3211 5658 fuisse
3229 5606 3458 5658 unctum.
3491 5607 3662 5658 l’rimo

2126 5681 2330 5739 quidem
2351 5691 2463 5725 cuin
2487 5674 2652 5727 adhuc
2684 5693 2804 5740 puer
2827 5688 2984 5737 esset,
3033 5678 3184 5728 Sau-e
3228 5677 3443 5726 multum
3469 5692 3660 5740 praeva-

2131 5755 2325 5796 i'itantc
2353 5760 2380 5796 a
2405 5744 2621 5797 Domino
2671 5747 2976 5812 rcprobato,
3019 5755 3200 5798 uncm;
3235 5755 3315 5796 est
3354 5759 3384 5795 a
3422 5747 3661 5800 Sunucis
