3912 6230
249 448 364 504 6Ιὸ

962 445 1025 502 ΙΝ
1069 448 1184 504 PSA
1195 448 1417 504 LMORU
1427 448 1473 502 Μ
1517 443 1764 500 LlBRUM

1906 443 2153 499 EGESIS.
2199 403 2262 484 4
2301 443 2497 498 PSAL.
2538 442 2727 498 xxvi.

3347 440 3450 495 614

250 558 516 628 l‘ropheta
559 557 610 611 in
640 557 797 628 (Ionio
824 556 1007 628 patris,
1064 555 1372 624 simpliciter
1402 556 1454 608 in
1489 568 1660 628 regem
1695 553 1793 628 ΔῙιι-
1827 556 1866 611 Α
1898 553 2174 628 Sciendum
2203 565 2379 628 autem
2406 555 2548 628 quod
2590 555 2885 628 illaunctio
2923 569 3160 628 quieper
3190 569 3434 628 manuum

251 623 415 682 lienie
447 631 681 681 Omnino.
737 623 982 679 Secundo
1021 640 1146 679 vero
1169 623 1357 678 unctus
1397 635 1476 676 est
1517 639 1544 675 a
1591 623 1792 676 Natlian

253 699 518 761 l'roplieta
551 698 657 750 Rex
686 695 1046 762 superJudain
1090 705 1286 746 tantum
1317 693 1367 745 in
1400 693 1629 746 llelirou.
1663 692 1795 743 'l'er-

252 769 335 821 sio
366 779 536 819 autent
565 775 750 818 unctus
777 773 858 817 est
881 766 986 816 Rex
1019 779 1175 829 super
1207 764 1550 824 Hierusalem,
1597 774 1647 813 et
1676 775 1795 812 om-

251 852 384 890 nem
432 838 696 889 lsraelem.
729 835 861 887 Ante
902 836 1032 885 hanc
1073 847 1196 886 vero
1243 835 1539 884 unctionem
1590 832 1792 883 tertiam

251 908 452 959 dicitur
485 907 618 957 hunc
648 907 901 969 psalmum
933 902 1290 968 composuisse
1321 901 1654 954 Itistnrialiler
1680 899 1795 967 qui-

254 978 408 1035 dem,
441 991 539 1026 non
569 974 844 1027 intendens
865 972 926 1025 ad
960 972 1249 1032 historiam,
1277 971 1366 1024 sed
1400 971 1617 1040 mystice
1635 982 1796 1035 agens

259 1046 315 1096 in
349 1060 476 1096 voce
503 1045 708 1096 illorum
739 1045 824 1109 qui
854 1057 994 1094 nunc
1017 1043 1068 1093 in
1099 1041 1324 1094 Ecclesia
1354 1039 1539 1091 initiati
1576 1039 1803 1090 Domino

262 1129 363 1182 per
386 1114 644 1182 geminam
676 1114 972 1164 unctionem
1006 1112 1104 1163 olei
1132 1121 1185 1163 et
1213 1109 1512 1182 chrismatis
1535 1110 1794 1182 ;tert_iam

267 1178 568 1234 unctionem
599 1182 902 1246 perfectam,
926 1196 1042 1247 qua:
1074 1191 1194 1232 tunc
1217 1181 1449 1232 eritcum
1482 1181 1608 1231 lacie
1629 1179 1690 1228 ad
1718 1178 1794 1228 la-

257 1254 400 1305 ciem
457 1254 767 1312 videbimus,
815 1260 1139 1315 exspectant.
1187 1252 1397 1315 Legitur
1424 1263 1631 1313 quoque
1658 1247 1795 1313 quod

262 1325 553 1387 antiquitus
583 1323 698 1372 dua:
739 1330 936 1371 tantum
982 1334 1218 1385 persona:
1263 1315 1598 1384 ungebamur,
1648 1329 1796 1387 reges

260 1385 467 1442 scilicet
512 1402 564 1441 et
605 1392 923 1442 sacerdotes.
962 1388 1014 1440 In
1055 1388 1241 1450 quibus
1291 1388 1495 1439 duabus
1555 1385 1794 1447 personis

271 1461 701 1527 pra-ligurabaiur
733 1459 834 1510 lter
867 1468 918 1510 et
941 1457 1205 1527 sacerilos_
1225 1471 1354 1527 unus
1385 1457 1607 1518 futurus,
1637 1454 1792 1527 ‘(lhii-

261 1523 383 1580 Slus
404 1523 618 1592 scilicet,
637 1543 662 1579 τι
686 1528 947 1578 chrismate
969 1527 1157 1578 dictus.
1177 1525 1274 1590 Qui
1304 1525 1411 1576 ltex
1438 1534 1536 1587 est,
1561 1523 1678 1591 quia
1704 1538 1797 1575 nos

267 1599 404 1665 regit
427 1607 481 1650 et
507 1599 681 1661 ducit,
713 1607 764 1648 et
791 1598 1035 1665 sacerdos
1063 1605 1164 1658 est,
1189 1594 1304 1662 quia
1336 1593 1469 1660 apud
1503 1604 1698 1660 patrem
1722 1594 1799 1644 iti-

260 1663 506 1735 tcr—pellat
537 1682 632 1734 pro
659 1667 829 1718 nobis.
863 1663 960 1729 Qui
989 1664 1123 1735 idem
1153 1665 1351 1716 exstitit
1377 1678 1582 1735 quoque
1619 1677 1797 1735 sacer-

259 1732 362 1790 ilos
384 1748 434 1790 et
465 1732 796 1788 sacriliciuni.
843 1734 1166 1786 Sacriﬁcium
1217 1736 1355 1795 ideo,
1397 1733 1516 1800 quia
1551 1747 1669 1784 cum
1712 1732 1798 1800 ille

264 1807 518 1859 sacerdos
563 1806 688 1856 inbil
724 1805 997 1866 inveniret,
1031 1803 1167 1870 quod
1204 1804 1310 1855 Deo
1358 1799 1494 1854 Patri
1534 1803 1688 1868 dig-ue
1723 1799 1801 1852 of-

271 1877 412 1926 terre
443 1884 638 1940 posset,
662 1890 720 1927 se
751 1878 913 1942 ipsum
947 1889 1039 1939 pro
1071 1874 1216 1924 nobis
1246 1873 1433 1924 obtulit
1463 1877 1717 1942 mutidrans
1747 1877 1800 1921 et

278 1953 461 1996 lavaris
493 1960 586 1995 nos
612 1948 721 2010 ipse
743 1941 904 2008 agnus
930 1943 1288 2010 immaculatus
1317 1957 1411 1992 suo
1451 1941 1717 2004 sanguine,
1751 1951 1802 1992 et

263 2008 658 2079 concorporans
679 2028 770 2064 nos
800 2012 932 2073 sibi,
983 2022 1034 2064 et
1064 2008 1258 2062 faciens
1287 2024 1380 2061 nos
1411 2014 1640 2079 membra
1685 2024 1800 2079 sua,

269 2095 323 2134 ut
362 2077 540 2135 nosin
571 2083 684 2143 ipso
713 2079 922 2133 Christo
959 2080 1138 2131 t-liristi
1171 2093 1423 2131 essemus.
1474 2077 1634 2129 Totus
1663 2077 1800 2130 enim

266 2158 512 2204 uiristos
541 2161 695 2215 caput
741 2161 818 2202 est
847 2160 898 2201 et
924 2152 1176 2201 membra.
1213 2149 1273 2200 Li
1303 2147 1378 2200 sic
1409 2162 1510 2199 non
1541 2147 1710 2198 solum
1736 2148 1802 2199 ad

266 2238 461 2286 lp‘Uln,
507 2223 596 2273 sed
627 2223 688 2271 ad
745 2233 838 2271 nos
868 2233 1074 2284 quoque
1128 2223 1356 2285 pertinet
1401 2219 1594 2286 unctio.
1657 2216 1805 2269 Unde

258 2285 457 2343 dictum
489 2299 604 2342 est:
644 2289 741 2340 Vos
769 2290 884 2340 estis
922 2305 1075 2354 genus
1113 2291 1340 2351 electum,
1372 2285 1536 2356 regale
1577 2288 1806 2338 sacerdo-

261 2365 413 2422 tium,
443 2372 494 2411 et
519 2361 732 2425 reliqua.
769 2359 863 2410 Ista
909 2369 1082 2409 autem
1128 2360 1302 2410 unctio
1330 2362 1502 2417 tertia,
1531 2357 1595 2407 de
1624 2371 1723 2422 qua
1755 2359 1804 2408 in

264 2436 366 2482 hoc
392 2432 541 2480 titulo
571 2430 756 2494 agitur,
789 2429 1083 2492 perlicietur
1121 2427 1170 2478 in
1201 2426 1352 2478 nobis
1380 2426 1722 2490 spiritualiier
1751 2427 1804 2476 in

270 2501 375 2550 vita
399 2515 516 2566 qua:
549 2500 864 2564 promittitur
890 2499 1059 2558 nobis,
1108 2497 1344 2548 videlicet
1365 2509 1482 2546 cuin
1519 2508 1804 2566 cognosce—

266 2563 576 2630 nius,'sicut
604 2576 656 2618 et
677 2567 868 2634 cogniti
909 2580 1112 2618 sumus.
1164 2566 1226 2616 Et
1256 2566 1372 2634 ideo
1423 2577 1699 2634 possumus
1727 2563 1806 2634 di-

265 2654 412 2700 cere,
445 2639 582 2705 quod
617 2638 665 2687 iii
700 2633 796 2688 hoc
828 2636 1028 2698 psalmo
1057 2646 1134 2687 est
1167 2633 1461 2705 voxlidelis
1492 2633 1680 2705 animae
1715 2633 1804 2683 de«

265 2701 552 2758 siileraiiiis
581 2707 755 2758 venire
777 2705 839 2756 ad
867 2706 1023 2756 vitam
1049 2705 1208 2766 illam,
1243 2701 1327 2754 ubi
1355 2703 1492 2754 illam
1524 2701 1803 2766 perlectam

265 2781 567 2828 unctionem
625 2776 866 2839 accipiat,
920 2787 972 2826 et
1017 2789 1150 2830 nunc
1200 2777 1406 2824 interim
1461 2773 1805 2824 desiderantis

264 2852 489 2911 gratiam
546 2845 684 2896 illam
732 2859 847 2911 qua:
899 2844 1192 2908 perliCietur
1249 2844 1298 2893 in
1353 2841 1499 2894 nobis
1554 2844 1603 2892 in
1662 2841 1802 2903 line,

262 2917 480 2978 quando
529 2914 727 2964 scilicet
782 2912 1026 2963 Dominus
1078 2913 1167 2963 erit
1221 2911 1385 2961 omnia
1441 2912 1495 2961 in
1557 2913 1802 2960 omnibus.

267 2982 420 3037 Unde
463 2991 602 3034 recte
627 2983 675 3032 in
709 2982 858 3034 titulo
879 2984 1072 3033 dierum
1095 2993 1195 3041 est,
1222 2979 1520 3045 Priusquam
1548 2981 1804 3031 (iniretur:

265 3054 390 3119 quia
423 3052 660 3104 videlicet
703 3067 798 3102 vox
837 3062 917 3102 est
967 3054 1208 3114 perlecta:
1237 3053 1426 3119 aninne
1454 3050 1805 3102 deSidei-antis

266 3118 447 3175 {erant
477 3125 808 3181 unctionem,
860 3137 973 3184 qua:
1008 3125 1057 3170 in
1091 3125 1191 3169 line
1222 3119 1270 3168 in
1301 3118 1450 3168 nobis
1486 3119 1798 3181 perﬁcietur.

265 3193 417 3244 l\unc
440 3201 610 3242 autem
654 3192 703 3241 iti
737 3198 1064 3241 sacramento
1105 3188 1204 3238 olei
1250 3199 1301 3239 et
1328 3186 1625 3238 chrismatis
1656 3187 1804 3253 ungi-

263 3276 404 3323 inur,
437 3277 525 3326 per
544 3262 679 3326 quod
705 3269 1085 3326 sacramentum
1108 3256 1350 3322 quiddam
1379 3255 1564 3306 mirum
1592 3267 1644 3306 et
1674 3255 1802 3326 inet}

263 3325 445 3391 labile,
476 3325 607 3395 quod
642 3332 692 3380 in
722 3329 826 3381 line
863 3325 1022 3378 futuri
1053 3340 1231 3378 sumus
1260 3327 1607 3391 signiﬁcatur,
1665 3325 1801 3391 quod

261 3402 410 3449 omni
441 3398 730 3450 intentione
776 3397 1077 3450 desiderare
1115 3395 1368 3446 debemus
1396 3411 1406 3444 :
1439 3406 1489 3446 et
1522 3397 1637 3446 ideo
1668 3409 1805 3447 nunc

263 3486 314 3517 ιιι
348 3477 676 3519 sacramento
723 3469 1060 3531 suspiremus,
1117 3465 1458 3528 ingeinainus,
1513 3475 1566 3515 ut
1597 3467 1804 3517 tandem

266 3541 317 3586 iii
354 3553 410 3588 re
437 3536 746 3588 sacramenti
790 3536 1130 3600 gaudeamus.
1174 3541 1320 3585 Nune
1350 3535 1411 3583 ad
1460 3534 1684 3584 litteram
1719 3549 1804 3586 ai:-

269 3608 543 3657 cedamus.
568 3605 672 3656 Vox
691 3616 769 3655 est
792 3605 958 3655 lidelis
979 3602 1272 3667 cuiuslibet,
1294 3610 1347 3651 ut
1375 3616 1529 3667 supra
1553 3605 1799 3666 diximus,

269 3676 618 3726 desiderantis
650 3674 698 3724 iti
730 3687 787 3725 sc
829 3671 1006 3738 perliti
1061 3672 1265 3722 liiialetn
1318 3673 1632 3722 unctionem.
1681 3674 1798 3735 Qui,

262 3744 389 3809 quia
421 3744 641 3795 intendit
668 3744 732 3793 ad
757 3755 986 3794 nostram
1027 3741 1444 3809 instructiOiiem,
1474 3756 1564 3805 per
1597 3741 1800 3790 unctio-

264 3808 390 3864 nem
425 3817 572 3863 vertit
601 3826 656 3865 se
686 3813 746 3862 ad
778 3826 870 3862 nos
890 3813 956 3861 ita
978 3813 1152 3861 dicetis
1190 3826 1199 3858 :
1230 3808 1472 3860 Dominus
1498 3810 1800 3861 illuniinalio

265 3897 400 3939 inea,
427 3880 476 3930 id
503 3894 599 3941 cst,
658 3882 903 3932 lioininus
929 3882 1153 3930 animatn
1203 3893 1391 3938 meum,
1423 3893 1536 3944 qua:
1570 3895 1708 3941 prius
1751 3894 1797 3930 ιιι

263 3951 499 4002 tenebris
549 3951 865 4001 infidelitatis
917 3950 1028 4009 fuit,
1079 3949 1386 4000 illuminavit
1435 3963 1523 4011 per
1563 3949 1798 3998 notitiam

267 4021 413 4080 lidei,
445 4019 613 4068 datam
645 4018 792 4078 inihi,
824 4020 948 4068 etin
983 4018 1144 4083 prima
1173 4022 1412 4066 unctione
1445 4018 1564 4077 olei,
1594 4021 1801 4082 quando

276 4092 488 4140 Satanae
517 4099 567 4137 et
603 4087 802 4152 pompis
834 4087 946 4153 ejus
980 4087 1332 4137 abrenuntiaw
1368 4101 1379 4135 :
1411 4096 1461 4153 et
1492 4103 1540 4136 in
1573 4089 1799 4137 secunda

267 4159 516 4207 tinctioiie
545 4152 872 4218 clirisinais,
893 4157 1096 4220 quando
1126 4155 1352 4204 nominis
1381 4152 1494 4217 ejus
1527 4158 1799 4207 manileste

250 4235 532 4290 prolessitr
562 4224 651 4278 l'ut.
680 4225 944 4275 llecedaiit
977 4237 1101 4290 ergo
1131 4224 1377 4274 ιειιειιτω.
1413 4223 1540 4274 llinc
1582 4229 1801 4288 Aposto-

261 4300 344 4346 lus
386 4295 508 4345 dicit
544 4311 554 4343 :
589 4290 778 4344 Fuistis
803 4296 1072 4357 aliquando
1110 4292 1338 4353 tenebrw,
1371 4307 1499 4342 nunc
1521 4302 1683 4342 autem
1709 4295 1800 4343 lux

260 4381 313 4414 in
350 4364 582 4414 Domino.
617 4360 678 4414 Et
716 4361 953 4412 Dominus
991 4372 1057 4412 est
1082 4361 1217 4412 salus
1242 4377 1369 4423 nica,
1405 4362 1452 4412 id
1485 4371 1585 4422 est,
1623 4363 1798 4412 Domi-

263 4449 366 4485 tius
397 4448 477 4482 tne
506 4449 589 4498 qui
637 4433 776 4498 prius
806 4434 855 4482 iii
888 4431 1188 4483 inlirmitate
1238 4431 1564 4481 mortalitatis
1606 4440 1658 4481 ct
1685 4445 1796 4483 cor-

261 4502 624 4569 ruptibilttatis
682 4502 776 4565 lui,
827 4502 1045 4551 salvavit
1089 4501 1195 4566 jam
1248 4513 1388 4558 vere,
1447 4511 1498 4550 et
1550 4502 1692 4566 quasi
1734 4505 1798 4550 ab

1825 3223 1874 3286 C

1899 624 2283 688 iinpositionetn
2335 623 2750 691 ab'Episcopis,
2799 628 2944 691 quasi
3000 625 3098 675 alia
3154 641 3182 677 ι
3238 623 3441 679 duabus

1897 694 2179 760 praedictis,
2224 704 2276 746 ct
2323 695 2474 761 vulgo
2523 695 2850 746 conllrmatio
2893 694 3097 758 dicitur,
3132 696 3314 748 eadem
3357 709 3438 749 est

1893 778 2009 813 cum
2039 763 2287 826 secunda,
2326 772 2534 831 propter
2562 763 2911 829 arrogantiam
2961 773 3134 815 tamen
3180 780 3281 816 non
3313 780 3442 819 con-

1893 845 2038 883 cessa
2084 837 2166 884 est
2203 833 2419 899 singulis
2465 833 2822 884 sacerdotibus
2865 831 2998 884 sicut
3024 841 3072 885 et
3124 834 3282 885 multa
3315 834 3440 889 alia.

1899 901 2071 954 Potest
2097 901 2252 952 etiam
2278 917 2458 954 versus
2497 901 2594 954 iste
2635 903 2941 968 simpliciter
2985 904 3050 954 ita
3083 903 3181 954 tlici
3214 918 3228 954 :
3263 901 3446 956 Domi-

1893 971 2406 1024 nuse~tilluminatio
2429 988 2557 1033 mea,
2593 973 2642 1022 id
2667 982 2768 1032 est,
2800 987 2890 1036 per
2918 974 3150 1023 notitiam
3183 973 3297 1026 li.lei
3331 989 3440 1026 sute

1894 1038 2142 1091 illuminat
2187 1055 2287 1102 me,
2337 1049 2392 1092 ‘et
2434 1040 2532 1093 hoc
2560 1041 2622 1092 ad
2663 1042 2911 1094 salutem.
2946 1040 3100 1094 Fides
3143 1042 3282 1095 enim
3330 1043 3440 1110 ipsa

1895 1124 2138 1161 accessus
2168 1121 2248 1161 est
2276 1110 2338 1162 ad
2367 1125 2542 1162 veram
2574 1111 2815 1162 salutem.
2905 1163 2910 1167 _

1971 1177 2209 1231 Dominus
2231 1190 2496 1247 protector.
2526 1180 2790 1244 Dominus,
2825 1181 3054 1247 inQuatn,
3083 1190 3164 1232 est
3184 1180 3441 1232 illumina-

1895 1253 1962 1300 tio
1985 1264 2093 1299 mea
2122 1257 2166 1299 et
2192 1250 2348 1310 salus,
2382 1260 2436 1300 et
2486 1248 2731 1300 Dominus
2763 1258 2843 1301 est
2880 1251 3036 1300 etiam
3063 1260 3308 1314 protector
3331 1252 3442 1303 vita:

1898 1333 2035 1380 mete,
2090 1318 2136 1368 id
2170 1327 2266 1378 est,
2297 1319 2484 1370 anima:
2507 1334 2636 1369 mea:
2667 1335 2678 1368 :
2708 1321 2826 1384 quia
2855 1319 2985 1369 sicut
3020 1319 3235 1383 clypeus
3267 1330 3444 1385 prote-

1896 1389 2215 1454 gitaliquem
2246 1387 2311 1438 ab
2348 1389 2697 1440 exterioribus
2738 1387 2873 1448 telis,
2924 1388 2990 1438 ita
3026 1389 3277 1438 Dominus
3323 1405 3445 1454 pro-

1899 1456 2020 1520 tegit
2055 1456 2279 1526 animam
2307 1458 2374 1508 ab
2404 1456 2569 1526 igneis
2610 1459 2726 1508 telis
2773 1458 2980 1508 latentis
3019 1455 3203 1518 hostis,
3253 1457 3299 1508 id
3334 1471 3438 1520 est,

1895 1526 2111 1584 diaboli,
2143 1536 2194 1577 et
2226 1525 2448 1577 Domino
2478 1537 2778 1592 protegente
2819 1541 2904 1578 me
2947 1541 2978 1576 a
3007 1542 3103 1591 quo
3147 1526 3249 1578 alio
3285 1529 3437 1591 trepi-

1895 1593 2025 1644 dabo
2050 1596 2074 1646 ?
2098 1598 2136 1645 A
2173 1595 2314 1646 nullo
2343 1595 2537 1661 utique.
2564 1597 2718 1660 Quasi
2746 1595 2884 1647 dicat
2919 1611 2931 1646 :
2961 1597 3188 1648 Sit-viam
3237 1597 3432 1648 inimici

1899 1666 1998 1714 mei
2029 1674 2281 1728 quantum
2315 1667 2493 1727 velint,
2522 1669 2682 1717 edant
2707 1679 2892 1717 carnes
2933 1680 3093 1727 meas,
3125 1679 3221 1730 ego
3265 1677 3437 1718 tamen

1900 1730 2124 1784 Domino
2152 1745 2454 1801 protegente
2495 1749 2576 1786 me
2617 1750 2719 1786 non
2757 1734 3028 1801 trepidabo
3058 1751 3069 1786 :
3095 1736 3213 1800 quia
3264 1749 3434 1801 neque

1899 1803 2090 1878 anima,
2120 1817 2273 1868 quam
2303 1817 2410 1878 ipse
2452 1803 2706 1878 inhabitat
2731 1847 2744 1868 ,
2795 1803 3041 1878 trepidat,
3076 1818 3243 1870 neque
3287 1819 3431 1878 caro,

1826 1893 1878 1948 ,Β
1904 1887 2017 1935 qua:
2048 1874 2166 1948 licet
2185 1886 2247 1923 ex
2279 1871 2385 1948 toto
2411 1883 2640 1948 corn‘esta
2671 1876 2733 1925 sit
2762 1871 2827 1948 ab
2855 1872 3111 1948 hostibus,
3144 1881 3314 1924 tamen
3340 1874 3438 1948 itu-

1907 1941 2216 1993 mortalitate
2245 1954 2295 1993 et
2321 1941 2735 2009 impassibilitate
2765 1943 2814 1993 in
2852 1942 2953 1995 fine
2987 1943 3243 2003 induetur,
3286 1943 3441 2007 quid-

1903 2025 2057 2077 quam
2090 2011 2384 2075 trepidabit.
2428 2011 2481 2064 Si
2521 2015 2658 2063 enim
2699 2013 2930 2063 mortalis
2978 2011 3198 2078 protegit
3248 2021 3444 2064 morta-

1906 2080 2027 2142 lem',
2053 2095 2292 2132 securum
2325 2093 2442 2133 eum
2475 2081 2617 2134 facit.
2650 2083 2810 2133 Multo
2838 2083 2998 2148 magis
3024 2093 3148 2146 ergo
3191 2079 3446 2135 Dominus

1904 2157 2131 2218 aeternus
2159 2160 2432 2218 protegens
2455 2166 2536 2204 me
2568 2151 2864 2211 mortalem,
2899 2149 3046 2200 faciet
3069 2163 3152 2201 me
3173 2163 3438 2207 securum.

1972 2216 2103 2269 Dum
2153 2216 2473 2287 appropiant.
2547 2221 2666 2272 Ideo
2699 2221 2916 2270 Domino
2948 2219 3292 2281 illuitiinaiite,
3337 2220 3444 2272 sal-

1904 2299 2075 2348 vatile,
2112 2298 2411 2354 protegente
2454 2305 2553 2352 ine,
2587 2305 2684 2338 non
2720 2288 2990 2351 trepidabo
3017 2304 3028 2337 ε
3057 2287 3172 2350 qui-i
3201 2289 3322 2338 dum
3350 2305 3443 2340 no-

1907 2365 2102 2422 centes,
2145 2357 2194 2408 id
2226 2368 2326 2417 est,
2354 2360 2474 2408 dum
2525 2357 2717 2408 inimici
2749 2358 3002 2408 maledico
3049 2356 3205 2408 dente
3233 2372 3330 2408 suo
3358 2373 3440 2410 me

1905 2425 2092 2480 laedere
2134 2427 2367 2478 volentes
2415 2430 2714 2494 appropth
2768 2426 2929 2490 milii,
2997 2422 3117 2478 ficti
3168 2441 3314 2494 super
3363 2442 3444 2477 me

1907 2505 2154 2559 quantum
2186 2497 2250 2546 ad
2276 2497 2504 2548 exterius
2533 2500 2666 2562 quod
2700 2497 2949 2557 lacerant,
2974 2511 3076 2547 non
3108 2505 3315 2556 nocent,
3348 2496 3441 2550 sed

1907 2565 2077 2628 potius
2109 2575 2322 2630 prosunt
2355 2581 2367 2614 :
2402 2569 2518 2632 quia
2551 2570 2858 2633 appropiant
2879 2606 2892 2629 ,
2935 2579 3036 2617 non
3073 2567 3142 2616 ita
3170 2578 3223 2616 ut
3254 2566 3446 2618 ltedant

1906 2647 1989 2684 nte
2042 2634 2352 2686 intrinsecus
2390 2649 2482 2700 per
2526 2636 2940 2693 devocationein.
2999 2634 3088 2686 sed
3144 2643 3341 2686 tantum
3389 2643 3444 2687 ut

1906 2701 2055 2752 edant
2102 2716 2275 2753 carnes
2319 2719 2470 2764 ineas,
2505 2704 2552 2754 id
2585 2712 2684 2764 est,
2728 2704 2962 2756 exterius
2993 2718 3075 2755 me
3100 2703 3352 2770 allligant,
3389 2711 3448 2758 et

1904 2771 1978 2822 sic
2004 2773 2228 2823 carnalia
2263 2771 2519 2824 desideria
2552 2773 2600 2824 iii
2634 2789 2715 2824 me
2757 2783 3100 2835 consumant;
3132 2783 3184 2824 et
3211 2775 3328 2825 ideo
3353 2787 3446 2828 eos

1907 2856 2008 2892 non
2039 2842 2326 2905 trepidabo,
2357 2845 2476 2908 quia
2507 2856 2695 2908 corpus
2724 2842 2983 2903 occident,
3014 2857 3240 2893 animam
3272 2852 3445 2896 autem

1905 2911 2146 2963 occidi're
2167 2929 2266 2961 oon
2291 2920 2525 2977 possunt.
3181 2960 3185 2964 ,

1978 2978 2373 3041 Quilribulant.
2421 2981 2642 3046 Exponit
2683 2981 2821 3047 quod
2863 2980 3031 3044 dixit;
3062 2983 3206 3047 quasi
3261 2980 3442 3033 dicat:

1908 3048 2126 3118 ltardico
2154 3052 2292 3116 quod
2321 3054 2438 3100 dum
2468 3060 2693 3101 nocentes
2725 3053 3025 3118 uppropiant
3063 3053 3207 3109 mini,
3236 3066 3334 3100 non
3364 3063 3447 3101 me

1907 3117 2121 3181 laedunt,
2173 3121 2262 3172 sed
2301 3126 2499 3170 tantum
2542 3135 2726 3171 carnes
2757 3117 2900 3170 ineas
2928 3122 3085 3170 edunt
3118 3134 3130 3180 ;
3179 3120 3294 3186 quia
3321 3120 3444 3173 dunt

1907 3189 2182 3240 intendunt
2209 3203 2293 3240 me
2339 3192 2598 3240 inlirmum
2627 3191 2800 3240 facere
2830 3197 2882 3238 et
2903 3191 3184 3251 devcicare,
3219 3192 3312 3252 ipsi
3349 3206 3438 3253 po-

1909 3256 2009 3308 tius
2032 3258 2274 3322 iri/irritati
2302 3269 2414 3307 sunt
2443 3273 2462 3308 :
2488 3258 2604 3324 quia
2647 3257 2930 3321 inefﬁcaces
2959 3259 3081 3324 facti
3117 3268 3229 3307 sunt
3250 3259 3300 3307 in
3330 3274 3450 3323 pro-

1906 3328 2065 3390 posito
2088 3341 2201 3387 suo,
2232 3338 2282 3378 et
2307 3331 2429 3377 dum
2454 3341 2630 3377 casum
2660 3329 2785 3378 ttiilii
2811 3335 3013 3392 parant,
3051 3327 3144 3389 ipsi
3178 3340 3346 3390 potius
3371 3330 3450 3378 in-

1907 3404 1987 3446 tus
2028 3398 2075 3446 in
2123 3399 2292 3447 anima
2347 3397 2646 3447 ceciderunt.
2706 3399 2811 3461 Ego
2861 3412 2980 3446 vero
3027 3397 3320 3448 exsurrexi.
3382 3397 3449 3448 Et

1904 3480 2034 3530 quos
2083 3467 2220 3529 ipsos
2265 3465 2486 3528 accipiat
2534 3475 2801 3531 praemittit
2847 3465 3064 3517 dicens:
3097 3464 3293 3516 Inimici
3325 3467 3441 3526 mei,

1908 3538 2143 3586 Voleiites
2177 3550 2257 3586 me
2286 3535 2484 3585 scilicet
2509 3536 2785 3592 devorare,
2826 3549 2956 3600 quos
2980 3533 3098 3584 ideo
3126 3536 3242 3583 dico
3273 3533 3445 3586 inimi-

1903 3618 2014 3664 cos,
2044 3602 2159 3670 quia
2188 3604 2427 3653 tribulam
2452 3618 2528 3652 me
2558 3605 2882 3655 extrinset-us
2905 3613 2957 3653 et
2985 3605 3318 3653 intrinsecus.

1975 3673 2033 3723 Si
2057 3674 2326 3723 consistant
2354 3673 2616 3722 adversum
2661 3689 2755 3723 ine.
2799 3676 2925 3736 Quia
2957 3686 3327 3737 persequentes
3358 3686 3442 3724 me

1905 3739 2230 3792 illiil‘llldllllll‘
2278 3755 2328 3793 et
2374 3743 2586 3805 cadunt,
2639 3758 2733 3808 ego
2765 3757 2888 3793 vero
2932 3757 3188 3808 exaurgo;
3241 3744 3355 3792 ideo
3402 3742 3444 3792 si

1902 3822 2058 3859 etiam
2088 3821 2252 3860 castra
2286 3813 2552 3861 consistant
2583 3816 2845 3862 adversum
2876 3827 2971 3872 me,
3022 3814 3069 3860 id
3101 3820 3201 3872 est,
3249 3813 3288 3861 si
3321 3826 3447 3862 con-

1901 3891 2104 3942 spirans
2157 3881 2625 3931 contradiceiitium
2660 3883 2936 3930 multitudo
2966 3881 3236 3931 conveniat
3263 3891 3444 3932 contra

1903 3962 2006 3998 tiie.
2047 3947 2133 3999 Vel
2160 3951 2278 4014 quia
2308 3961 2488 4011 pesttis
2517 3952 2698 3999 castris
2729 3954 2899 4000 solent
2945 3954 3134 3999 iiiil.tes
3166 3952 3445 4012 imperato-

1903 4030 1988 4066 res
2018 4022 2314 4078 consulere,
2340 4021 2562 4080 qualiter
2595 4020 2641 4067 in
2671 4023 2848 4082 proelio
2869 4034 2924 4068 se
2952 4019 3179 4071 debeant
3208 4021 3399 4070 habere
3427 4036 3439 4070 :

1903 4101 2174 4149 possumus
2201 4088 2267 4136 ita
2298 4089 2454 4137 etiam
2482 4088 2677 4147 dicere,
2701 4090 2740 4136 si
2768 4089 3046 4150 consistant
3076 4099 3241 4137 castra
3265 4091 3441 4139 adver-

1899 4170 2010 4204 sum
2040 4171 2132 4216 me,
2160 4157 2207 4206 id
2241 4167 2341 4216 est,
2373 4171 2412 4206 si
2444 4171 2619 4208 omnia
2650 4157 2866 4206 consilia
2901 4171 3228 4207 inimicorum
3271 4158 3446 4208 interi-

1902 4222 2090 4274 dantur
2117 4234 2297 4275 eontra
2331 4240 2432 4284 me,
2465 4229 2585 4278 lit-et
2612 4226 2707 4292 ipsi
2735 4228 2927 4276 mimici
2973 4240 3078 4290 pra:
3117 4227 3444 4278 multitudine

1902 4301 1953 4341 et
1985 4292 2215 4344 swculari
2247 4295 2474 4358 potentia
2508 4300 2689 4346 muniti
2719 4296 2848 4345 sicut
2877 4309 3044 4345 caSira
3073 4302 3193 4345 sunt
3225 4309 3237 4343 :
3270 4306 3443 4345 tamen

1900 4363 1995 4412 etsi
2025 4377 2145 4412 caro
2174 4364 2501 4414 extrinsecus
2529 4374 2704 4415 timeat
2745 4377 2857 4425 eos,
2904 4379 2988 4413 cor
3033 4379 3213 4422 meum,
3261 4363 3305 4412 id
3339 4376 3439 4423 est,

1904 4431 2213 4483 intrinsecus
2255 4447 2424 4483 meum
2458 4449 2556 4483 non
2587 4433 2794 4483 timebit.
2841 4432 2973 4494 Quid
3021 4434 3156 4481 enim
3195 4435 3444 4483 munitius

1901 4514 1978 4551 est
2003 4501 2219 4550 Domitio
2261 4516 2344 4552 me
2375 4503 2720 4563 illuminante,
2764 4515 2847 4552 uie
2876 4503 3124 4562 salvante,
3159 4515 3239 4552 me
3273 4513 3445 4568 prote-

260 4558 411 4621 otiitii
444 4573 741 4622 illiil'lltil-Iie
764 4558 856 4635 per
882 4558 1237 4633 certauispein
1268 4558 1576 4634 resurgendi
1605 4588 1651 4619 in
1684 4574 1799 4635 8|th
1830 4558 1876 4612 ι)
1901 4572 2090 4635 gente?
2119 4570 2250 4620 Nihil
2284 4571 2486 4635 utique.

262 4642 396 4692 riam
448 4641 853 4690 immortaliiatts
895 4649 947 4689 et
992 4637 1441 4699 inipassibilitatis,
1488 4654 1639 4702 quam
1673 4642 1797 4691 milii

261 4713 429 4770 dedit,
463 4712 705 4759 removit.
730 4707 957 4759 ltecedat
987 4721 1110 4772 ergo
1132 4708 1440 4768 inliriiiitas;
1466 4705 1586 4758 liitic
1619 4723 1799 4761 rursus

260 4780 548 4846 Apostolus
579 4793 591 4828 :
619 4779 721 4844 Spe
763 4793 890 4826 enim
932 4775 1056 4826 salvi
1087 4777 1206 4842 facti
1253 4791 1443 4835 sumus,
1495 4785 1546 4825 et
1575 4776 1796 4843 reliqua.

265 4849 429 4914 Quem
461 4862 584 4916 ergo
631 4846 847 4897 timebo?
874 4847 1030 4910 Quasi
1054 4849 1193 4896 dicat
1217 4861 1230 4895 :
1256 4847 1470 4916 Quando
1493 4846 1701 4909 quidem
1734 4851 1796 4896 ad

263 4915 690 4984 Umnipoleotem
725 4928 791 4967 ita
824 4928 1077 4982 pertiiieo,
1127 4925 1181 4966 ut
1212 4930 1293 4964 me
1342 4915 1616 4984 illuminet,
1666 4924 1718 4965 et
1747 4926 1800 4965 ut

263 5002 350 5038 nte
399 4983 582 5049 solvet,
609 5003 754 5054 quem
780 4993 933 5037 alium
971 4996 1154 5050 praeter
1176 4987 1344 5054 ipsum
1373 4983 1570 5034 timebo.
1616 4984 1799 5049 Utique

263 5061 487 5108 nudum.
519 5053 772 5120 Quarti-am
817 5063 869 5106 et
907 5061 1048 5106 salus
1077 5056 1141 5105 ab
1173 5053 1284 5119 ipso
1318 5061 1371 5105 et
1411 5055 1526 5104 talis
1556 5057 1670 5102 data
1698 5061 1795 5113 est,

262 5141 422 5192 quam
456 5131 624 5175 nullus
647 5136 806 5191 possit
827 5136 1137 5188 extorquere
1168 5140 1181 5173 :
1212 5135 1262 5174 et
1294 5124 1465 5173 lumen
1497 5124 1597 5173 tale
1617 5161 1630 5185 ,
1662 5124 1795 5188 quod

271 5195 452 5248 nullus
501 5195 660 5258 possit
705 5193 1071 5246 obtenebrare.
1102 5196 1250 5257 Quod
1294 5195 1429 5243 enim
1463 5195 1798 5256 Omnipotens

268 5273 384 5324 dat,
419 5265 588 5314 nullus
615 5264 802 5322 aufert,
836 5266 932 5314 nisi
967 5264 1074 5328 ipse
1103 5262 1190 5329 qui
1227 5265 1332 5311 dat.
1369 5261 1545 5312 Potest
1573 5274 1794 5327 quoque,

267 5334 316 5388 si
346 5349 429 5384 cui
454 5332 681 5392 libuerit,
710 5332 1020 5382 illuiiiinatio
1041 5335 1103 5382 ad
1137 5335 1352 5396 primani
1379 5340 1575 5380 tantum
1601 5347 1798 5381 unctio-

269 5418 412 5464 nem,
446 5401 496 5454 in
527 5417 623 5468 qua
663 5399 968 5464 simplicrter
996 5404 1419 5468 abrenuntiamus
1449 5401 1670 5463 Satanae,
1715 5415 1797 5451 re-

267 5472 432 5534 l'crri;
481 5467 620 5523 salus
642 5484 765 5522 vero
789 5470 852 5518 ad
878 5473 1182 5531 secundam,
1223 5467 1272 5520 in
1300 5484 1396 5533 qua
1431 5483 1592 5534 magis
1621 5471 1798 5520 lirma-

266 5556 408 5604 uiur,
439 5556 555 5606 quia
586 5550 639 5592 et
666 5550 854 5591 nomen
885 5536 1076 5588 Christi
1123 5554 1172 5587 tn
1198 5552 1254 5588 ea
1291 5540 1611 5601 proliteinur.
1648 5540 1708 5589 Et
1735 5542 1799 5590 ab

262 5626 330 5662 eo
361 5624 549 5661 nomen
579 5610 882 5677 accipimus,
935 5608 1131 5677 seilicet
1160 5616 1214 5656 ut
1239 5609 1516 5677 Christiani
1545 5611 1796 5670 dicamur,

263 5693 317 5732 et
339 5693 564 5743 congrue
614 5675 778 5732 lidelis
827 5677 995 5728 anima
1027 5675 1110 5726 liic
1138 5677 1239 5739 agit
1266 5676 1330 5726 de
1369 5677 1566 5727 duabus
1618 5678 1798 5742 primis

264 5749 615 5811 unctionibus,
647 5762 700 5800 ut
730 5751 848 5814 quia
876 5760 934 5802 se
961 5760 1062 5796 non
1110 5744 1358 5809 ingratam
1405 5745 1469 5794 de
1503 5746 1580 5795 his
1623 5757 1771 5797 oeten

260 5830 362 5885 dit,
395 5823 457 5869 ad
507 5827 709 5870 tertiam
755 5832 909 5884 quain
958 5815 1218 5869 desiderat
1268 5826 1528 5866 mereatur
1557 5816 1792 5882 perduci.

1969 4638 2024 4688 Si
2047 4653 2298 4706 exsurgal.
2332 4641 2440 4690 Non
2474 4637 2641 4690 solum
2668 4637 2711 4690 si
2734 4653 2902 4692 casrra
2929 4639 3203 4691 adversum
3231 4653 3312 4690 me
3337 4637 3443 4690 sint

1899 4721 1999 4758 rion
2036 4711 2264 4760 timebo:
2298 4711 2386 4761 sed
2419 4710 2574 4760 etiam
2614 4713 2654 4758 st
2686 4710 2933 4772 prwlium,
2966 4713 3012 4760 id
3044 4719 3144 4770 est,
3185 4710 3225 4757 si
3259 4722 3438 4770 perse-

1898 4780 2036 4827 cutio
2062 4779 2171 4843 ipsa
2204 4788 2255 4830 et
2284 4779 2483 4844 flagella
2514 4779 2841 4829 inimicorum
2872 4786 3152 4843 essurgaiit
3179 4779 3440 4827 adversum

1900 4861 1994 4908 me,
2042 4862 2136 4913 ego
2181 4861 2350 4899 tamen
2394 4861 2498 4898 non
2543 4847 2753 4896 timebo.
2801 4849 2930 4910 Quid
2962 4861 3098 4898 enim
3127 4848 3253 4897 milii
3286 4844 3438 4898 faetet

1901 4915 2166 4980 prxliumi
2214 4917 2452 4980 l‘tunquid
2504 4928 2671 4965 meum
2722 4920 2923 4967 auleret
2968 4917 3093 4967 uniti
3147 4915 3442 4983 prteimuui?

1903 4985 2086 5048 Utique
2128 5000 2248 5035 non.
2282 4985 2407 5034 'l'ale
2446 4989 2587 5035 enim
2627 4993 2705 5034 est
2734 4987 3002 5050 pra-mium
3028 4992 3162 5053 quod
3205 4986 3359 5050 elegi,
3389 4994 3441 5035 et

1901 5054 1950 5104 iii
1982 5055 2066 5105 tali
2097 5054 2210 5103 loco
2237 5053 2484 5118 positum,
2513 5054 2562 5104 in
2606 5057 2754 5106 canis
2784 5056 3004 5118 scilicet,
3045 5066 3101 5106 ut
3129 5071 3157 5106 a
3181 5056 3321 5105 nullo
3347 5069 3442 5103 iiii-

1897 5122 2156 5172 micoruin
2180 5124 2340 5187 possit
2368 5123 2582 5173 auferri.
2611 5123 2716 5174 Nisi
2740 5123 2877 5175 enim
2907 5136 3142 5176 Vincatur
3165 5128 3250 5190 qui
3276 5130 3382 5182 dat,
3411 5135 3441 5173 a

1899 5193 2041 5243 nullo
2066 5194 2325 5253 aiiletetur
2354 5196 2491 5258 quod
2520 5193 2627 5244 dat.
2660 5192 2770 5244 Non
2815 5197 3028 5256 timebo,
3061 5195 3288 5260 inquam,
3311 5207 3439 5256 pra:-

1900 5263 2044 5323 lmm,
2078 5262 2166 5312 sed
2191 5261 2362 5326 potius
2384 5277 2481 5329 ego
2509 5263 2740 5326 sperabo,
2782 5263 2830 5312 id
2856 5272 2956 5324 est,
2985 5264 3138 5313 lixam
3163 5275 3305 5325 spent
3343 5260 3439 5310 oh-

1900 5332 2092 5382 tinendi
2126 5334 2392 5398 praemium
2427 5337 2591 5381 habeo
2626 5333 2676 5381 in
2702 5336 2820 5395 hoc,
2849 5346 2966 5397 quia
3003 5346 3098 5397 ego
3126 5331 3244 5397 petii
3268 5345 3442 5393 unam,

1899 5404 2118 5452 subaudi
2167 5402 2465 5467 petitionem
2495 5416 2526 5449 α
2554 5401 2785 5461 Domino,
2817 5412 2870 5452 et
2907 5400 2951 5448 lt.
2977 5416 3037 5451 nc
3065 5415 3324 5465 nunquam
3354 5415 3443 5462 pe.-

1902 5480 2009 5522 tere
2040 5472 2307 5534 desistam,
2339 5470 2432 5520 sed
2472 5484 2679 5534 semper
2717 5473 2828 5521 eiii-ii
2872 5472 3140 5536 requirant.
3164 5475 3289 5530 Quae
3325 5469 3444 5521 talis

1899 5547 1979 5590 e~t
2007 5540 2260 5601 videlicet,
2313 5549 2368 5588 ut
2394 5553 2489 5605 ego
2532 5543 2617 5604 qui
2650 5554 2786 5591 nunc
2814 5540 2876 5590 ad
2922 5550 3119 5604 tempus
3165 5540 3343 5588 tiatiitu
3391 5538 3442 5590 in

1901 5610 2258 5672 tabernaculo,
2283 5612 2489 5657 tandem
2510 5607 2799 5673 t'nlrabiteni,
2845 5608 2893 5658 id
2922 5617 3025 5670 est,
3051 5617 3444 5670 perseveranter

1900 5693 2135 5728 maneam
2174 5675 2226 5728 in
2256 5677 2401 5726 domo
2441 5675 2659 5738 Domini,
2707 5677 2755 5726 id
2796 5676 2967 5740 est,iu
3017 5678 3214 5728 ccclesti
3258 5678 3441 5740 patria,

1899 5762 2015 5813 quin
2039 5760 2247 5812 semper
2285 5745 2619 5797 iiihabitatur.
2666 5744 2856 5797 Domus
2886 5751 3024 5796 enim
3057 5747 3314 5797 inansoria
3346 5744 3442 5795 lia-

1899 5817 2076 5871 bitatio
2103 5828 2184 5872 est
2215 5833 2228 5868 :
2266 5815 2591 5869 tabernacula
2631 5829 2752 5868 vero
2786 5817 3224 5884 peregrinantium
3253 5825 3304 5867 et
3336 5828 3440 5864 ni.-
