3912 6230
538 407 639 462 619

996 404 1188 456 Nihili
1230 400 1669 455 VENERABILIS
1707 399 1850 454 OPP.
1892 398 2065 453 PARS
2104 397 2165 451 II.
2211 398 2399 456 SECT.
2440 398 2501 453 11.
2541 427 2609 441 —
2644 398 2845 456 DUIlIA
2890 399 2972 452 ET
3012 397 3270 453 SPURH.

3633 396 3735 450 (ἸΞἸ

464 544 467 547 ν
545 521 699 578 Iutis.
734 515 938 570 scilicet
970 524 1020 567 ut
1060 516 1269 579 quililel
1312 514 1377 564 sit
1406 515 1625 575 otiosus,
1662 527 1830 577 neque
1864 513 2083 579 genibus
2115 518 2156 570 Λ
2190 526 2282 575 per
2328 515 2545 579 gratiam
2575 554 2588 573 ,
2634 524 2679 564 et
2718 518 2782 563 ad
2816 512 2911 564 Itoc
2950 516 3175 565 t'lt’llllllbo
3199 554 3211 572 ,
3255 531 3316 563 nc
3359 514 3509 563 sileas
3546 527 3575 559 η
3611 522 3726 563 me;

542 587 817 641 debilitatis
843 603 853 635 :
888 584 1145 643 videlicet,
1174 592 1228 633 ut
1255 583 1339 646 qui
1359 592 1476 643 stat,
1498 584 1659 633 videat
1687 598 1746 632 ne
1770 582 1935 632 cadat.
1971 580 2079 632 Imo

542 657 758 709 viriliter
792 656 990 722 agendo
1030 663 1079 704 et
1106 652 1418 704 determinet
1447 651 1663 704 viriliter
1684 664 1836 717 agere
1861 689 1875 709 ,
1906 666 1975 703 ne
1999 663 2079 722 re-

544 730 607 779 [οι
622 735 763 777 retur
799 719 859 774 sit
891 724 1113 787 aliquam
1141 722 1466 787 corporalem
1498 721 1955 785 przcsumptinnem
1996 719 2077 769 di-

538 811 660 849 tcns
702 812 713 845 :
746 792 843 845 Cor
873 786 1012 845 tuam
1035 786 1356 855 confortetur,
1404 790 1450 839 id
1486 796 1585 849 est,
1625 791 1851 841 exterius
1884 786 2078 854 aliquid

538 875 732 918 temere
760 876 905 927 agas,
938 859 1028 913 sed
1058 875 1141 910 cor
1163 866 1317 918 tuum,
1352 858 1399 909 id
1429 867 1531 927 est,
1566 857 1785 909 interius
1818 867 1960 927 tuum
1976 870 2079 927 cor

539 924 816 986 ruboretur
834 944 924 995 per
946 928 1308 982 conﬁdentiam
1334 942 1348 979 :
1379 936 1431 979 et
1454 926 1552 977 hoc
1574 928 1727 977 modo
1746 926 1935 977 sustine
1967 924 2075 995 Do-

538 1005 757 1063 minum,
792 994 979 1061 idest,
1014 998 1267 1061 patienter
1288 1005 1531 1057 exspecta
1571 995 1844 1048 Dominum
1873 1035 1886 1057 ,
1919 994 2077 1047 stisti-

539 1072 713 1126 nendo
741 1068 940 1137 pondus
970 1075 1342 1134 praceptorum
1370 1064 1500 1132 ejus.

962 1176 1023 1231 IN
1065 1174 1377 1229 PSALMUM
1409 1172 1611 1227 XXVII.

1152 1268 1249 1334 Ipsi
1276 1264 1455 1319 David.

1132 1373 1504 1414 ABGUHENTUI.

606 1454 857 1509 Met-Idas
887 1451 1195 1505 inﬁrmitatis
1220 1463 1327 1501 suae
1353 1457 1585 1514 tempore
1614 1446 1885 1500 Dominum
1910 1454 2077 1507 rogat.

538 1527 592 1578 It-
616 1544 663 1577 nt
694 1523 939 1589 legendus
969 1521 1031 1571 ad
1062 1519 1345 1571 Danielem.
1377 1515 1614 1589 Christus
1637 1515 1932 1589 deludaeis
1953 1516 2083 1566 dicit

534 1597 597 1645 ad
647 1585 871 1646 Patrem.
920 1588 1199 1641 Sciendum
1242 1598 1413 1638 autem
1454 1586 1589 1651 quod
1620 1596 1673 1637 et
1701 1586 1797 1637 iste
1829 1585 2076 1650 psalmus,

537 1674 750 1729 excepta
782 1674 882 1729 una
914 1659 1106 1729 littera,
1147 1656 1197 1707 in
1230 1654 1461 1729 IIebrzeis
1482 1654 1829 1707 voluminibus
1856 1653 2081 1720 scriptus

537 1742 611 1782 est
640 1771 654 1796 ,
672 1724 971 1783 secundum
999 1726 1231 1779 ordinem
1257 1724 1563 1776 litterarum.

1124 1828 1469 1867 EXPLANATIO.

608 1908 767 1959 David
788 1922 977 1971 semper
999 1904 1053 1957 in
1078 1904 1230 1954 titulis
1259 1900 1515 1971 Christum
1548 1898 1830 1971 signiﬁcare
1858 1939 1872 1959 ,
1903 1899 2076 1971 palam

535 1988 604 2031 est
631 1993 782 2028 manu
814 1968 987 2041 fortem
1014 1976 1064 2025 in
1093 1971 1361 2023 certamine
1388 1970 1630 2041 passionis
1654 2006 1670 2031 ,
1687 1968 2077 2041 desiderabilem

534 2052 584 2099 in
612 2048 836 2099 claritate
878 2036 1249 2095 resurrectionis
1272 2054 1291 2090 :
1326 2042 1411 2092 sed
1453 2039 1728 2103 aliquando
1775 2040 1826 2088 in
1864 2052 1938 2099 se,
1979 2036 2077 2087 ali-

534 2117 736 2182 quando
763 2115 814 2165 in
844 2114 946 2164 suis
984 2109 1394 2182 mentbris._ljum_
1414 2118 1591 2182 autem
1613 2107 1927 2182 praemittitur
1956 2105 2073 2167 ipsi,

538 2176 733 2237 nullam
759 2184 910 2234 aliam
950 2194 1209 2249 personam
1240 2177 1351 2228 licet
1378 2176 1591 2249 intelligi
1618 2213 1634 2239 ,
1665 2176 1749 2225 sed
1776 2176 1940 2249 ipsum
1969 2189 2074 2249 me-

532 2254 773 2307 diatorem
820 2250 911 2303 Dei
951 2244 994 2301 ιιι
1032 2248 1315 2314 hominum,
1357 2247 1442 2314 qui
1480 2261 1566 2313 per
1596 2254 1752 2295 totum
1781 2245 1912 2299 hunc
1937 2244 2069 2311 psal-

532 2340 663 2376 mum
712 2322 949 2388 loquitur,
993 2334 1141 2370 orans
1184 2318 1258 2388 ab_
1298 2312 1579 2367 humilitate
1624 2324 1864 2388 susceptae
1909 2315 2073 2388 carnis

538 2379 919 2455 penei-ultimm,
941 2379 1134 2440 debitas
1156 2385 1379 2437 indicans
1406 2400 1576 2455 pinnas
1608 2398 1707 2455 non
1733 2383 1894 2455 studio
1919 2379 2072 2455 male-

530 2449 754 2515 uolentiaa
782 2500 794 2520 .
843 2449 927 2510 sed
972 2455 1323 2507 contestatione
1367 2449 1611 2504 vindicta.
1665 2449 1833 2501 Prima
1864 2452 2077 2502 sectione

535 2542 641 2582 orat
676 2530 916 2579 Dominus
945 2524 1170 2577 Christus
1199 2538 1283 2591 per
1313 2522 1363 2571 id
1388 2525 1521 2588 quod
1550 2524 1697 2591 homo
1730 2530 1804 2591 est
1830 2527 1935 2591 ,λιιι
1966 2520 2075 2591 ejus

535 2601 773 2650 audiatur
822 2596 981 2647 oratio
1033 2587 1208 2656 futuro
1260 2587 1473 2659 tempore
1520 2589 1783 2659 passionis.
1842 2587 2073 2641 Secunda

532 2671 720 2737 gratias
747 2666 866 2730 egit,
894 2663 1125 2737 quoniam
1155 2657 1419 2713 exauditus
1442 2667 1511 2737 est
1532 2657 1686 2737 initis
1712 2658 2070 2737 qumpuslulaf

535 2724 639 2790 bat.
672 2733 734 2786 In
758 2724 933 2801 psalmi
965 2732 1061 2798 ﬁne
1091 2731 1330 2801 iungens,
1358 2738 1409 2779 ut
1436 2728 1689 2801 sicutjpse
1712 2724 1977 2801 suscitatus
2003 2735 2071 2801 est

537 2795 774 2868 potestate
805 2795 1072 2853 divinitatis
1096 2795 1200 2851 sua}
1221 2841 1235 2863 ,
1275 2798 1344 2848 ita
1369 2797 1534 2848 salvus
1558 2796 1641 2862 {tat
1670 2805 1711 2845 et
1736 2795 1947 2861 populus
1968 2795 2075 2859 ejus

535 2874 727 2926 nomini
754 2871 1047 2925 crediturus.

1079 2970 1495 3014 COMIIENTAIIIUS.

610 3077 684 3128 Ad
709 3084 773 3136 te,
808 3073 1033 3131 Domine,
1064 3070 1305 3121 clamabo.
1332 3057 1533 3121 Titulus
1560 3075 1639 3118 est
1670 3064 1804 3121 talis,
1837 3061 2076 3136 Psalmus

541 3146 653 3197 huic
684 3143 867 3195 David.
895 3139 1043 3206 Quod
1074 3142 1157 3203 qui
1201 3138 1329 3190 velit
1361 3151 1641 3203 exponere,
1674 3146 1955 3197 pronomen
1987 3138 2068 3183 ιιι·
2116 3173 2137 3193 ,
2181 3142 2317 3182 tuum
2344 3147 2363 3184 :
2393 3138 2439 3183 id
2462 3142 2563 3194 est,
2583 3138 2740 3183 utalii
2774 3138 3169 3197 videnteSOpera
3196 3146 3306 3183 mea
3341 3138 3609 3184 imitentur
3634 3146 3712 3193 ea,

541 3215 704 3262 sistat.
737 3212 950 3262 Nomina
991 3220 1209 3262 namque
1250 3207 1539 3262 signiﬁcant
1582 3200 1918 3255 substantiam
1950 3215 2068 3252 cum
2094 3178 2139 3231 (Α
2174 3211 2227 3252 et
2264 3200 2588 3253 conformant
2635 3213 2693 3253 se
2736 3200 2881 3262 mibi,
2916 3213 2965 3253 et
2995 3202 3069 3252 sic
3114 3199 3417 3253 sanctificati
3446 3201 3568 3251 [iant
3593 3211 3717 3252 tem-

536 3215 704 3266 sistat.
737 3200 950 3264 Nomina
991 3200 1209 3273 namque
1250 3200 1539 3272 signiﬁcant
1582 3200 1918 3273 substantiam
1950 3215 2068 3252 cum

539 3283 803 3348 qualitate.
839 3270 1150 3348 Pronomina
1172 3270 1487 3348 vero'solam
1526 3270 1867 3348 substantiam
1894 3308 1909 3332 ,
1938 3282 2068 3348 Qua-

540 3338 749 3418 propter
781 3348 954 3418 titulus
983 3344 1180 3418 iste_s_ic
1206 3342 1497 3418 “ponitur.
1526 3342 1761 3418 Ifsalmus
1789 3338 2069 3418 iste_attri-

541 3406 711 3472 iiuit'ur
742 3417 920 3479 David,
952 3430 1053 3468 non
1085 3406 1354 3483 historiali,
1386 3414 1461 3483 vel
1492 3411 1642 3483 alicu_i
1667 3406 2070 3483 cuiaccidenier

540 3490 813 3541 conveniat
848 3475 942 3538 hoc
965 3498 1159 3553 nomen
1196 3481 1373 3553 David,
1394 3482 1442 3553 si
1462 3481 1581 3553 linit:
1609 3477 1840 3553 David,i_d
1871 3484 1970 3553 est,
1998 3475 2071 3527 illi

540 3560 625 3624 qui
654 3552 1057 3610 substantialiter
1085 3560 1165 3624 est
1204 3551 1359 3623 David
1386 3590 1401 3612 ,
1433 3549 1480 3599 id
1507 3558 1585 3624 est
1613 3560 1766 3624 manu
1796 3543 1945 3624 fortis
1965 3553 2070 3624 _._ct

541 3613 652 3677 \iistt
684 3623 1059 3677 desiderabilis.
1106 3620 1195 3671 Est
1222 3620 1359 3669 enim
1385 3632 1479 3668 vox
1522 3617 1570 3667 in
1612 3616 1709 3666 hoc
1738 3615 1935 3679 psalmo
1963 3613 2069 3666 Me-

538 3697 769 3755 diatoris,
803 3707 921 3743 vere
962 3704 1114 3740 manu
1151 3687 1385 3751 lortis,in
1412 3688 1524 3751 ipso
1550 3683 1789 3737 conﬂictu
1816 3684 2070 3755 passionis

545 3751 986 3813 orantis'Patrem
1040 3771 1130 3823 pro
1167 3770 1257 3807 sua
1306 3754 1706 3815 resurrectione,
1739 3761 1795 3803 ut
1831 3766 1933 3803 non
1974 3751 2072 3804 dil—

544 3831 738 3882 leratttr
766 3830 818 3882 in
843 3840 1173 3879 communem
1206 3824 1656 3882 resurrectionem,
1690 3832 1743 3873 et
1772 3836 1862 3887 pro
1896 3834 2071 3873 resur-

543 3903 769 3951 rt-ctinne
806 3910 1013 3948 suorum
1062 3906 1196 3946 nunc
1226 3894 1431 3945 interim
1464 3892 1693 3945 interiori
1722 3928 1734 3953 ,
1761 3890 2072 3956 quandoque

538 3970 692 4020 etiam
720 3965 966 4022 exteriori
997 3981 1007 4023 ς
1039 3971 1091 4015 et
1130 3962 1266 4027 qttod
1298 3962 1395 4014 hoc
1422 3965 1609 4013 totiens
1636 3969 1685 4010 et
1717 3968 1819 4009 tant
1848 3957 2071 4023 diligen-

544 4047 620 4090 ter
646 4046 777 4099 orat,
804 4049 956 4088 nemo
994 4032 1146 4085 debet
1176 4032 1351 4083 mirari
1378 4070 1389 4091 ,
1416 4029 1532 4095 quia
1562 4029 1658 4080 tale
1684 4038 1733 4079 et
1767 4036 1965 4099 tantum
1993 4037 2070 4079 est

538 4105 675 4170 quod
718 4096 850 4167 orat,
896 4103 1032 4170 quod
1083 4100 1350 4167 multiplici
1391 4101 1676 4170 attentione
1724 4105 1776 4147 et
1824 4096 2072 4170 petitione

542 4165 750 4238 dignum
780 4165 847 4223 sit
871 4210 887 4235 ,
916 4165 967 4222 et
999 4184 1088 4237 per
1118 4170 1213 4221 ltoc
1243 4165 1346 4221 nos
1376 4167 1620 4219 admonet
1644 4204 1656 4226 ,
1685 4176 1877 4238 quanto
1899 4165 2071 4217 Studia

544 4235 877 4291 cit-desiderio
901 4235 1177 4301 promodo
1207 4247 1382 4290 nostro
1406 4237 1538 4288 idem
1566 4242 1745 4300 optare
1766 4235 2068 4287 debeamus.

541 4310 593 4361 Si
625 4308 760 4359 enim
786 4316 1177 4371 temporanettm
1208 4314 1364 4365 esset,
1397 4314 1449 4357 et
1478 4314 1579 4355 tam
1606 4305 1887 4370 jucundum
1910 4313 2069 4371 esset,

546 4392 666 4429 scre
702 4378 766 4428 ab
793 4374 1031 4427 omnibus
1061 4374 1457 4438 amplexandum
1488 4382 1653 4434 esset;
1688 4382 1881 4436 quanto
1912 4370 2071 4435 magis

544 4460 668 4513 ergo
692 4460 805 4497 cum
837 4446 905 4495 sit
933 4441 1195 4513 beatitudo
1234 4440 1674 4513 interminabilis,
1708 4438 1852 4513 cujus
1881 4438 2069 4506 gaudia

2187 582 2235 632 id
2282 592 2397 643 est,
2448 592 2503 633 ut
2543 590 2593 634 tu
2649 598 2910 648 nunquam
2955 584 3115 635 iratus
3155 597 3254 634 nun
3299 580 3490 640 sileas.
3542 580 3591 631 id
3623 589 3729 641 est,

2189 663 2291 701 non
2324 664 2521 701 annuas
2566 652 2955 716 interrogationi
3003 666 3259 716 meorum,
3286 649 3336 702 id
3366 657 3448 701 est
3472 690 3489 713 ,
3520 648 3729 714 petitio-

2186 720 2235 769 ni
2270 732 2447 770 eorum
2497 735 2589 785 pro
2627 720 3007 772 resurrectione
3029 720 3188 784 prima
3210 758 3231 785 ,
3282 731 3504 770 aversus
3535 716 3730 769 scilicet

2182 803 2211 838 a
2240 802 2334 849 me,
2368 789 2413 837 id
2440 796 2538 848 est,
2570 802 2596 838 a
2622 791 2771 840 meis.
2796 788 3047 841 lratorttm
3072 787 3209 839 enim
3239 787 3517 839 doctorum
3550 795 3633 838 est
3666 787 3727 836 si-

2183 856 2290 908 lere
2334 856 2396 907 ad
2450 858 2908 925 interrogationem
2958 855 3375 925 discipuIOrum,
3438 865 3487 907 el
3545 852 3724 925 faciem

2183 932 2439 976 avertere.
2472 923 2552 977 Ne
2590 923 2797 991 quando
2844 935 3006 977 taceas
3045 942 3075 976 a
3121 942 3213 987 me,
3263 923 3315 976 id
3366 932 3469 987 est,
3520 924 3587 974 ad
3634 924 3726 975 ttor

2180 996 2333 1044 etiam
2362 993 2598 1046 clamabo
2620 1032 2635 1056 ,
2680 1004 2733 1045 ut
2759 1005 2807 1047 lu
2835 1010 2936 1047 non
2972 1002 3142 1046 taceas
3172 993 3295 1046 milii
3329 993 3427 1059 ipsi
3457 1004 3677 1043 πει-ειη
3700 1011 3723 1041 a

2181 1079 2257 1113 me
2281 1102 2296 1124 ,
2331 1061 2379 1113 id
2410 1073 2509 1124 est,
2542 1075 2592 1113 ut
2622 1077 2725 1114 non
2752 1078 2964 1127 separes
2992 1064 3239 1116 unitatem
3273 1062 3422 1114 verbi
3458 1061 3533 1113 tui
3563 1075 3590 1111 a
3625 1075 3719 1113 me

2180 1132 2397 1193 Quando
2428 1146 2519 1197 pro
2547 1130 2822 1196 aliquando
2846 1170 2863 1195 ,
2897 1131 2945 1183 id
2972 1142 3091 1194 est,
3122 1132 3171 1183 itt
3205 1143 3374 1183 morte
3406 1144 3528 1181 mea
3557 1168 3572 1190 .
3616 1144 3725 1194 qu:

2183 1209 2302 1251 tunc
2326 1202 2546 1261 videtur,
2576 1200 2619 1251 si
2643 1199 2871 1252 dilferret
2892 1200 3007 1267 ejus
3030 1202 3471 1253 resurrectionem
3505 1200 3561 1249 in
3585 1212 3723 1250 com-

2182 1284 2391 1320 munem
2420 1270 2648 1320 omnium
2680 1270 3136 1322 resurrectionem.
3181 1269 3243 1321 Et
3273 1269 3393 1321 ideo
3423 1276 3481 1319 ut
3520 1282 3630 1318 non
3659 1268 3725 1319 si-

2185 1340 2291 1389 leas
2318 1338 2445 1389 meis
2471 1377 2484 1397 ,
2514 1351 2681 1401 neque
2712 1346 2881 1389 taceas
2906 1338 3030 1390 milii
3066 1354 3076 1388 :
3108 1338 3225 1405 quia
3255 1339 3295 1389 si
3328 1337 3546 1405 silueris
3574 1334 3720 1397 meis,

2179 1415 2333 1457 erunt
2358 1406 2553 1458 similes
2577 1406 2694 1457 aliis
2724 1404 3135 1458 descendentibus
3156 1410 3206 1457 iu
3233 1409 3421 1468 lacum,
3454 1404 3505 1455 id
3536 1413 3643 1465 est,
3677 1406 3721 1457 ἱιι

2182 1472 2495 1537 profundum
2522 1476 2761 1525 vitiorum
2790 1513 2802 1536 ,
2831 1475 2917 1527 ubi
2948 1475 3111 1540 posita
3137 1481 3483 1527 coiiteumunt
3506 1512 3521 1535 ,
3557 1488 3724 1537 neque

2185 1544 2267 1595 hic
2298 1544 2571 1609 participes
2595 1552 2718 1595 sunt
2747 1544 2927 1609 primm
2966 1545 3388 1603 resurrectioms.
3433 1552 3494 1593 ut
3517 1543 3725 1606 partici-

2183 1626 2272 1678 pes
2306 1614 2511 1663 tandctn
2560 1611 2682 1663 [iant
2720 1612 2982 1665 secundae.
3024 1612 3088 1665 Et
3126 1610 3169 1663 si
3214 1612 3439 1664 tacueris
3485 1611 3616 1662 milii
3646 1626 3726 1663 se—

2182 1680 2410 1747 parando
2433 1698 2459 1731 a
2489 1695 2572 1732 me
2602 1681 2847 1732 unitatem
2874 1681 3017 1733 verbi
3050 1682 3117 1733 ttti
3144 1721 3160 1743 ,
3190 1697 3272 1733 ero
3302 1680 3490 1732 similis
3520 1679 3725 1731 descen-

2180 1750 2405 1800 dentibus
2432 1750 2482 1800 in
2511 1750 2697 1808 lacum,
2731 1748 2779 1799 id
2804 1758 2902 1811 est,
2930 1750 3313 1815 corruptionem
3345 1749 3523 1801 carnis
3554 1750 3723 1799 incur-

2182 1832 2290 1869 ram
2316 1857 2332 1881 ,
2372 1817 2489 1883 quia
2519 1816 2868 1869 assimilamur
2892 1818 3007 1871 aliis
3036 1818 3169 1869 natis
3198 1817 3249 1870 in
3282 1816 3539 1882 profunda
3569 1831 3721 1869 mise-

2182 1887 2259 1938 ria
2289 1888 2439 1951 hujus
2463 1887 2638 1937 steculi
2662 1924 2676 1949 ,
2721 1901 2834 1949 qua:
2866 1896 2946 1939 est
2976 1888 3116 1938 lacus
3140 1886 3466 1938 confusionis
3493 1927 3506 1948 ,
3541 1884 3593 1936 in
3624 1900 3721 1949 qua

2178 1967 2440 2008 amatores
2472 1955 2650 2007 mundi
2692 1954 2741 2006 in
2773 1955 3047 2007 volutabra
3089 1956 3306 2007 luxuria:
3335 1965 3389 2007 et
3432 1952 3718 2006 carnalium

2176 2024 2714 2089 concupiscentiarmn
2766 2024 3130 2087 involvuntur,
3180 2033 3231 2076 et
3278 2024 3397 2077 ideo
3442 2022 3507 2074 ad
3557 2022 3719 2073 solam

2176 2097 2560 2161 corruptionem
2610 2092 2845 2144 tendunt.
2893 2094 2960 2144 Es
2996 2108 3060 2145 eo
3090 2092 3232 2145 enim
3266 2091 3411 2161 quod
3453 2090 3717 2143 mentitas

2174 2159 2423 2213 Verbi’tui
2455 2176 2555 2212 non
2586 2162 2882 2213 intermittit
2906 2163 3052 2213 unire
3081 2176 3137 2212 se
3169 2161 3292 2213 miln
3320 2163 3369 2212 iit
3401 2159 3503 2211 hoc
3532 2170 3589 2210 ιιι
3619 2173 3716 2209 non

2174 2229 2273 2281 sim
2302 2230 2415 2281 talis
2468 2228 2644 2295 quales
2676 2233 2849 2282 czeteri
2894 2230 2980 2297 qui
3012 2239 3293 2282 nascuntur
3326 2231 3376 2282 in
3410 2227 3715 2293 profundant

2177 2299 2439 2350 miseriam
2465 2298 2617 2365 ltujus
2650 2297 2827 2350 saeculi
2846 2340 2860 2365 ,
2891 2297 2977 2351 ubi
3004 2308 3250 2365 tanquam
3278 2300 3438 2350 sileas
3460 2336 3478 2363 ,
3511 2312 3613 2349 non
3635 2313 3719 2349 co-

2176 2368 2441 2433 gnoscitur
2470 2370 2683 2419 verbum
2716 2376 2878 2419 tuum.

2246 2443 2468 2509 Exaudi,
2493 2444 2908 2504 Domine,uocem
2928 2445 3166 2498 orationis
3184 2460 3320 2497 mete.
3353 2444 3517 2509 Quasi
3541 2445 3712 2498 dicat:

2173 2514 2269 2573 Ne,
2304 2513 2541 2576 Domine,
2573 2527 2668 2579 ego
2698 2516 2775 2565 vel
2807 2513 2910 2567 mei
2939 2514 3284 2567 assimiletnur
3311 2515 3718 2566 descendentibus

2174 2586 2225 2635 in
2254 2583 2437 2643 lacum,
2465 2582 2643 2633 exaudi
2671 2598 2837 2634 uocem
2876 2584 3238 2651 deprecationis
3278 2598 3402 2635 mea!
3452 2599 3471 2635 :
3527 2584 3574 2633 id
3615 2597 3713 2641 est,

2174 2653 2359 2704 exaudi
2383 2651 2603 2703 validam
2632 2652 2804 2703 cordis
2826 2653 3185 2710 intentionem,
3215 2666 3314 2718 qua
3354 2653 3615 2717 deprecor
3665 2663 3715 2704 te

2178 2736 2271 2783 pro
2306 2734 2390 2772 me
2422 2723 2532 2785 ipso
2557 2758 2571 2780 ,
2614 2728 2667 2771 ct
2709 2722 2892 2772 exaudi
2936 2735 3100 2773 vocem
3134 2721 3254 2771 dum
3296 2736 3383 2771 aro
3421 2722 3489 2770 ad
3538 2731 3582 2770 te
3627 2735 3718 2785 pro

2178 2788 2323 2841 meis.
2351 2791 2415 2840 Et
2441 2790 2559 2838 dum
2582 2787 2766 2839 extollo
2796 2803 2970 2840 manus
2996 2804 3146 2851 meas,
3176 2788 3226 2839 id
3264 2799 3363 2850 est,
3395 2790 3521 2840 dum
3562 2790 3713 2840 etiam

2177 2858 2479 2925 cruciﬁgor,
2504 2871 2688 2909 manus
2718 2870 2861 2908 meas
2891 2857 2941 2909 in
2968 2872 3121 2909 cruce
3147 2855 3449 2919 extollendo
3486 2858 3553 2907 ad
3601 2866 3717 2909 tein-

2176 2928 2558 2993 ptumsauctum
2578 2934 2717 2976 tuum
2738 2940 2757 2977 :
2786 2925 2836 2977 id
2856 2936 2956 2989 est,
2985 2927 3048 2978 ad
3073 2927 3168 2979 hoc
3196 2935 3249 2977 ut
3270 2935 3323 2978 ct
3350 2941 3443 2989 per
3465 2942 3547 2978 me
3575 2926 3714 2978 multi

2174 2996 2477 3047 sanetilicati
2505 2997 2627 3046 liaut
2648 2995 2897 3061 templum
2921 3004 3082 3048 tuum.
3118 2996 3201 3046 Vel
3231 2996 3419 3059 extollo
3442 3011 3641 3057 manus,
3667 2996 3715 3046 id

2177 3074 2276 3124 est,
2302 3064 2570 3115 manifesta
2594 3077 2747 3128 operit
2768 3074 2819 3115 et
2839 3070 2980 3131 signa
3008 3064 3135 3116 iacio
3154 3063 3220 3114 ad
3238 3064 3477 3126 templum
3498 3075 3716 3115 mictum

2181 3142 2317 3182 tuum
2344 3147 2363 3184 :
2393 3132 2439 3183 id
2462 3142 2563 3194 est,
2583 3132 2740 3183 utalii
2774 3132 3169 3197 videnteSOpera
3196 3146 3306 3183 mea
3341 3133 3609 3184 imitentur
3634 3146 3712 3193 ea,

2174 3275 2313 3337 plum
2344 3282 2505 3322 tuum.
2540 3267 2803 3335 Templum
2827 3270 2957 3321 enim
2982 3266 3074 3320 Dei
3091 3277 3179 3328 est,
3199 3271 3330 3334 quod
3360 3269 3480 3320 estis
3512 3284 3622 3319 eos.

2244 3345 2322 3398 Ne
2342 3346 2488 3397 simul
2515 3348 2685 3396 tradas
2711 3361 2787 3397 me
2806 3361 2915 3397 cum
2940 3346 3295 3413 peccatoribus.
3316 3344 3459 3405 Ideo,
3478 3344 3712 3405 Domine,

2174 3429 2239 3466 ne
2268 3414 2425 3466 sileas
2456 3413 2606 3477 meis,
2636 3421 2692 3464 ut
2719 3429 2819 3465 non
2853 3419 3026 3466 tradas
3051 3429 3141 3466 eos
3172 3414 3221 3465 iit
3246 3423 3467 3466 mortem
3502 3414 3714 3474 ιετυΐιιυ-

2173 3484 2352 3535 ditatis
2395 3483 2636 3535 vitiorum
2667 3484 2905 3535 similiter
2926 3497 3042 3535 cum
3074 3482 3191 3536 aliis
3222 3482 3601 3548 peccatoribus.
3656 3485 3717 3534 Et

2172 3551 2290 3604 ideo
2318 3566 2382 3604 ne
2412 3559 2583 3604 taceas
2610 3552 2757 3615 mihi,
2786 3566 2846 3603 ne
2869 3553 3049 3616 perdas
3080 3567 3155 3603 me
3203 3563 3222 3601 τ
3257 3552 3306 3603 id
3354 3561 3458 3614 est,
3503 3563 3552 3603 ut
3614 3566 3712 3607 uois

2174 3622 2267 3673 des
2297 3636 2379 3673 me
2407 3619 2457 3671 in
2492 3620 2834 3687 perditionem
2866 3620 3215 3687 corruptionis
3246 3636 3360 3671 cum
3396 3622 3713 3684 operantibus

2169 3690 2499 3756 iniquitatem,
2529 3690 2577 3740 id
2607 3698 2708 3749 est,
2732 3704 2848 3742 cum
2880 3689 3071 3741 Judmls
3098 3692 3184 3756 qui
3214 3701 3500 3752 operantur
3550 3694 3603 3740 in
3632 3702 3713 3741 me

2172 3759 2597 3824 iniquitatetn,et
2647 3772 2799 3822 quam
2857 3757 3182 3824 iniquitatem
3230 3757 3479 3818 Ostendit,
3512 3760 3711 3809 scilicet

2164 3830 2254 3893 qui
2277 3830 2543 3892 loquantur
2563 3840 2734 3891 pacem
2752 3826 2835 3877 hic
2852 3827 3082 3878 exterius
3105 3842 3214 3878 cum
3241 3840 3324 3877 me
3347 3826 3575 3892 proximo
3602 3841 3709 3885 suo.

2170 3905 2223 3947 et
2249 3897 2533 3948 secundum
2565 3907 2773 3945 carnem
2804 3903 2855 3947 et
2882 3907 3131 3959 quantum
3168 3895 3231 3946 ad
3281 3895 3707 3957 misericordiam,

2171 3979 2324 4030 quam
2372 3963 2448 4015 cis
2490 3964 2739 4015 exhibere
2762 3965 2898 4016 volui
2930 3966 3166 4017 dicentes
3201 3980 3211 4014 :
3244 3962 3503 4030 Magister,
3530 3968 3710 4013 sciurus

2170 4035 2286 4100 quia
2308 4048 2459 4084 verax
2481 4048 2548 4091 es,
2572 4045 2617 4082 et
2646 4033 2774 4083 riam
2804 4033 2894 4083 Dei
2923 4035 2974 4084 in
3024 4034 3223 4084 veritate
3252 4034 3417 4091 dorcs,
3445 4042 3497 4082 et
3550 4032 3709 4082 multa

2174 4104 2384 4154 similia.
2428 4100 2491 4153 In
2513 4101 2744 4152 cordibus
2772 4111 2936 4153 autem
2962 4117 3152 4163 eorum,
3181 4102 3302 4153 licet
3349 4116 3521 4165 pacem
3568 4115 3709 4152 estc-

2172 4174 2281 4223 rius
2312 4172 2608 4237 loquantur,
2632 4178 2755 4221 sunt
2784 4173 2919 4221 mala
2950 4185 2967 4222 :
2992 4171 3111 4235 quia
3135 4168 3446 4221 meditantur
3473 4173 3704 4220 traditio.

2174 4255 2291 4291 nem
2349 4255 2515 4291 meam
2557 4248 2609 4290 et
2634 4250 2854 4292 mortem
2884 4254 3076 4290 meam.
3110 4240 3172 4291 Et
3199 4239 3336 4303 ideo,
3367 4240 3597 4301 Domine,
3650 4239 3708 4287 da

2172 4308 2273 4359 illis
2298 4308 2571 4358 secundum
2596 4322 2749 4369 opera
2772 4309 2995 4372 ipsorum
3023 4322 3041 4357 :
3072 4310 3119 4358 id
3148 4318 3251 4368 εει,
3274 4310 3530 4373 accipiant
3571 4308 3705 4373 quod

2172 4386 2457 4428 merentur.
2488 4375 2547 4427 Et
2568 4376 2631 4427 da
2665 4375 2765 4427 illis
2784 4377 3055 4427 secundum
3085 4378 3358 4443 aequitum
3403 4378 3708 4427 adiuratio-

2174 4460 2292 4496 num
2313 4447 2572 4511 ipsorum:
2604 4445 2651 4495 id
2683 4454 2781 4504 est.
2805 4445 2927 4512 quia
2958 4446 3053 4511 ipsi
3100 4460 3193 4512 per
3235 4443 3519 4509 nequitiam
3568 4459 3704 4496 suam

544 4500 686 4566 nullo
709 4517 805 4565 line
828 4511 1135 4566 clauduntur
1158 4550 1171 4571 ,
1212 4508 1468 4575 nullisque
1496 4500 1922 4577 amaritudinibus
1954 4522 2069 4573 per-
2102 4500 2153 4563 ἰ)
2176 4500 2509 4566 θαηινὲηίυηι
2537 4523 2587 4566 ει
2609 4500 2850 4567 παροιάηί
2900 4500 3057 4577 maia,
3100 4500 3205 4566 'non
3252 4500 3516 4564 ιηὲεηίειηι
3558 4514 3704 4573 [βαίη.

547 4584 837 4635 turbantur.
873 4580 1159 4633 Novissime
1186 4594 1308 4631 vero
1337 4579 1506 4632 sciens
1526 4618 1539 4639 ,
1572 4577 1687 4641 quia
1717 4576 1868 4627 Pater
1897 4577 2068 4628 omnia

544 4653 681 4705 dedit
701 4654 748 4705 ei
779 4650 829 4702 in
852 4662 1053 4711 manus,
1079 4657 1131 4701 et
1150 4650 1282 4715 quod
1309 4648 1358 4700 iu
1387 4648 1625 4699 onmibus
1646 4660 1763 4699 eum
1788 4646 2067 4711 exaudivit,

546 4725 650 4785 agit
700 4720 889 4786 gratias
937 4717 1032 4783 ipsi
1078 4733 1088 4765 2
1136 4717 1251 4782 quia
1299 4732 1414 4767 eum
1457 4726 1508 4769 et
1549 4730 1642 4781 pro
1681 4728 1738 4766 se
1764 4724 1815 4766 et
1846 4730 1938 4779 pro
1966 4716 2071 4768 suis

546 4790 843 4851 exaudivit,
875 4786 1155 4839 exhortans
1185 4798 1275 4835 nos
1298 4822 1312 4844 ,
1346 4794 1398 4834 ιιι
1424 4786 1473 4834 et
1501 4800 1593 4835 nos
1618 4793 1861 4849 quantum
1892 4797 2073 4851 possu-

550 4871 661 4909 mus
690 4896 704 4916 ,
735 4850 848 4923 ejus
876 4854 1113 4921 exemplo
1134 4853 1325 4923 gratius
1354 4866 1568 4917 agamus
1594 4891 1608 4913 ,
1641 4861 1697 4903 ut
1732 4852 1781 4923 in
1816 4850 2073 4923 petitioni-

552 4924 642 4976 bus
688 4920 877 4977 nosttis
906 4926 1059 4977 etiam
1099 4920 1329 4975 exaudiri
1374 4935 1683 4972 mereamur.
1724 4920 1870 4983 Quod
1902 4931 2071 4972 autem

549 5009 598 5041 ιιι
626 4993 721 5044 hoc
747 4994 943 5058 psalmo
974 4991 1193 5044 inimicis
1222 5000 1403 5060 Optare
1433 4988 1654 5050 videtur,
1684 5004 1786 5060 non
1810 4997 1889 5040 est
1915 4990 2075 5060 male-

544 5057 785 5120 volentia:
808 5071 1003 5124 votum,
1035 5061 1124 5114 sed
1153 5057 1476 5113 enumeratio
1500 5073 1663 5123 posti-.1:
1686 5058 1915 5121 illorum,
1940 5057 2074 5109 sicut

546 5136 597 5181 in
644 5130 923 5197 Evangelio
968 5129 1273 5193 quibusdam
1317 5128 1616 5197 civitattbus
1657 5126 1919 5178 miraculis
1961 5126 2074 5197 eius

544 5201 761 5251 credere
792 5195 1087 5250 nolentibus
1126 5212 1224 5247 nou
1273 5195 1637 5250 malemlentia
1680 5204 1824 5260 optat
1850 5210 1963 5261 quas
1993 5195 2073 5246 di-

542 5271 633 5325 cit.
662 5269 751 5321 sed
782 5268 903 5333 quid
946 5264 1020 5316 eis
1062 5264 1357 5333 immineat,
1388 5267 1652 5329 praemittit
1677 5302 1691 5326 ,
1730 5265 1911 5333 dicens
1941 5280 1955 5333 _:
1996 5262 2076 5315 Vt:

542 5338 649 5399 tibi,
680 5330 967 5393 Coru'saim;
994 5347 1064 5385 viz
1091 5332 1196 5395 tibi,
1230 5330 1519 5396 Betttsaida,
1543 5343 1645 5386 etc.
1688 5333 1830 5383 Nunc
1853 5331 1913 5383 ad
1938 5331 2077 5383 line»

548 5421 655 5455 ram
687 5412 1005 5455 accedemus.
1046 5401 1149 5453 Vox
1190 5404 1369 5465 cupitis
1412 5412 1489 5453 est
1514 5441 1526 5460 ,
1560 5414 1613 5454 ιιι
1644 5417 1799 5465 supra
1828 5401 2073 5461 diximus.

544 5475 613 5523 ita
644 5488 735 5537 pro
764 5488 819 5524 se
850 5482 899 5524 et
944 5486 1039 5536 pro
1062 5470 1168 5523 suis
1203 5472 1335 5536 apud
1368 5469 1571 5521 Patrem
1610 5471 1829 5535 agentis.
1862 5469 2077 5522 Domine

550 5542 696 5593 l’ater
715 5584 726 5605 ,
758 5556 853 5605 ego
876 5542 961 5607 qui
988 5540 1093 5605 jam
1117 5541 1334 5592 clamavi
1366 5548 1416 5589 et
1448 5542 1633 5595 clamo,
1666 5539 1891 5589 clamabo
1914 5538 1978 5588 ad
2006 5548 2069 5601 te,

551 5609 596 5657 id
622 5619 719 5669 est,
748 5610 961 5660 validum
991 5610 1163 5660 cortlis
1187 5609 1517 5660 intentionem
1546 5617 1595 5657 et
1624 5624 1670 5656 ιιι
1697 5619 1849 5659 meet
1869 5608 1919 5659 in
1946 5608 2075 5658 meis

550 5678 763 5742 dirigam
795 5680 902 5730 sine
936 5678 1318 5731 ititertttissione
1356 5677 1419 5729 ad
1467 5688 1533 5738 te,
1572 5677 1688 5739 quia
1730 5679 1816 5739 qtti
1858 5690 1916 5728 es
1946 5676 2077 5729 licus

552 5748 777 5799 omnium
829 5763 915 5814 per
960 5758 1231 5813 naturam,
1288 5761 1434 5800 meus
1483 5756 1652 5798 autem
1701 5753 1752 5797 ct
1805 5759 2075 5809 meorum,

2176 4584 2266 4635 scd
2316 4583 2580 4634 inveniant
2620 4582 2775 4635 mala.
2808 4585 2871 4635 Et
2898 4585 3114 4635 retribue
3141 4585 3240 4636 illis
3266 4584 3537 4633 secundum
3563 4598 3706 4650 spera

2173 4667 2411 4703 manuum
2431 4668 2598 4703 eorum
2624 4667 2643 4705 :
2672 4652 2723 4703 id
2753 4660 2853 4715 est,
2886 4653 3133 4705 licetaliis
3157 4652 3323 4720 prosit
3346 4655 3477 4719 quod
3499 4653 3702 4710 locittttt.

2175 4720 2251 4772 eis
2282 4730 2451 4772 tamen
2483 4721 2709 4773 retribue
2732 4722 3015 4772 secundum
3042 4724 3179 4787 quod
3219 4723 3513 4773 intendunt.
3544 4722 3702 4773 Judaci

2175 4790 2311 4839 enim
2344 4788 2707 4855 crucillgentes
2736 4788 2919 4849 Deum,
2943 4790 3009 4841 ad
3032 4790 3160 4842 nihil
3202 4791 3343 4855 aliud
3373 4803 3463 4855 per
3491 4802 3703 4844 mortem

2176 4860 2288 4919 eius
2320 4858 2668 4920 intenderunt,
2702 4857 2798 4909 nisi
2851 4868 3050 4910 tantum
3104 4861 3165 4910 ad
3220 4862 3499 4924 permutem
3553 4860 3705 4924 ipsius

2178 4929 2351 4987 unius,
2387 4924 2503 4977 licet
2535 4935 2678 4991 pater
2710 4926 2978 4993 providam
3010 4926 3461 4995 dispensationem
3489 4944 3701 4982 conver-

2179 5002 2295 5047 terit
2323 4996 2382 5045 ad
2414 4996 2630 5047 salutem
2669 4998 2968 5048 multorum.

2246 5062 2311 5113 Et
2330 5064 2481 5114 redde
2502 5064 2622 5129 ipsis
2661 5065 3026 5116 retributionem
3069 5079 3258 5117 eorum.
3303 5064 3461 5130 Quasi
3505 5065 3642 5118 dicit
3686 5078 3699 5114 :

2176 5130 2275 5197 Ipsi
2304 5147 2395 5197 pro
2424 5141 2639 5185 veritate
2661 5148 2813 5201 quam
2836 5133 2911 5184 eis
2943 5131 3214 5197 pra-dicati
3241 5136 3519 5188 falsitatem
3545 5136 3700 5193 solani

2176 5202 2534 5252 retribuebaut
2553 5203 2702 5263 milti,
2728 5205 2849 5267 quia
2875 5206 3033 5255 multa
3056 5205 3123 5255 de
3168 5219 3253 5257 me
3308 5204 3512 5257 mentiti
3568 5209 3697 5253 sunt.

2180 5267 2244 5321 Ut
2268 5272 2474 5331 quando
2512 5270 2751 5321 dixerunt
2794 5287 2805 5320 :
2854 5267 3142 5324 Invenimus
3185 5275 3321 5325 hunc
3361 5275 3700 5323 sumtum

2176 5346 2367 5403 gentem
2390 5348 2630 5390 nostram.
2658 5336 2722 5389 Et
2745 5342 2822 5390 hic
2848 5341 2976 5391 dixit
2999 5355 3013 5392 .'
3047 5340 3260 5392 Possum
3286 5341 3554 5391 destruere
3589 5348 3703 5392 tcta-

2178 5407 2313 5471 plum
2339 5405 2451 5469 Dei,
2478 5411 2718 5459 et-multa
2749 5410 2901 5471 talia;
2948 5422 2998 5461 et
3032 5412 3148 5462 ideo
3174 5410 3335 5461 redde
3362 5408 3466 5459 illis
3516 5409 3699 5463 [alsiu-

2180 5482 2303 5537 tem,
2331 5486 2384 5525 ut
2428 5476 2671 5527 exca'cati
2700 5479 2898 5529 scilicet
2925 5479 2975 5528 in
3003 5478 3111 5543 ipsa
3136 5486 3494 5543 permaneant.
3521 5477 3587 5529 Et
3615 5481 3699 5529 ltoc

2178 5544 2322 5607 quasi
2353 5544 2549 5597 diceret
2571 5560 2671 5596 non
2693 5556 2771 5597 est
2792 5548 3196 5606 maletmlenttte,
3228 5548 3318 5596 Sed
3361 5555 3442 5598 est
3469 5556 3697 5599 enuntia-

2181 5620 2250 5663 ιιο
2278 5614 2464 5665 debitae
2487 5626 2655 5679 pinnas
2678 5614 2905 5666 illorum.
2936 5615 3180 5679 Quoniam
3211 5612 3303 5678 ipsi
3336 5628 3435 5666 Itan
3456 5616 3699 5667 inultm-

2176 5692 2292 5732 runt
2317 5696 2335 5733 :
2364 5682 2412 5733 id
2446 5677 2543 5753 est,
2576 5698 2675 5734 non
2704 5677 3281 5749 intelligente/tremat
3301 5685 3378 5753 fin
3406 5699 3575 5753 opm
3619 5680 3697 5734 ι)ιὶ

2180 5754 2360 5819 putris,
2386 5752 2506 5819 quia
2532 5765 2633 5805 non
2666 5752 2998 5807 advertetuut
3018 5765 3122 5819 quo
3148 5752 3368 5805 consilio
3399 5752 3536 5808 Deus
3564 5762 3698 5819 pater
