3912 6230
596 426 691 473 (3'13

635 427 695 478 25
1082 419 1272 475 ltEDH‘Z
1313 420 1750 476 VENERABIIJS
1787 422 1930 477 OPP.
1973 422 2143 478 PARS
2183 423 2241 478 ll.
2283 424 2474 482 SECT.
2515 426 2575 481 l-l.
2617 456 2681 467 -
2722 426 2917 482 DUDIA
2964 428 3047 483 ΕΤ
3084 425 3351 484 SPURIA.

3677 428 3765 484 6‘13

594 540 711 600 quia
742 536 1089 605 principaliter
1110 536 1267 607 duces
1296 535 1526 587 omnium
1557 546 1694 599 sunt,
1722 548 1773 589 ct
1819 540 1936 607 quia
1983 540 2111 592 alios
2139 542 2186 597 A
2213 538 2609 605 drosLibani,et
2633 539 2729 594 boc
2751 539 2905 593 modo
2929 540 3347 606 confringentur:
3374 538 3499 607 quia
3525 538 3763 598 Dominus

597 614 645 662 in
674 609 773 661 lide
799 616 1086 673 genuerunt
1109 620 1198 672 per
1222 605 1575 669 Evangelieam
1602 605 2039 673 prredicationem,
2073 624 2123 667 et

596 676 713 747 quia
744 686 955 743 utroque
976 690 1133 728 cornu
1159 674 1365 747 feriunt,
1389 673 1437 725 id
1458 683 1554 747 est,
1579 687 1795 747 utroque
1811 686 2121 736 testamento

589 742 887 800 sententias
904 760 1023 797 suas
1052 745 1359 811 approbant,
1384 755 1432 795 et
1463 742 1597 795 dicta
1631 745 1955 800 inimicorum
1999 763 2122 804 con-

592 818 847 884 iringunt;
880 823 931 867 et
968 814 1227 881 quomodo
1251 813 1677 884 delreaiitallerre
1705 826 1754 868 et
1785 830 1841 869 se
1888 825 1939 869 et
1989 818 2121 873 ﬁlios

582 882 727 949 suos,
760 885 984 937 ostendit
1012 886 1186 935 dicetis
1214 898 1227 933 :
1254 882 1436 948 A/Ierte
1464 883 1668 935 Domino
1707 887 1915 951 gloriam
1954 897 1999 940 et
2033 890 2121 941 lio-

585 972 776 1017 norein,
804 956 849 1006 id
880 963 977 1017 est,
1015 968 1105 1003 tos
1134 952 1408 1017 gloriosos,
1442 951 1489 1003 id
1519 963 1628 1016 est,
1660 956 1990 1010 honorabiles
2020 958 2118 1009 vir-

586 1027 779 1078 tutibus
805 1033 854 1077 et
886 1024 1033 1075 bonis
1063 1021 1337 1091 operibus;
1377 1032 1425 1073 et
1458 1038 1521 1091 ne
1562 1024 1697 1074 illam
1750 1026 1964 1091 gloriam
2020 1028 2117 1080 sibi

580 1094 959 1158 adscriberent,
984 1090 1151 1143 subdit
1183 1110 1196 1141 :
1228 1089 1429 1156 Alfene,
1456 1090 1683 1159 inquam,
1708 1089 1915 1159 gloriam
1946 1094 2119 1147 Domi-

583 1180 667 1226 no,
701 1162 769 1215 ita
794 1176 843 1211 ui
867 1163 1003 1214 illam
1029 1176 1128 1213 non
1160 1159 1350 1213 nomini
1374 1168 1566 1224 vestro,
1596 1164 1685 1214 sed
1730 1171 1900 1215 tamen
1931 1167 2120 1219 nomini

578 1238 687 1303 ejus
709 1232 1043 1303 glorilicando
1071 1229 1393 1303 adscribatis.
1420 1228 1491 1303 ‘Et
1529 1232 1601 1283 sic
1648 1231 1881 1303 adorate,
1922 1234 1969 1286 id
2015 1246 2113 1300 est,

582 1299 896 1354 {enerainini
946 1299 1216 1352 Dominum
1259 1300 1309 1350 in
1333 1299 1463 1350 atrio
1498 1312 1667 1351 sancto
1697 1301 1825 1366 ejus,
1857 1304 1904 1353 id
1934 1313 2033 1365 est,
2064 1299 2114 1359 itt

584 1372 831 1433 ltcclesia,
858 1386 971 1437 quae
995 1378 1073 1422 est
1098 1379 1333 1420 sanctum
1377 1369 1561 1420 atrium
1601 1370 1733 1437 ejus,
1761 1371 1808 1421 id
1834 1380 1915 1423 est
1944 1373 2115 1426 Domi-

578 1442 631 1493 ni
663 1442 813 1507 :quia
842 1436 976 1493 sicut
1004 1437 1190 1489 atrium
1216 1436 1523 1490 vestibulum
1555 1436 1690 1507 quod
1735 1449 1816 1493 est
1861 1452 1981 1495 ante
2023 1445 2116 1496 do-

581 1526 757 1571 mum,
786 1513 917 1562 solet
966 1508 1157 1571 vocari,
1213 1508 1261 1558 in
1308 1521 1408 1573 quo
1449 1522 1587 1571 saepe
1632 1509 1815 1562 domus
1866 1510 2114 1567 Dominus

578 1579 865 1632 delectatur
894 1596 905 1631 :
936 1577 1000 1628 ita
1030 1576 1255 1629 Ecclesia
1285 1584 1365 1627 est
1393 1578 1535 1643 quasi
1561 1578 1748 1630 atrium
1788 1590 1907 1632 ante
1955 1586 2113 1636 cmle.

578 1657 708 1699 stem
740 1647 970 1711 domum,
1000 1645 1117 1705 quia
1151 1660 1239 1712 per
1279 1659 1395 1713 eam
1443 1646 1701 1707 iiitroitur,
1735 1646 1797 1698 ad
1851 1648 2013 1713 illam,
2058 1651 2109 1704 iii

578 1734 676 1784 qua
701 1718 944 1787 Ecclesia
981 1714 1230 1787 Dominus
1282 1712 1430 1787 bonis
1487 1716 1716 1787 moribus
1763 1726 1817 1771 et
1858 1722 2111 1787 operibus

575 1783 878 1857 delectatur.
909 1783 999 1838 Vel
1027 1786 1080 1857 in
1100 1791 1271 1835 sancto
1301 1783 1429 1857 atrio
1466 1788 1600 1857 ejus,
1624 1784 1803 1857 idest,
1854 1783 1915 1840 in'
1950 1791 2109 1845 corde

2229 608 2449 662 Verbum
2473 625 2645 673 suum,
2669 612 2779 663 sive
2808 608 3054 663 Dominus
3076 619 3218 676 inter
3235 623 3397 675 agens
3421 624 3518 673 per
3547 608 3759 665 Verbum

2224 680 2539 733 comminuet
2568 694 2655 732 eas
2682 679 2887 739 cedros,
2922 684 3003 731 Vel
3033 692 3123 730 eos
3150 680 3410 742 homines,
3445 678 3761 744 signiticatos

2223 762 2316 816 per
2335 748 2543 812 cedrus,
2572 758 2812 816 tanquam
2842 750 3030 799 vitulus
3070 747 3253 800 Libani
3278 756 3358 800 est
3389 750 3754 801 comminutos.

2227 814 2423 870 Vitulus
2450 824 2585 871 enim
2617 814 2919 870 in'Libano
2962 827 3111 869 natus
3155 824 3209 869 et
3252 817 3504 879 nutritus,
3528 818 3757 872 Christus

2216 887 2414 939 scilicet
2445 888 2509 940 de
2532 888 2641 951 ipso
2668 886 2862 939 Libano
2886 887 2950 938 ad
2977 886 3235 938 victimam
3263 886 3479 951 ductus,
3508 903 3675 951 usque
3700 894 3754 940 ait

2218 966 2435 1009 mortem
2461 955 2755 1009 humiliatus
2776 964 2873 1009 est.
2899 955 2974 1009 Ad
2997 955 3148 1022 hujus
3169 957 3443 1019 eseiiiplar
3462 958 3754 1011 comminui

2217 1025 2403 1077 ci-dros
2449 1026 2737 1089 Dominus,
2776 1026 2893 1092 quia
2934 1025 3054 1078 illos
3103 1025 3188 1092 qui
3237 1028 3378 1090 prius
3425 1036 3583 1078 erant
3627 1030 3754 1081 cedri

2220 1092 2371 1145 faciet
2399 1094 2587 1147 imitari
2615 1095 2957 1147 humilitatem
2985 1094 3117 1161 ejus.
3152 1093 3215 1145 Et
3242 1094 3357 1145 ideo
3392 1094 3516 1146 dico
3559 1098 3752 1146 contini-

2217 1172 2329 1232 nuet
2349 1180 2430 1216 eas
2452 1175 2684 1226 tanquam
2716 1162 2946 1225 vitulum,
2967 1166 3085 1230 quia
3112 1163 3339 1223 dilatus,
3366 1163 3419 1215 id
3448 1175 3552 1226 est,
3588 1168 3751 1232 unige-

2218 1230 2354 1285 iiitus
2375 1234 2461 1285 Dei
2480 1233 2636 1285 Filius
2662 1248 2766 1298 pra:
2791 1233 3029 1285 omnibus
3049 1234 3265 1293 electus,
3290 1242 3343 1285 et
3364 1232 3523 1285 unice
3543 1230 3752 1286 dilectus

2213 1301 2331 1366 crit,
2357 1304 2770 1368 quemadmodum
2795 1318 2921 1352 unus
2956 1303 3016 1352 de
3041 1302 3159 1367 [iliis
3200 1300 3548 1362 tinicornium,
3581 1304 3629 1354 id
3660 1317 3749 1365 est,

2213 1372 2313 1440 erit
2339 1372 2493 1423 homo
2521 1372 2654 1440 sicut
2679 1385 2796 1437 ego.
2834 1371 2979 1424 Unde
3026 1372 3184 1423 etiam
3234 1370 3429 1422 dicitur
3456 1373 3504 1421 iu
3535 1371 3707 1440 Moyse
3737 1391 3745 1422 :

2214 1438 2482 1492 Suscitabit
2513 1438 2754 1492 Dominus
2776 1441 3069 1507 prophetam
3088 1441 3148 1491 de
3169 1440 3408 1506 fratribus
3432 1438 3636 1499 uestris,
3657 1454 3751 1492 tan-

2210 1523 2361 1574 quam
2383 1526 2457 1562 me
2480 1524 2497 1561 :
2520 1509 2570 1577 id
2590 1519 2688 1573 est,
2716 1511 2971 1562 hominem
2995 1516 3050 1560 ut
3074 1522 3170 1576 ego
3199 1523 3333 1560 sum.
3363 1510 3541 1577 Ipsum
3565 1514 3749 1575 audite;

2212 1579 2337 1629 venit
2356 1580 2485 1630 enim
2508 1576 2728 1632 Christus
2751 1579 2800 1629 in
2830 1578 3199 1647 similitudinem
3222 1581 3387 1630 carnis
3409 1584 3626 1647 peccati,
3643 1583 3746 1647 quia

2210 1646 2275 1716 de
2298 1649 2653 1712 peccatoribus
2678 1660 2828 1700 natus
2854 1658 2952 1711 est,
2978 1646 3068 1699 sed
3108 1663 3208 1698 non
3257 1648 3305 1698 in
3357 1646 3523 1701 carne
3582 1646 3748 1716 pecs»

2213 1715 2325 1768 trici
2352 1733 2365 1767 :
2393 1720 2509 1784 quia
2540 1727 2792 1782 peccatum
2819 1732 2914 1768 non
2945 1718 3081 1782 fecit,
3106 1731 3192 1784 nec
3228 1716 3375 1769 dolus
3412 1715 3649 1772 inventus
3690 1735 3746 1774 est

2210 1784 2259 1855 in
2286 1800 2368 1838 ore
2391 1785 2519 1855 ejus.
2557 1786 2842 1839 Unicoriies
2866 1787 3107 1855 dicuntur
3134 1783 3324 1855 Judaei,
3372 1787 3457 1837 vel
3510 1788 3745 1855 singulari

578 1873 666 1933 per
686 1856 987 1933 duritatem
1014 1853 1247 1913 dilatato,
1279 1861 1331 1904 et
1358 1850 1508 1933 bimis
1536 1855 1798 1933 operibus,
1821 1865 1872 1909 et
1900 1858 2107 1911 virtuti-
2138 1871 2187 1933 Β
2209 1850 2425 1933 iustitia}
2442 1855 2775 1933 sriperbia_se
2800 1854 3085 1933 erigentes,
3112 1854 3192 1908 vel
3240 1854 3288 1904 in
3336 1855 3532 1933 altera
3558 1850 3742 1933 tantum

576 1926 676 1977 bus
704 1924 1121 1997 sanctiticato‘et
1162 1932 1374 1997 ornato._
1415 1921 1595 1976 Solent
1642 1926 1779 1977 enim
1835 1934 2110 1997 utrumque

571 1998 679 2047 lioc
710 1993 918 2052 habere,
942 1993 1141 2043 scilicet
1169 2000 1219 2042 et
1245 1990 1470 2056 spatiosa
1500 2000 1553 2045 et
1574 2004 1752 2044 ornata
1782 2008 1919 2048 esse.

652 2062 759 2115 Vox
790 2060 986 2113 Domini
1004 2076 1160 2125 super
1181 2075 1350 2127 aquas.
1381 2058 1511 2113 Vere
1535 2061 1733 2115 debetis
1764 2079 1897 2117 nunc
1922 2066 2110 2121 aﬁ'erre

577 2147 668 2185 vos
716 2134 951 2194 Domino,
976 2139 1028 2183 et
1056 2129 1272 2181 adorare
1300 2142 1440 2181 cum.
1485 2130 1610 2183 Nam
1643 2146 1779 2184 nunc
1806 2140 2007 2198 tempus
2028 2146 2110 2190 est

574 2204 665 2257 ille
684 2202 768 2270 qui
807 2216 833 2251 a
856 2198 1138 2267 νΡῐορΙιοιίε
1165 2199 1403 2270 Salvator
1433 2200 1629 2252 futurus
1657 2212 1980 2267 pruiconatus
2006 2216 2105 2270 est,

574 2266 712 2325 nunc
735 2271 906 2333 adest,
936 2266 1025 2336 per
1054 2283 1201 2337 quem
1234 2266 1575 2337 mediatorern
1604 2266 1817 2337 putestis
1840 2287 1931 2325 vos
1959 2266 2108 2328 nece;

572 2341 820 2410 ptabiletn
853 2335 1307 2410 liostiatnﬁoﬂerre.
1337 2335 1500 2410 Quod,
1528 2335 1616 2392 sici
1644 2338 1767 2410 dicit
1797 2356 1809 2392 :
1856 2340 1961 2394 Vox
2002 2343 2107 2395 Do-

572 2404 716 2472 inini,
741 2412 789 2462 id
818 2419 915 2469 est,
944 2405 1189 2473 unigetiiti
1220 2406 1306 2458 Dei
1342 2404 1458 2458 Filii
1487 2408 1723 2473 intonuit,
1750 2409 1797 2460 id
1825 2423 1925 2471 cat,
1950 2417 2104 2465 terri-

580 2479 751 2532 biliter
779 2479 845 2529 de
892 2474 1029 2529 nube
1058 2475 1227 2527 carnis
1275 2475 1501 2527 insonuit
1546 2492 1693 2544 super
1731 2493 1904 2544 aquas,
1932 2481 1980 2532 id
2027 2491 2107 2535 est

577 2561 734 2619 super
761 2547 1003 2619 .ludaicos
1030 2546 1246 2619 populos
1276 2544 1615 2619 dicens_:nisi
1638 2547 1970 2615 paenitentiam
1995 2566 2108 2619 ege-

574 2617 709 2678 ritis,
731 2615 1023 2686 moriemini.
1053 2616 1241 2667 Dicitur
1263 2624 1433 2686 autem
1455 2615 1698 2686 Juilaicus
1722 2619 1941 2683 pepulus
1958 2615 2105 2686 aqua:

577 2685 842 2752 pluraliter
866 2723 881 2747 ,
907 2684 985 2736 vel
1018 2696 1225 2750 propter
1268 2683 1538 2737 duodecim
1568 2685 1770 2750 tribus,
1793 2701 1909 2753 quae
1957 2683 2105 2741 erant

570 2768 719 2821 quaSt
774 2753 964 2823 diversi
1011 2755 1206 2817 pepuli,
1236 2752 1315 2823 vel
1362 2765 1573 2821 propter
1624 2755 1736 2807 illas
1773 2752 1903 2807 duas
1933 2770 2105 2823 partes

573 2824 905 2895 principales,
936 2821 1119 2875 dudum
1150 2821 1343 2895 scilicet
1370 2833 1421 2889 et
1448 2823 1709 2895 l~r.ielem.
1740 2823 1801 2875 Et
1830 2821 2105 2895 vox‘cujus

577 2894 803 2947 Domitii.
835 2895 1155 2952 intonuerat,
1190 2892 1500 2947 determinat
1521 2918 1544 2955 ,ι
1567 2892 1786 2944 dicens:
1819 2891 1955 2947 Deus
1999 2891 2103 2949 ma-

568 2964 851 3046 iestatis,.id
872 2970 972 3039 est,
998 2962 1405 3039 onitiipoteiitim,
1430 2976 1547 3014 vere
1577 2961 1803 3046 existens
1836 2963 2100 3046 Dominus,

576 3030 688 3101 ipse
715 3032 921 3099 quidem
944 3030 1177 3091 intonuit,
1204 3044 1302 3080 neu
1337 3041 1531 3084 tantutn
1563 3043 1717 3096 snpcr
1753 3030 1961 3085 Judzcos
2014 3051 2104 3101 per

576 3100 654 3165 se,
676 3105 765 3154 sed
793 3104 948 3154 etiam
973 3100 1186 3172 intonuit
1220 3114 1309 3166 per
1353 3114 1446 3153 vos
1488 3102 1911 3172 iipostoliis_suos
1954 3100 2103 3172 αφεν

570 3188 725 3237 aquas
746 3172 948 3232 multas,
973 3169 1022 3221 id
1048 3176 1146 3234 est,
1178 3183 1279 3219 non
1305 3179 1501 3223 tantum
1548 3182 1705 3234 super
1752 3168 1978 3237 .ludteos,
2010 3168 2100 3225 Sed

571 3242 727 3293 etiam
758 3254 913 3305 super
941 3250 1143 3306 gentes.
1178 3239 1240 3290 Et
1284 3238 1544 3305 quomodo
1584 3248 1636 3290 ut
1690 3238 1971 3293 intoouerit
2009 3258 2104 3295 vox

573 3307 774 3364 Domini
799 3318 852 3363 et
881 3310 930 3360 in
958 3321 1016 3359 se
1035 3316 1085 3359 et
1108 3306 1158 3358 in
1187 3307 1294 3359 suis
1347 3307 1656 3362 determinat
1694 3308 1871 3361 dicens
1925 3327 1937 3361 :
2003 3310 2107 3365 Vox

576 3379 781 3433 Domini
812 3380 861 3432 in
887 3380 961 3431 sei
972 3392 1061 3444 pso
1088 3377 1310 3429 intonuit
1333 3381 1383 3429 in
1405 3380 1601 3439 uirtute,
1627 3375 1674 3427 id
1699 3388 1777 3429 εει
1798 3378 1878 3429 vel
1905 3393 2103 3433 summa

573 3450 825 3519 potentia,
856 3463 958 3501 non
986 3447 1304 3519 inﬁrmitate.
1338 3448 1483 3500 Unde
1520 3445 1713 3519 dctum
1738 3455 1867 3519 est:
1900 3446 1962 3499 Et
1999 3460 2103 3504 erat

573 3512 775 3589 loquens
802 3534 902 3569 non
924 3520 1053 3568 sicut
1078 3516 1249 3589 scriba:
1287 3532 1478 3589 eorum,
1497 3524 1546 3589 et
1590 3512 1853 3589 Pharisaei,
1877 3520 1963 3569 sed
1994 3528 2103 3570 tan-

572 3586 722 3658 quam
760 3596 1047 3658 potestatem
1076 3587 1280 3658 tiaberis.
1309 3588 1379 3658 lii
1430 3586 1537 3637 suis
1576 3595 1694 3635 ante
1741 3586 1965 3658 intonuit
2011 3604 2105 3640 vox

573 3654 776 3709 Domini
802 3661 853 3707 in
884 3656 1281 3722 magniﬁcentia,
1306 3656 1353 3707 id
1383 3664 1462 3706 est
1493 3658 1539 3705 iii
1584 3654 1850 3719 magniﬁca
1901 3658 2063 3721 gloria
2087 3698 2100 3721 ,

572 3732 771 3779 scilicet
809 3733 866 3777 ut
908 3740 1009 3776 tioit
1062 3732 1256 3793 tantum
1299 3724 1659 3793 prtcdicarent,
1687 3726 1775 3793 sed
1806 3726 1959 3777 etiam
1988 3742 2103 3793 qtire

574 3795 919 3863 pra-dicabant
943 3792 1103 3860 signis
1127 3790 1512 3845 conﬁrmarent.
1548 3791 1691 3845 Unde
1731 3792 1922 3845 dictum
1972 3790 2051 3848 est
2088 3814 2098 3847 :

574 3869 678 3919 Deo
704 3875 999 3931 reaperante
1021 3900 1036 3927 ,
1068 3870 1112 3913 et
1152 3878 1420 3914 sermonem
1449 3866 1770 3925 con/irritante
1797 3866 2102 3929 sequentibus

571 3938 744 4002 signis.
768 3935 1001 3998 Qualiter
1022 3943 1202 4002 autem
1224 3932 1471 3984 Dominus
1495 3946 1590 4002 per
1605 3946 1725 3983 suos
1753 3932 1802 3983 iii
1836 3936 2100 4001 magniﬁca

572 3999 735 4069 gloria
760 4003 999 4064 intonuit,
1027 4001 1247 4053 osrcndit
1277 4003 1451 4053 dicens
1484 4017 1497 4051 :
1552 3999 1689 4065 Vox,
1714 3999 1953 4069 inquam,
1999 4005 2102 4056 Do-

577 4073 697 4123 mini
716 4074 932 4123 intonutt
956 4072 1003 4121 in
1026 4069 1163 4133 suis;
1190 4070 1365 4122 Libani
1388 4073 1500 4122 dico
1526 4075 1714 4133 cedros,
1742 4069 1789 4121 id
1813 4081 1909 4133 est,
1936 4076 2099 4125 boini-

576 4154 673 4193 nes
696 4142 860 4192 elatos
907 4138 1118 4200 divitiis,
1152 4150 1397 4205 potentia,
1432 4149 1483 4193 et
1524 4143 1677 4191 etiam
1725 4140 1989 4193 nobilitate
2037 4145 2101 4196 de

579 4209 809 4277 quolibet
836 4209 1138 4279 pepiiloriim
1185 4223 1274 4273 per
1304 4211 1441 4275 ipsiis
1470 4212 1885 4275 ciiiistriiigentis.
1924 4214 1970 4261 id
1996 4222 2098 4279 est,

580 4275 743 4345 usque
781 4281 841 4327 ad
875 4275 1226 4343 paﬁllllellllalll
1258 4279 1575 4329 humilitatis.
1611 4281 1672 4329 Et
1701 4293 1817 4329 sere
1844 4275 2099 4345 quaslibet

578 4354 767 4401 cedrus
793 4362 881 4413 per
909 4349 1316 4419 eosconlringct
1360 4346 1627 4419 Dolllllltts,
1648 4348 1783 4419 quia
1823 4350 2099 4419 confringet

578 4418 725 4468 itiam
747 4427 914 4468 cedros
942 4416 1134 4474 Libani,
1160 4419 1293 4482 quiid
1317 4427 1395 4467 est
1428 4432 1452 4465 ii
1484 4415 1681 4479 majori.
1715 4415 1934 4469 Lit-auus
1962 4415 2097 4471 enim

578 4488 944 4553 interpretatur
967 4489 1289 4548 Candidatus,
1327 4486 1435 4536 sive
1473 4485 1777 4535 Candidatio.
1835 4484 1931 4537 Per
1951 4486 2099 4540 Liba-

580 4572 701 4607 iittiii
729 4572 897 4622 itaque
931 4556 1229 4620 intelligitur
1283 4554 1522 4605 .ltrdiiicus
1566 4558 1800 4619 pepulns,
1832 4555 1913 4621 qui
1967 4563 2099 4609 litter

580 4638 800 4680 caeteros
855 4622 1068 4691 ιιυιιιιοε
1120 4625 1321 4673 cultura
1368 4625 1617 4672 idolorum
1674 4633 1725 4673 ct
1785 4624 2099 4689 ignobilitate

580 4710 752 4745 l'tll'tils
779 4709 924 4760 quasi
955 4695 1247 4756 denigt-iitus
1275 4692 1525 4741 candidus
1566 4692 1780 4760 exstitit,
1802 4707 1851 4743 et
1894 4706 2100 4757 generis

581 4759 852 4814 nobilitate
880 4772 933 4812 et
956 4764 1187 4812 saeculari
1213 4761 1458 4824 potentia,
1491 4769 1540 4809 cl
1564 4759 1681 4824 quia
1714 4766 1837 4827 legis
1881 4763 2101 4814 cerimo-

584 4835 695 4882 nias
723 4832 1049 4896 singulariter
1076 4830 1291 4895 accepit.
1336 4830 1438 4880 .l’zr
1478 4829 1663 4879 cedrus
1708 4840 1879 4880 autem
1920 4827 2099 4883 Liliatii

579 4903 789 4965 superbi
817 4906 881 4951 de
908 4900 1121 4951 Judaico
1152 4901 1336 4963 populo
1379 4900 1749 4963 intelliguntur,
1775 4900 1859 4964 qui
1891 4911 2101 4965 propter

584 4970 832 5018 malitiam
885 4969 1191 5034 singularem
1243 4981 1394 5034 quam
1444 4968 1542 5019 sibi
1579 4972 1908 5033 airogabant,
1937 4971 2101 5036 magis

580 5050 786 5102 semper
835 5037 1032 5087 veritati
1078 5039 1514 5087 contradixerunt.
1562 5037 1804 5102 Quosque
1852 5036 2101 5106 confregit

582 5110 634 5158 in
665 5116 808 5173 parte
833 5118 924 5170 per
949 5120 1005 5156 se
1028 5115 1078 5155 et
1099 5121 1186 5169 per
1208 5108 1466 5171 apostolos
1505 5119 1625 5156 suos
1670 5106 1935 5168 Dominus,
1967 5109 2098 5160 baud

582 5180 798 5228 dubium
825 5181 904 5224 est
931 5175 1049 5239 quin
1074 5176 1262 5225 inultos
1288 5176 1417 5226 alios
1446 5176 1615 5226 minus
1664 5178 2098 5238 contradicentes,

575 5256 628 5297 et
646 5245 797 5297 facile
818 5257 1043 5295 errorem
1062 5256 1208 5292 suum
1230 5244 1946 5309 cogiioscetites,cotifregerit.
1962 5246 2101 5297 (ien—

579 5328 659 5366 tes
712 5316 847 5365 enim
896 5327 1010 5377 qua:
1056 5315 1353 5362 (.t‘ettlutetn
1397 5323 1644 5364 creatura:
1685 5323 2099 5379 postposuerant,

577 5386 730 5435 laede
758 5397 812 5432 se
839 5396 1039 5433 errasse
1056 5389 1423 5446 cognoverunt,
1444 5388 1495 5431 et
1519 5383 1632 5431 ideo
1648 5382 1819 5433 statim
1843 5385 1903 5433 ad
1919 5397 2100 5434 sonum

574 5451 874 5519 apostoiicie
916 5464 1053 5502 vocis
1100 5456 1469 5515 piniiitueruiit.
1524 5450 1576 5501 Si
1632 5463 1800 5499 autem
1856 5453 1978 5502 illud
2039 5454 2101 5502 ad

584 5524 859 5575 Dominam
894 5519 1057 5583 ipsum
1082 5527 1350 5583 releiatiir,
1379 5530 1494 5570 tunc
1515 5520 1695 5570 cedrus
1722 5521 1861 5584 prius
1876 5523 1937 5571 ad
1965 5522 2103 5572 solos

579 5593 789 5644 Juda'os
844 5594 1129 5663 toleremus
1180 5606 1190 5637 :
1241 5596 1291 5639 ct
1335 5588 1468 5663 quod
1517 5602 1763 5663 sequitur,
1793 5590 2006 5663 scilicet,
2042 5588 2105 5640 Et

577 5665 855 5724 COttll’mgel
912 5654 1149 5706 Dominus
1193 5660 1361 5708 cedrus
1399 5654 1608 5720 Liboni,
1656 5658 2103 5711 dcierniitiativuni

582 5738 780 5778 tantum
810 5728 926 5786 erit,
952 5740 1077 5791 quas
1099 5730 1280 5776 (‘t‘tll'OS
1307 5726 1634 5791 confregerit.

646 5796 709 5847 Li
734 5806 1017 5847 ίυιιιηιιηιέἰ
1040 5812 1136 5849 ios.
1165 5796 1286 5848 Dico
1313 5796 1447 5862 quod
1477 5797 1717 5848 Dominus
1737 5797 2007 5866 confringit
2029 5812 2105 5852 ce-

2212 1932 2544 1986 testamento,
2574 1926 2679 1976 sive
2700 1924 2748 1975 iu
2773 1923 2989 1976 terrenis
3011 1924 3198 1985 solum,
3225 1936 3326 1975 non
3353 1925 3403 1974 in
3432 1926 3742 1985 caalesubus.

2208 1995 2544 2047 conﬁdentes.
2571 1992 2661 2045 Vel
2684 1994 2832 2045 aliter
2865 2010 2877 2046 :
2912 1992 3042 2046 Vere
3070 1996 3366 2044 comminuet
3396 2010 3484 2045 eas
3512 1995 3743 2050 Dominus

2209 2064 2673 2134 tanquaiirvitulum
2696 2061 3025 2134 Lib_ani,quia
3050 2061 3261 2134 dilectus
3286 2076 3304 2113 :
3337 2061 3513 2134 idest,
3540 2082 3743 2134 quisque

2210 2129 2258 2182 in
2284 2133 2385 2183 lide
2414 2131 2641 2194 electus;
2674 2144 2723 2184 et
2746 2132 2861 2183 ideo
2886 2133 3104 2183 dilectus
3129 2132 3227 2200 erit
3252 2132 3489 2194 immitis,
3516 2129 3736 2200 quam.

2206 2201 2409 2251 modum
2434 2200 2570 2267 ﬁlius
2590 2202 2897 2252 unicornium
2914 2240 2927 2262 ,
2960 2200 3008 2250 id
3031 2199 3383 2263 est,Cliristus
3408 2199 3620 2256 buniilis
3642 2207 3741 2257 luit.

2211 2268 2299 2321 Vel
2327 2270 2552 2335 dilectus,
2585 2270 2634 2321 id
2662 2280 2770 2333 est,
2802 2269 3092 2335 unigenitus
3124 2268 3209 2321 Dei
3244 2269 3403 2321 Filius
3420 2278 3739 2327 comminue-

2208 2346 2290 2390 tur
2314 2339 2377 2391 ad
2402 2355 2517 2391 eum
2547 2340 2756 2391 modum
2775 2377 2790 2402 ,
2820 2338 2883 2404 ad
2908 2353 3057 2406 quem
3106 2338 3315 2389 modum
3338 2341 3435 2390 erit
3466 2342 3611 2405 filim
3640 2362 3738 2395 itm-

2206 2410 2456 2469 carnium,
2487 2408 2536 2461 id
2559 2417 2659 2472 est,
2706 2418 2902 2459 tantum
2932 2408 3214 2459 secundum
3245 2422 3457 2460 carnem
3512 2413 3738 2463 humilis-

2203 2475 2341 2528 bitur
2367 2478 2614 2539 exterius,
2648 2491 2748 2529 nan
2780 2490 2902 2529 vero
2926 2478 3208 2528 secundum
3232 2477 3479 2529 deitatem
3508 2480 3729 2535 interius.

2288 2544 2392 2597 Vox
2421 2545 2631 2598 Domini
2659 2546 2995 2599 intercidentis
3022 2546 3275 2612 flammam
3304 2547 3453 2613 ignis.
3497 2548 3624 2601 Vere
3649 2567 3733 2603 ro:

2207 2613 2408 2666 Domini
2448 2616 2725 2684 confringet
2766 2616 2970 2679 cedros,
3013 2615 3129 2681 quia
3172 2615 3443 2668 interordet
3485 2618 3733 2683 ﬂammam

2204 2685 2365 2751 ignis,
2412 2695 2464 2737 et
2502 2687 2761 2738 concutiet
2792 2688 3070 2749 deiertum,
3115 2694 3168 2737 et
3204 2686 3427 2751 reliqua.
3479 2690 3625 2750 Quod
3665 2695 3733 2742 sit:

2202 2757 2364 2805 dicit:
2405 2752 2515 2805 Vox
2562 2753 2762 2806 Domini
2805 2754 3087 2815 intonabit,
3140 2754 3341 2805 Domini
3374 2755 3494 2806 dico
3542 2760 3732 2808 interei-

2204 2824 2366 2875 dentis
2388 2838 2406 2874 :
2437 2824 2484 2876 id
2514 2835 2613 2883 est,
2639 2824 2917 2876 ditidciitis
2943 2833 2994 2874 et
3014 2824 3304 2887 separantis
3326 2824 3561 2888 [laminas
3587 2831 3727 2891 ignis,

2205 2892 2285 2944 vel
2312 2893 2566 2945 [urentem
2604 2893 2733 2947 iram
2775 2902 3186 2958 persecuturum,
3218 2894 3355 2957 quod
3390 2903 3511 2945 tunc
3544 2900 3727 2951 factum

2203 2970 2283 3013 est
2305 2964 2511 3028 quando
2538 2977 2627 3029 per
2651 2964 3069 3029 praedicationem
3095 2964 3455 3025 apostolorum
3481 2968 3726 3031 quosdam

2203 3031 2269 3083 de
2295 3030 2373 3083 bis
2399 3033 2483 3099 qui
2511 3034 2653 3099 prius
2685 3042 3046 3099 persecutores
3078 3032 3310 3093 luerunt,
3339 3034 3390 3084 itt
3423 3035 3726 3089 cliaritateni

2204 3114 2353 3151 suum
2386 3103 2623 3166 trajecit,
2671 3104 2919 3167 quosdam
2954 3114 3078 3151 vero
3109 3104 3157 3151 in
3194 3104 3428 3167 nequitia
3458 3117 3548 3152 sua
3580 3110 3725 3157 dere-

2207 3167 2373 3235 liquit.
2432 3169 2558 3233 Vox,
2606 3166 2843 3234 inquam,
2880 3166 3081 3219 Domini
3131 3166 3358 3221 intonuit
3409 3176 3727 3227 caiicutientis

2206 3244 2469 3310 desertum,
2506 3242 2553 3291 id
2590 3251 2688 3302 est,
2728 3240 2981 3310 getttilent
3006 3241 3247 3310 potitilum
3303 3256 3445 3301 prius
3493 3262 3520 3291 a
3571 3250 3725 3310 patri-

2204 3308 2406 3371 arcliis,
2444 3309 2710 3376 prophetis
2734 3317 2788 3359 et
2810 3308 3014 3359 eti-teris
3042 3309 3233 3361 divinis
3262 3315 3423 3361 cultui
3445 3308 3725 3365 IDUSDCI’C-

2208 3376 2424 3448 lictiim;
2472 3388 2525 3431 et
2571 3378 2687 3430 ideo
2725 3379 2993 3430 desertum
3032 3381 3327 3443 concutiet,
3386 3388 3433 3430 id
3482 3392 3589 3443 est,
3640 3401 3726 3448 per

2205 3447 2625 3510 pricilicationeiii
2675 3449 3025 3511 apustolorum
3079 3450 3321 3507 exetilet,
3376 3461 3427 3499 et
3479 3447 3720 3505 arabiteiii

2204 3524 2394 3566 terrain
2427 3516 2594 3568 faetet.
2630 3514 2695 3567 Et
2724 3525 2818 3565 tioc
2846 3516 3014 3565 taliter
3042 3518 3145 3575 ﬁet,
3173 3520 3289 3581 quia
3326 3517 3571 3570 Dominus
3598 3538 3721 3573 (cm-

2204 3586 2431 3647 movebit,
2461 3586 2507 3637 id
2538 3590 2634 3643 est,
2666 3584 2913 3636 celebrari
2946 3585 3093 3636 iacret
3122 3587 3184 3636 ab
3214 3587 3316 3637 illis
3344 3600 3721 3645 CUIIIHIOVCIL‘JO

2203 3656 2265 3705 ad
2292 3660 2470 3706 eorum
2500 3654 2732 3705 notitiam
2768 3668 2856 3719 per
2890 3655 3160 3719 Αροδιυιυε
3191 3661 3441 3707 desertum
3474 3659 3648 3721 (,‘ades,
3676 3666 3719 3715 id

2204 3734 2542 3793 cstrsanctum
2580 3725 2704 3789 legis
2735 3738 2760 3772 a
2793 3725 2987 3773 Jtida-is
3021 3728 3158 3789 prius
3190 3738 3446 3791 qiiaiitntii
3479 3732 3540 3779 ad
3574 3735 3715 3793 spiri-

2206 3792 2391 3844 tiialeni
2420 3795 2733 3843 intellectum
2766 3792 3051 3854 desertum,
3086 3805 3135 3845 et
3164 3796 3480 3856 sitiipliciter
3504 3801 3564 3847 ad
3594 3792 3717 3853 litte-

2204 3873 2310 3912 ram
2341 3862 2680 3913 intellectum.
2718 3861 2886 3934 Gades
2912 3862 3048 3913 enim
3070 3874 3293 3912 siinctiim
3330 3867 3455 3933 legis
3484 3868 3717 3934 interpre-

2205 3940 2356 3980 tatur.
2411 3932 2469 3981 lit
2518 3945 2618 3997 quo
2666 3932 2816 3981 ιιιοιιυ
2847 3934 3109 3982 desertum
3159 3934 3281 3983 illud
3334 3932 3717 3992 cittttiiioveaiiir

2202 4011 2413 4065 exponit
2442 4001 2655 4052 dlielts:
2698 4001 2799 4051 Vox
2834 3999 3032 4050 Domini
3064 4002 3351 4065 intonabit,
3396 4014 3713 4071 pra‘parantis

2201 4083 2395 4132 cervos,
2445 4072 2491 4120 id
2535 4080 2644 4131 est,
2686 4085 2769 4135 qni
2807 4073 3117 4135 prinparabit
3145 4076 3413 4136 apostolos
3444 4091 3712 4140 exsupera-

2204 4147 2339 4209 torcs
2385 4150 2435 4189 et
2482 4143 2774 4205 repulsores
2807 4150 3074 4191 rciieiiatc
3105 4142 3361 4193 docuit”:
3407 4154 3459 4195 et
3503 4160 3709 4209 ρριρυαο

2200 4207 2361 4260 sionis
2391 4209 2622 4269 illorum,
2670 4211 2751 4273 qui
2798 4209 2845 4259 iu
2890 4212 3107 4261 terrenis
3138 4224 3310 4261 verant
3347 4207 3708 4267 beatitudinem

2203 4289 2351 4341 [0588
2395 4278 2568 4350 haberi
2610 4280 2894 4343 putabunt,
2946 4291 2997 4350 et
3045 4283 3175 4329 alios
3205 4283 3471 4333 docebant
3518 4285 3567 4333 in
3616 4302 3709 4350 quo

2200 4357 2320 4397 sunt
2340 4347 2506 4397 cervis
2531 4350 2923 4409 cotiipurabiles.
2954 4349 3235 4399 Ct-rvorum
3260 4354 3403 4400 enim
3432 4361 3513 4402 est
3540 4347 3708 4405 natura

2200 4417 2413 4480 singulis
2442 4418 2589 4467 anuis
2619 4426 2671 4467 iit
2700 4430 2894 4467 cornua
2935 4417 3190 4482 deponunt
3222 4456 3236 4477 ,
3286 4431 3337 4470 et
3384 4420 3707 4485 ὶιιιιυγιιυιιιτ,

2203 4496 2507 4557 venenatum
2540 4496 2829 4551 serpentem
2859 4490 2970 4539 sine
3008 4488 3174 4557 aliqua
3207 4489 3425 4539 ιωμιυιιε
3457 4494 3707 4557 trauSglu-

2134 4540 2177 4596 D
2205 4555 2424 4605 tineiites
2450 4569 2462 4605 :
2496 4565 2538 4605 et
2568 4540 2655 4619 per
2679 4556 2772 4605 ltos
2794 4570 2991 4618 cervos,
3016 4556 3065 4607 id
3092 4540 3191 4616 est,
3219 4570 3309 4623 per
3335 4561 3433 4609 bos
3454 4540 3708 4621 προδεδιιῷ

2198 4624 2427 4673 reuelabit
2475 4624 2723 4675 Domitius
2768 4629 3033 4677 condensa.
3088 4630 3234 4689 Quod
3281 4638 3362 4677 cst
3410 4632 3601 4680 dictum
3647 4632 3706 4682 ad

2198 4693 2608 4743 siniilttudiiietti.
2662 4694 2843 4744 Solent
2886 4696 3023 4747 enim
3074 4697 3211 4747 certi
3263 4697 3402 4749 inter
3450 4704 3705 4751 candensa

2200 4772 2467 4810 nemorum
2500 4761 2875 4835 ingredientes,
2922 4777 3094 4814 ramos
3129 4766 3253 4835 ipsis
3284 4767 3536 4818 cornibus
3564 4782 3706 4835 sepao

2201 4840 2336 4897 rare,
2366 4841 2418 4880 et
2446 4843 2681 4895 campum
2716 4833 2799 4881 ubi
2831 4843 3105 4897 pascantur
3133 4834 3225 4884 sibi
3274 4844 3327 4884 et
3370 4838 3489 4886 aliis
3514 4833 3703 4887 anima-

2202 4896 2333 4946 libus
2376 4898 2610 4963 aperire,
2664 4911 2798 4951 sicut
2834 4896 3007 4953 'sancti
3058 4901 3278 4968 aposroli
3326 4916 3613 4967 otiacitates
3656 4918 3705 4957 et

2198 4969 2397 5018 oeculta
2438 4970 2677 5035 mysteria
2720 4971 3138 5037 Scripturaruiu,
3189 4974 3239 5022 iii
3289 4975 3478 5037 quibus
3524 4987 3575 5026 et
3615 4976 3701 5040 ipsi

2200 5048 2536 5101 pascerentur
2562 5042 2766 5090 etalios
2798 5050 3095 5106 pascereiit,
3134 5053 3489 5105 aperuerunt;
3534 5054 3585 5096 et
3630 5044 3704 5095 uis

2197 5107 2474 5157 ciitidensis
2506 5122 2595 5171 per
2622 5116 2885 5171 aplISl0l08
2912 5118 2963 5159 et
2991 5122 3169 5160 eorum
3200 5122 3537 5164 successores
3566 5126 3703 5163 rese-

2200 5172 2523 5245 lansonines,
2561 5179 2607 5227 id
2643 5188 2723 5227 est
2760 5177 2912 5243 aliqui
2943 5178 3008 5229 de
3035 5180 3249 5245 singulis
3278 5186 3523 5243 gentibus
3550 5184 3702 5231 dicent

2199 5242 2409 5315 gloriam
2435 5282 2450 5307 ,
2498 5248 2545 5296 id
2588 5258 2704 5307 eSt,
2752 5242 3139 5301 annuntiabum'
3165 5242 3382 5315 gloriam
3428 5248 3627 5299 Domini
3655 5251 3704 5301 in

2202 5312 2377 5383 templo
2405 5321 2529 5380 ejus,
2580 5316 2627 5374 id
2671 5324 2750 5365 est
2794 5319 2839 5366 iii
2873 5315 3124 5380 Ecclesia,
3156 5312 3266 5383 qum
3294 5332 3400 5369 noit
3430 5319 3600 5368 solum
3628 5326 3701 5369 La-

2200 5380 2528 5433 Lernucutuiu
2563 5383 2651 5433 Dei
2679 5384 2884 5446 dicitur,
2931 5388 3020 5437 sed
3067 5380 3221 5439 eum.
3266 5394 3454 5437 domus
3490 5397 3543 5438 et
3581 5400 3703 5439 [clu-

2204 5450 2534 5521 ldlllllﬁ‘jtlb‘,
2584 5462 2637 5502 et
2682 5456 2778 5504 lioc
2814 5466 3032 5520 qiiisque
3064 5458 3213 5506 lacict
3260 5469 3355 5519 pro
3401 5458 3543 5507 dono
3570 5460 3701 5521 quod

2201 5520 2396 5589 accepit
2416 5539 2441 5570 a
2466 5521 2659 5585 Spiritu
2681 5536 2881 5585 sancto,
2899 5524 3106 5589 quidam
3128 5522 3263 5575 enim
3287 5526 3441 5575 dictis
3462 5534 3513 5575 et
3536 5528 3702 5588 lactis,

2200 5588 2405 5659 quidam
2436 5605 2557 5642 reio
2587 5606 2678 5656 pro
2707 5593 2829 5643 solis
2858 5588 3005 5645 bonis
3034 5594 3278 5659 operibus
3308 5603 3358 5644 et
3383 5609 3461 5645 sic
3486 5599 3702 5646 diversis

2203 5658 2399 5720 nitidis;
2435 5660 2529 5711 lioc
2557 5671 2727 5712 autem
2758 5664 2871 5714 ideo
2899 5658 3118 5723 eietiiet,
3149 5674 3269 5728 quia
3301 5660 3543 5713 Dominus
3581 5666 3699 5713 dum

2202 5727 2465 5793 vagabitur
2494 5730 2542 5780 in
2574 5744 2689 5779 :iica
2722 5746 2843 5791 sua,
2888 5732 2933 5780 td
2963 5741 3043 5781 est
3073 5735 3121 5782 in
3150 5727 3531 5783 Ecclesiasticis
3562 5734 3697 5782 nisti-

2204 5805 2344 5861 ttit.s,
2375 5800 2422 5851 in
2454 5804 2635 5866 quibus
2667 5813 2783 5853 uClU
2810 5815 3021 5867 ammte,
3056 5803 3103 5855 id
3134 5811 3244 5865 est,
3274 5821 3284 5844 ι
3310 5814 3457 5853 niues
3487 5804 3697 5867 pertecu
