3912 6230
223 384 332 443 6‘25

918 382 980 436 IN
1022 376 1425 435 PSALMURUM
1468 373 1710 432 LIBRUM
1751 370 2099 428 EXEGESIS.
2138 399 2204 410 -—
2246 367 2486 424 PSALM.
2529 365 2716 421 XXIX.

3300 359 3399 414 6‘26

222 479 582 562 Salvabuntur.
614 505 708 558 hac
737 515 788 557 et
816 481 940 557 illac.
961 517 1053 568 per
1077 500 1326 556 diluvium
1349 542 1362 563 ,
1411 497 1459 551 id
1503 505 1612 558 est,
1655 508 1746 568 per
1776 491 1821 547 Δ
1847 491 1900 542 in
1925 503 2161 568 corpore,
2185 485 2320 540 unde
2341 485 2534 568 dictum
2562 493 2670 568 est:
2701 481 2832 563 Deus
2860 479 3011 568 Pater
3029 478 3388 568 qdlc’tﬁflllll‘t

225 576 468 628 homines
511 575 595 643 qui
645 576 786 640 prius
831 565 981 627 erant
1024 573 1184 643 iptasi
1219 571 1468 643 diluvium
1504 568 1654 631 positi
1698 565 1746 616 in

225 646 487 708 profundo
516 639 777 704 vitiorum,
817 653 867 695 et
894 646 944 695 in
976 642 1221 707 procellis
1249 639 1536 708 carnalium
1567 649 1759 708 conca:

225 702 629 780 piscentiarum,
683 702 826 773 faciet
872 702 1079 763 sanctos
1127 724 1248 780 suos
1299 707 1588 780 inhabitare
1637 702 1760 780 illud

224 772 491 837 diluvium.
539 785 590 836 ιιι
618 772 718 844 est,
753 782 1088 834 habitabilem
1121 791 1172 841 ει
1202 777 1424 831 fertilem
1459 785 1648 844 terram
1683 772 1758 824 la-

228 868 357 908 cere
389 855 522 918 illos,
555 854 637 920 qui
672 843 814 921 prius
843 861 994 904 erant
1022 851 1268 921 diluvium
1297 865 1308 899 :
1343 857 1397 921 et
1415 845 1488 921 sic
1519 843 1763 896 Dominus

226 925 436 986 sedebit,
465 915 938 976 lioc'est'baliitahit
965 922 1012 971 in
1037 919 1158 981 illis,
1185 920 1250 969 ita
1280 926 1334 968 ut
1360 920 1425 968 sit
1452 915 1762 986 Rex‘cor‘um

227 1000 282 1045 tn
325 981 596 1055 a'ternum;
640 994 688 1045 id
731 1000 809 1044 est
849 999 992 1051 regat
1032 1004 1122 1040 eos
1162 986 1498 1039 mternalitcr.
1558 983 1627 1055 Et
1669 981 1767 1034 hoc

228 1063 390 1116 modo
422 1073 561 1128 reget
580 1052 700 1123 eos,
729 1061 846 1126 quia
873 1060 1111 1111 Dominus
1138 1058 1278 1128 dabit
1301 1056 1549 1128 virtutem,
1581 1052 1629 1105 id
1659 1059 1780 1128 est,

226 1123 577 1184 Constantiam
610 1133 659 1184 in
691 1123 826 1184 bono
856 1132 1042 1198 populo
1079 1145 1190 1181 suo.
1247 1127 1308 1179 Et
1339 1124 1580 1177 Dominus
1609 1123 1770 1198 etiam

228 1201 514 1263 benedicet,
557 1201 606 1252 id
635 1210 758 1261 εει,
800 1192 1133 1266 augmentum
1170 1205 1233 1248 et.
1254 1211 1470 1249 numero
1498 1203 1551 1247 et
1579 1192 1772 1266 virtule

226 1271 372 1323 dabit
403 1261 568 1324 eidem
604 1271 787 1334 papulo
816 1261 937 1331 suo,
989 1277 1054 1321 ut
1091 1266 1297 1319 tandem
1346 1273 1508 1331 ponat
1551 1276 1668 1334 eum
1720 1261 1771 1313 in

233 1355 368 1406 pace
394 1349 551 1392 eunte
582 1338 632 1392 in
672 1333 916 1404 idipsum,
950 1339 998 1390 id
1030 1347 1110 1390 est
1140 1339 1189 1389 in
1222 1343 1420 1406 arteriis
1449 1333 1669 1406 requie,
1718 1336 1774 1383 ut

235 1403 512 1461 beiiedicet
545 1409 616 1460 illi
651 1403 818 1475 posito
850 1408 932 1460 hic
962 1409 1011 1458 in
1044 1419 1203 1472 pace,
1255 1405 1304 1456 id
1349 1411 1461 1475 est,
1509 1405 1558 1453 in
1591 1403 1773 1475 obser-

235 1480 413 1530 vantia
460 1479 609 1531 bonae
651 1469 787 1531 vine.
840 1469 1198 1530 Observantia
1227 1483 1398 1526 autem
1449 1473 1598 1524 bona:
1651 1469 1775 1522 vitae

233 1559 317 1599 est
356 1547 573 1615 litigium
608 1547 798 1602 habere
826 1561 942 1601 cum
975 1547 1143 1608 viti-is,
1179 1557 1359 1613 pacem
1389 1557 1506 1595 cum
1540 1539 1777 1594 moribus

230 1617 469 1684 Optitnis.

697 1687 758 1740 IN
799 1685 1111 1741 PSALMUM
1149 1680 1333 1736 XXIX‘.

313 1778 552 1834 Psalmus
581 1777 769 1834 cantici
799 1779 850 1834 in
879 1775 1208 1830 dedicatione
1237 1774 1425 1828 domus
1454 1770 1640 1825 David.

832 1883 1203 1923 ADGUNENTUM.

314 1962 560 2015 Elevatus
585 1961 835 2015 Ezechias
859 1960 1085 2012 victoria:
1106 1968 1206 2010 tam
1224 1957 1464 2025 gloriosa:
1498 1965 1779 2025 proventu,

237 2034 586 2096 a‘grotatione
617 2040 888 2096 correptus
915 2038 1014 2091 est,
1051 2037 1106 2079 ut
1135 2024 1241 2079 sine
1273 2024 1572 2093 fragilitatis
1599 2026 1783 2096 admo-

236 2093 447 2155 nitione
491 2093 783 2168 deponeret
822 2098 1358 2168 arrouantiam1sub
1404 2096 1518 2166 ejus
1552 2093 1787 2168 proinde

238 2186 465 2239 persona
489 2165 753 2223 ab'errore
774 2173 997 2234 correpti
1029 2211 1041 2231 ,
1066 2170 1135 2220 ab
1160 2166 1459 2239 inﬁrmitate
1488 2165 1672 2217 salvati
1692 2206 1706 2229 ,
1736 2171 1789 2217 et

237 2236 308 2293 ab
341 2241 577 2293 hostibus
602 2239 735 2294 eruti
765 2241 1046 2308 gratiarum
1077 2239 1213 2291 actio
1240 2236 1572 2308 pra-dicatur,
1613 2246 1665 2288 et
1695 2249 1788 2308 pro

238 2311 648 2363 conversatione
679 2305 890 2375 templi,
925 2318 1172 2373 tanquam
1206 2321 1299 2375 pro
1331 2305 1664 2360 dedicatione
1696 2305 1790 2360 dc-

238 2389 506 2433 cantatur.
541 2381 706 2433 Aliter
732 2377 962 2432 Ecclesia
990 2389 1105 2430 orat
1131 2392 1250 2431 cum
1282 2376 1477 2431 laudc..

838 2481 1180 2522 EXPLANATIO.

317 2559 559 2616 Psalmis
588 2561 767 2613 mntiri
795 2569 1002 2614 est'cum
1031 2558 1179 2611 choro
1209 2566 1533 2610 anteconente
1556 2557 1791 2610 [mutante

241 2633 574 2694 conlationis,
620 2630 805 2699 hymno
850 2645 932 2682 ars
977 2627 1153 2699 organi
1201 2627 1516 2699 consonantis
1552 2635 1788 2699 aptatur,

243 2705 383 2774 quod
406 2696 681 2765 ubicunque
704 2701 923 2774 ponitur,
949 2698 1160 2774 ostendit
1183 2713 1268 2767 per
1289 2696 1586 2774 cognitionis
1609 2697 1792 2748 divina:

245 2768 507 2826 scientiam
536 2788 677 2824 usum
708 2772 821 2823 boni
851 2769 1011 2838 aperis
1041 2768 1508 2838 essetractandttm,
1540 2777 1791 2834 quatenus

245 2854 472 2908 aptatam
503 2843 724 2908 [iditum
755 2849 998 2908 gestorum
1037 2837 1345 2908 efﬁcientiam
1385 2837 1620 2904 praecedit
1638 2847 1792 2908 _nnte-

245 2904 355 2965 τῖον
399 2913 460 2963 de
503 2904 610 2964 Deo
658 2904 840 2979 adepta
884 2909 1132 2979 cognitio.
1181 2906 1368 2979 Domus
1415 2918 1581 2979 autem
1630 2904 1791 2958 David

251 2982 504 3035 Dominici
524 2981 745 3050 corporis
756 2977 813 3031 in
831 2977 1087 3050 templum,
1103 2977 1345 3050 dedicatio
1367 2992 1479 3030 vero
1500 2978 1605 3050 ejus
1626 2991 1793 3028 resur-

249 3056 523 3106 rectionem
550 3047 657 3120 ejus
686 3049 895 3103 ostendit
919 3091 934 3114 ,
980 3063 1079 3120 qua
1108 3048 1158 3120 in
1188 3057 1427 3120 (sternam
1456 3047 1791 3120 gloriamlpo-

248 3115 583 3190 testatemqué
607 3122 893 3186 perductum
910 3128 1008 3190 est.
1036 3115 1214 3190 Prima
1238 3115 1524 3190 narratione
1549 3117 1790 3190 Dominus

252 3171 1002 3261 restirrec'tionisﬁgloriam
1026 3185 1169 3261 Patri
1194 3188 1379 3261 gratias
1395 3187 1518 3253 agit,
1536 3189 1658 3261 quia
1683 3201 1792 3261 eum
1818 3171 1863 3233 C

251 3255 319 3315 de
358 3262 529 3314 mundi
568 3260 710 3312 istius
747 3255 1044 3310 adversitate
1082 3257 1340 3321 liberavit,
1386 3258 1572 3311 sanctis
1611 3255 1794 3325 jubens

252 3333 461 3386 laudem
490 3331 651 3383 dicere
681 3327 918 3389 Domino,
946 3327 1146 3393 quando
1190 3328 1415 3380 universa
1459 3327 1509 3379 in
1553 3328 1661 3394 ejus
1709 3341 1799 3394 po-

251 3412 434 3456 testate
461 3410 575 3454 sunt
604 3400 782 3466 posita.
834 3398 1068 3452 Secundo
1096 3413 1146 3450 se
1176 3397 1295 3450 dicit
1336 3414 1366 3448 α
1405 3415 1496 3450 sua
1522 3397 1798 3449 constantia

255 3489 361 3526 non
390 3471 702 3534 movendum,
737 3470 941 3537 insuper
967 3467 1157 3520 addens
1189 3469 1442 3534 pracon’a
1472 3466 1742 3537 divinitatis
1773 3484 1803 3519 a

254 3545 384 3596 vivis
411 3542 597 3610 potius,
631 3557 728 3592 non
761 3557 791 3591 a
821 3535 1028 3610 mortuis
1059 3552 1163 3590 esse
1190 3539 1443 3610 solvenda.
1474 3535 1645 3589 Tertia
1677 3537 1804 3590 redit

255 3613 328 3665 ad
357 3606 762 3667 resurrectionem
782 3624 923 3661 suam
945 3609 1088 3658 la'tus
1107 3606 1382 3668 exsultans,
1411 3609 1663 3671 quoniam,
1695 3621 1805 3658 car-

258 3685 341 3735 nis
366 3683 638 3752 fragilitate
662 3681 905 3749 deposita,
929 3678 978 3730 in
1012 3688 1197 3730 acterna
1219 3677 1490 3744 ntajestatis
1516 3693 1618 3730 sutc
1642 3675 1807 3745 gloria

259 3760 556 3822 perseveret.

829 3833 1238 3872 εοιιιιξκτλιιυε.

337 3911 589 3966 Ea'altabo
636 3922 700 3973 te,
753 3909 979 3961 Dom’ne.
1030 3910 1229 3961 'l‘itulus
1272 3919 1350 3962 est
1391 3908 1541 3974 talis,
1577 3909 1810 3964 Psalmus

263 3985 451 4039 cantici
479 3984 528 4035 in
558 3981 871 4034 dedicatione
897 3979 1073 4032 domus
1102 3979 1282 4031 David.
1338 3980 1528 4032 Domus
1559 3995 1683 4033 vero
1710 3979 1810 4033 Da-

262 4057 352 4108 vid
371 4094 387 4116 ,
423 4053 470 4106 id
500 4061 580 4106 est
610 4051 871 4115 Ecclesia,
907 4064 1024 4118 qua:
1049 4051 1102 4101 in
1134 4050 1374 4116 prarsenti
1403 4050 1579 4104 labore
1605 4046 1811 4103 summo

264 4136 324 4179 et
365 4121 785 4176 tribulationibus
826 4120 984 4173 Variis
1027 4129 1128 4171 tam
1173 4119 1224 4171 in
1268 4118 1521 4171 universis
1561 4132 1712 4186 quam
1758 4120 1810 4174 in

263 4193 490 4259 singulis
519 4192 823 4244 acditicatur.
876 4190 997 4242 llzec
1039 4191 1222 4241 domus
1254 4189 1459 4242 tandem
1490 4188 1814 4259 dedicabitur

264 4267 321 4317 in
350 4258 648 4326 communi,
691 4260 889 4312 scilicet
920 4259 1328 4325 resurrectione,
1374 4258 1580 4329 quando
1609 4261 1815 4314 mortale

263 4335 364 4384 hoc
405 4331 690 4384 absorbetur
719 4330 777 4382 ab
808 4329 1198 4399 immortalitate,
1228 4342 1279 4382 et
1308 4330 1516 4398 quando
1545 4334 1815 4399 apparebit

264 4402 431 4471 gloria
475 4401 646 4471 pepuli
690 4399 815 4471 Dei,
867 4397 952 4464 qui
981 4397 1590 4471 _nunc_in_2dilicando
1616 4397 1654 4455 ia
1697 4401 1815 4456 tif-iis

272 4466 469 4530 Edam,
502 4469 883 4539 ἱιιίεει-ιίεςιιιἱ
915 4467 1083 4539 valde”
1106 4466 1472 4539 tribulaturret
1511 4470 1809 4539 impeditur,

1860 548 2167 612 "suscitavit
2210 571 2241 608 a
2285 557 2529 616 mortuis,
2582 564 2624 604 et
2673 569 2759 605 nos
2804 552 2856 604 in
2905 552 3015 616 ipso
3059 548 3392 604 resuscilttbit.

1859 629 2062 682 Titulus
2084 638 2255 680 autem
2283 627 2356 678 sic
2381 623 2692 689 exponitur:
2726 623 2823 674 Iste
2853 621 3100 689 psalmus.
3124 619 3171 689 id
3201 629 3282 673 est
3307 619 3394 672 lto

1863 699 2112 767 Itytnnus,
2161 695 2248 767 qui
2287 704 2367 748 est
2400 688 2617 767 cantici,
2743 701 2822 744 est
2850 688 3250 767 eISttllatiottis,_
3276 689 3396 767 quia

1863 758 2087 828 pertinet
2112 767 2173 818 ad
2200 766 2340 818 illam
2363 778 2536 817 veram
2571 762 2820 828 laetitiam,
2844 775 2996 827 quam
3024 759 3158 828 nulla
3189 758 3396 811 tristitia

1862 827 2168 891 iiitcrcitrret
2194 875 2209 897 ,
2257 844 2334 888 εει
2377 830 2718 887 dedicationis
2742 827 2930 883 dumus
2960 827 3122 882 David
3143 870 3157 892 ,
3203 829 3252 881 id
3282 837 3360 881 est
3390 869 3404 890 ,

1864 909 1967 971 agit
1993 906 2060 958 de
2086 903 2410 956 dedicatione
2436 903 2622 954 domus
2651 901 2755 953 veri
2793 901 2972 971 David.
3010 899 3102 954 Est
3127 897 3279 971 enim
3300 913 3402 971 vox

1869 967 2054 1042 capitis
2100 975 2149 1027 itt
2199 973 2297 1026 hoc
2339 972 2557 1041 psalmo,
2589 971 2780 1042 gratias
2806 970 2975 1037 agenti
3005 971 3122 1042 Deo
3148 967 3305 1042 Patri,
3335 967 3400 1020 de

1867 1039 1967 1100 hoc
2000 1045 2118 1113 quia
2155 1039 2417 1096 tristitiam
2456 1041 2709 1110 passionis
2747 1054 2861 1113 sure
2893 1040 3149 1113 convertit
3189 1039 3237 1090 in
3278 1051 3405 1105 gau-

1867 1109 2444 1168 dium—resurrectionis
2469 1152 2482 1175 ,
2528 1126 2620 1179 per
2658 1111 2797 1178 quod
2834 1109 3010 1164 domui
3049 1122 3255 1179 quoque
3296 1121 3401 1179 sine

1861 1184 2013 1237 dedit
2057 1197 2203 1250 spem
2255 1182 2440 1234 luturze
2484 1179 2865 1250 dedicationis,
2917 1189 2968 1232 et
3014 1178 3152 1233 nunc
3197 1178 3401 1250 interim

1867 1247 2121 1323 justitiam
2155 1254 2373 1305 interna:
2403 1249 2830 1323 resurrectionis,
2876 1250 2925 1300 in
2954 1265 3058 1317 quo
3087 1247 3402 1323 ttos_e_x|tor-

1874 1315 2032 1386 tatur,
2077 1333 2137 1374 ιιι
2181 1320 2565 1389 quantumlibet
2594 1319 2920 1389 tribulemur,
2965 1315 3068 1371 non
3099 1315 3406 1389 deliciatnus

1873 1404 2044 1446 tamen
2086 1391 2136 1446 in
2176 1387 2541 1452 aediﬁcatione,
2569 1403 2671 1455 quo
2699 1387 2906 1440 tandem
2933 1403 3059 1442 vere
3086 1387 3407 1456 gaudeamus

1874 1464 1927 1516 in
1967 1463 2312 1516 dedicatione.
2361 1461 2490 1514 Orat
2534 1468 2709 1511 autem
2759 1458 2814 1509 in
2863 1458 2961 1509 hoc
3009 1459 3209 1527 psalmo
3253 1467 3409 1527 caput

1876 1542 2110 1586 nostrum
2139 1531 2380 1584 Christus
2405 1545 2468 1583 ex
2498 1529 2725 1582 humana
2755 1526 3084 1594 inﬁrmitate,
3120 1526 3404 1580 secundum

1876 1616 2029 1669 quam
2056 1601 2306 1667 competit
2333 1601 2378 1653 ei
2408 1614 2579 1654 orare.

1946 1671 2001 1724 Si
2030 1665 2446 1734 enittrrcspicias
2486 1669 2549 1721 ad
2596 1669 2694 1722 hoc
2734 1665 2872 1736 quod
2917 1667 2969 1719 in
3014 1666 3259 1734 pn’ncipio
3303 1665 3434 1719 erat'

1885 1739 2120 1802 Verbum,
2152 1750 2194 1792 et
2227 1738 2357 1792 Deus
2382 1748 2489 1792 erat
2516 1736 2749 1801 Verbum,
2785 1750 2879 1790 nec
2912 1737 3066 1790 habet
3093 1751 3245 1804 quem
3276 1745 3410 1795 oret.

1817 1830 1861 1891 η
1890 1825 2057 1891 neque
2098 1826 2188 1876 pro
2219 1825 2320 1891 quo
2348 1817 2494 1891 oret;
2543 1808 2585 1891 si
2621 1807 3035 1891 vero'reSpicias
3073 1808 3144 1891 ad
3190 1807 3238 1891 id
3259 1811 3409 1891 .quod

1898 1875 2109 1933 Verbum
2137 1875 2252 1932 caro
2281 1881 2462 1948 factum
2483 1885 2574 1941 est,
2597 1887 2640 1930 et
2666 1875 2900 1948 habitauit
2928 1878 2976 1928 in
3003 1876 3160 1937 nobis,
3179 1884 3235 1948 ct
3259 1876 3416 1930 habet

1884 1965 2038 2018 quem
2069 1960 2182 2003 oret
2212 1944 2386 2018 et'pro
2413 1963 2516 2017 quo
2543 1957 2676 2018 orel.
2724 1945 2938 2000 Scilicet
2977 1961 3070 2014 pro
3100 1957 3150 2000 te
3178 1944 3405 2018 homine,

1885 2017 2006 2089 Quia
2037 2017 2484 2074 mediator’laclus
2521 2028 2612 2089 est
2639 2017 2782 2089 inter
2804 2030 3058 2089 summam
3088 2017 3405 2089 alquitstem,

1885 2085 1938 2143 et
1959 2092 2189 2144 intimam
2212 2091 2535 2158 iniquitatem
2562 2107 2572 2140 :
2604 2088 2714 2153 ipse
2734 2086 2855 2158 dico
2875 2086 3030 2140 homo
3055 2100 3157 2140 non
3180 2085 3404 2158 iniquus,

1885 2159 1976 2214 sed
2010 2162 2263 2213 iniit-mus.
2303 2156 2384 2213 Ut
2433 2173 2524 2226 per
2555 2159 2652 2210 hoc
2679 2156 2816 2222 quod
2859 2165 2998 2210 esset
3038 2172 3142 2210 non
3185 2157 3412 2223 iniquus.

1887 2228 2289 2298 coniungeretur
2318 2225 2791 2298 suminatzequitati
2819 2268 2841 2298 ,_
2881 2241 2971 2298 per
2997 2233 3094 2298 hoc
3121 2241 3247 2298 gero
3274 2229 3408 2294 quod

1887 2293 2126 2354 inﬁrmus
2148 2337 2164 2362 ,
2212 2311 2404 2351 nostra:
2441 2297 2732 2350 sociaretur
2759 2293 3065 2348 infirmitati.
3118 2294 3181 2348 Et
3209 2293 3416 2350 csttaln

1888 2369 2036 2438 quasi
2082 2369 2256 2422 dicat:
2313 2366 2530 2438 Domine
2580 2367 2750 2438 Pater,
2797 2364 2995 2438 piitnus
3042 2364 3218 2438 homo
3246 2366 3408 2438 Adam

1889 2433 2058 2493 erexit
2082 2454 2159 2504 se,
2181 2446 2234 2491 et
2254 2438 2400 2507 quasi
2427 2436 2684 2507 depressit
2714 2444 2786 2500 te,
2811 2434 2926 2507 quia
2955 2433 3118 2501 potuit
3139 2433 3300 2507 videri
3328 2441 3406 2507 vel

1892 2518 1942 2562 te
1968 2523 2085 2563 esse
2116 2502 2395 2571 inlirnium,
2429 2507 2516 2571 qui
2548 2505 2808 2559 hominem
2839 2505 3054 2565 ieceras,
3084 2502 3230 2571 cujus
3263 2503 3412 2557 habi-

1892 2524 1942 2562 ιε
1968 2524 2085 2563 εεεε
2117 2524 2395 2571 tttltrtttum,
2468 2524 2516 2560 ul
2548 2524 2808 2559 nominem
2839 2524 3054 2565 tereres,
3084 2524 3230 2571 Cttjtts
3264 2524 3381 2557 nam

1892 2587 1999 2631 tum
2031 2594 2133 2630 non
2165 2591 2353 2642 noras;
2385 2524 2463 2630 id
2491 2577 2630 2646 quod
2662 2590 2763 2628 non
2792 2588 2935 2629 esses
2967 2573 3190 2646 perfecte
3220 2575 3381 2646 bonus

1891 2662 2043 2717 quem
2089 2657 2190 2700 tam
2243 2645 2524 2717 citoituus
2549 2646 2775 2699 deseruit
2820 2645 3268 2717 consecrctarius.
3309 2645 3410 2710 Ego

1890 2714 2062 2772 autem
2093 2716 2417 2772 humiliando
2449 2731 2530 2769 me
2561 2717 2789 2768 exaltabo
2818 2726 2892 2778 te,
2932 2714 3049 2782 quia
3081 2729 3194 2768 mea
3212 2714 3414 2782 ,glorili-

1892 2793 2031 2842 catio
2058 2797 2144 2842 tua
2170 2788 2270 2842 erit
2297 2786 2564 2841 esaltatio.
2618 2787 2681 2838 Et
2720 2785 2907 2840 merito
2935 2786 3164 2838 exaltabo
3193 2797 3256 2850 te,
3289 2801 3412 2851 quo-

1894 2860 2029 2910 niam
2057 2858 2312 2928 suscepisti
2339 2872 2435 2928 me,
2468 2857 2518 2909 id
2549 2867 2627 2910 est
2655 2870 2871 2928 causam
2896 2867 3270 2928 meamlcontra
3301 2872 3415 2928 pra-

1892 2941 1984 2981 vos
2013 2925 2301 2981 causidicos
2324 2966 2342 2994 ,
2386 2926 2436 2979 id
2465 2937 2545 2980 est
2571 2937 2749 2979 contra
2777 2925 2985 2980 Iudaeos
3011 2925 3157 2992 egisti
3176 2967 3190 2988 ,
3222 2934 3274 2978 et
3301 2926 3416 2978 idco

1894 3012 1995 3050 non
2040 2996 2296 3050 dilectasti
2342 2996 2567 3048 inimicos
2609 3011 2772 3056 meos,
2822 2996 2869 3046 id
2917 3005 2995 3047 est
3042 3005 3411 3060 prmceptorem

1895 3067 2203 3136 iniquitatis,
2235 3066 2520 3136 diabolum,
2548 3074 2600 3119 et
2627 3067 2835 3117 Judmos
2864 3080 2876 3114 :
2921 3072 2973 3116 et
3001 3063 3042 3136 si
3074 3062 3238 3136 factus
3265 3080 3417 3132 super

1895 3152 1972 3190 me
1988 3131 2249 3204 quantum
2280 3134 2344 3188 ad
2373 3136 2631 3201 exterius,
2678 3136 2799 3202 quia
2828 3131 3414 3204 qnamvisldelectaren-

1897 3217 1977 3259 tur
1998 3202 2048 3258 in
2069 3216 2235 3259 morte
2254 3220 2388 3268 mea,
2414 3205 2498 3257 illa
2525 3215 2694 3258 tamen
2725 3205 2997 3258 delectatio
3020 3203 3083 3256 ad
3101 3202 3278 3255 ltoram
3305 3212 3417 3256 tati-

1898 3283 2005 3329 tum
2038 3275 2151 3338 iuit,
2199 3283 2252 3327 et
2275 3289 2528 3327 conversa
2559 3285 2638 3328 est
2666 3275 2743 3329 eis
2775 3277 2824 3328 in
2855 3283 3106 3328 aeternam
3138 3273 3417 3328 tristitiam.

1968 3343 2181 3398 Domine
2213 3343 2342 3396 Deus
2370 3359 2525 3407 meus,
2566 3344 2776 3396 clamavi
2802 3345 2867 3396 ad
2894 3357 2959 3398 te.
3008 3345 3127 3397 Ideo
3156 3360 3256 3397 non
3288 3345 3420 3396 delc-

1900 3417 2063 3480 c:asti,
2098 3415 2334 3478 Domine,
2365 3413 2590 3466 inimicos
2638 3429 2790 3476 meos,
2821 3414 2938 3479 quia
2968 3414 3196 3476 clamavi,
3245 3415 3292 3466 id
3338 3425 3419 3467 est

1904 3487 2127 3540 validam
2155 3484 2329 3538 cordis
2357 3483 2692 3537 intentionem
2718 3484 2783 3534 ad
2808 3494 2852 3534 te
2877 3482 3062 3543 direxi,
3085 3485 3422 3537 considerans

1903 3560 2023 3624 quia
2054 3565 2106 3607 tu
2134 3570 2192 3608 es
2218 3553 2355 3608 Deus
2380 3568 2550 3624 meus,
2573 3568 2674 3606 non
2699 3567 2794 3621 ego
2818 3566 2933 3624 sum
2960 3551 3084 3604 milii
3108 3553 3264 3614 Deus,
3288 3553 3421 3604 sicut

1905 3623 2064 3679 miser
2092 3625 2257 3677 Adam
2284 3625 2508 3691 seipsum
2539 3623 2697 3676 Deum
2727 3623 2925 3690 putavit
2953 3637 3125 3688 suum,
3163 3630 3215 3675 et
3243 3637 3303 3674 ex
3329 3635 3423 3672 suo

1906 3705 2033 3749 nutu
2063 3695 2287 3762 pendere
2309 3695 2485 3748 voluit.
2522 3694 2584 3746 Et
2607 3693 2726 3761 quia
2745 3693 2954 3745 clamavi
2976 3692 3040 3744 ad
3066 3703 3131 3756 te,
3158 3699 3210 3744 tu
3233 3696 3422 3756 sanasti

1908 3781 2004 3828 me,
2030 3763 2078 3817 id
2103 3774 2186 3818 est
2209 3779 2399 3833 corpus
2420 3764 2557 3831 quod
2580 3765 2811 3818 saucium
2839 3764 3179 3832 possibilitate
3201 3765 3422 3830 portavi,

1911 3834 2301 3888 immortalitate
2343 3835 2610 3887 restituisti
2635 3850 2648 3885 :
2679 3842 2730 3886 et
2757 3835 3016 3900 quomodo
3044 3836 3306 3887 sanaverit
3332 3845 3422 3887 ex-

1908 3907 2056 3974 pOnlt
2096 3903 2313 3958 dicens:
2358 3903 2605 3969 Domine,
2655 3903 2870 3974 eduxisti
2906 3904 3134 3966 animum,
3167 3920 3324 3956 meam
3365 3906 3426 3956 ab

1910 3973 2131 4043 inferno,
2182 3974 2230 4028 id
2274 3983 2354 4044 est
2400 3989 2500 4027 non
2531 3973 2806 4044 permisisti
2840 3975 3064 4044 animam
3096 3988 3266 4027 meam
3294 3975 3429 4028 sicut

1911 4045 2040 4098 altas
2084 4045 2136 4097 in
2178 4044 2381 4098 inferno
2410 4043 2650 4108 detineri,
2700 4043 2790 4095 sed
2839 4057 2955 4096 cum
3003 4043 3265 4108 triumpho
3309 4058 3425 4096 eam

1911 4113 2184 4179 reduxisti,
2217 4123 2269 4166 et
2315 4116 2391 4166 sic
2438 4127 2522 4167 me
2565 4112 2789 4166 secunda
2823 4113 3204 4166 resurrectione
3232 4115 3425 4164 clarili-

1911 4187 2081 4247 casti,
2132 4184 2376 4249 quoniam
2426 4183 2569 4251 prius
2619 4197 2710 4250 per
2741 4182 2956 4248 primum
2987 4184 3427 4236 resurrectionem

1913 4255 2332 4308 clarilicaveras:
2384 4267 2501 4305 nam
2533 4254 2734 4305 salvasli
2762 4268 2856 4316 me,
2888 4252 2938 4306 id
2987 4262 3068 4306 est
3111 4255 3430 4306 resuscitasti

1916 4337 2000 4378 me
2031 4328 2172 4391 prius
2215 4323 2266 4376 iit
2313 4323 2578 4384 interiori,
2612 4338 2700 4389 per
2728 4323 3100 4376 immunitatem
3129 4339 3156 4375 a
3185 4324 3429 4393 peccatis,

1916 4409 1999 4448 tne
2020 4395 2136 4448 dico
2158 4404 2448 4460 separatum
2474 4409 2504 4444 a
2527 4393 2927 4445 descendentibus
2952 4395 3002 4444 in
3024 4397 3205 4459 lacum,
3231 4394 3277 4448 id
3301 4407 3381 4448 est
3406 4414 3433 4448 a

1917 4463 2352 4516 Commorantibus
2378 4463 2427 4514 in
2457 4463 2708 4529 profundo
2732 4463 2993 4514 vitiorum.
3026 4465 3114 4516 Est
3134 4465 3270 4518 enim
3295 4466 3434 4519 lacus

270 4521 544 4594 t—uncvere
570 4538 618 4589 in
647 4521 989 4589 admiratione
1015 4536 1151 4590 illius
1177 4537 1356 4603 gloria:
1380 4521 1613 4593 dicturus
1626 4521 1812 4595 ἒἙὲέὲ
1843 4521 1893 4581 D
1917 4551 2018 4604 quo
2046 4533 2313 4604 descendit
2345 4521 2631 4604 iere-omne
2676 4532 2893 4604 mortale
2920 4546 3102 4604 genus,
3132 4535 3428 4588 barathrum

264 4627 395 4674 quos
415 4608 682 4672 aliquando
701 4605 961 4658 habuimus
982 4608 1033 4657 in
1053 4607 1286 4670 derisum,
1304 4615 1349 4659 et
1370 4608 1417 4659 in
1434 4609 1808 4664 similitudinem

269 4681 446 4732 mortis
474 4676 774 4746 improperii,
805 4678 1055 4746 quomodo
1083 4678 1354 4745 computati
1386 4689 1497 4729 sunt
1527 4678 1653 4730 inter
1676 4681 1808 4746 ﬁlios

269 4750 396 4808 Dei,
441 4758 487 4801 et
515 4745 638 4800 inter
663 4755 854 4798 sanctos
884 4745 1083 4797 illorum
1111 4755 1177 4796 est
1206 4747 1356 4799 sors?
1394 4747 1640 4800 Dedicarc
1668 4745 1806 4804 enim

269 4821 483 4885 proiirie
503 4828 581 4870 est
601 4816 788 4884 aliquid
809 4829 993 4866 novum
1009 4815 1279 4867 aedilicium
1306 4817 1352 4868 in
1377 4830 1524 4868 usum
1546 4819 1804 4873 celebrem

269 4893 548 4954 deputare.
583 4886 711 4940 Vere
742 4887 852 4938 lucc
877 4885 1059 4936 domus
1100 4886 1149 4955 in
1178 4887 1434 4937 celebrem
1466 4901 1612 4940 usum
1644 4888 1806 4955 depu-

269 4953 488 5016 tabitur,
538 4955 742 5023 quando
790 4956 901 5019 ipse
954 4955 1087 5006 Deus
1139 4953 1187 5005 in
1233 4955 1448 5020 singulis
1496 4953 1808 5012 wtcnraiiter

269 5026 523 5086 manebit,
555 5027 766 5076 existens
797 5024 962 5075 omnia
987 5025 1036 5075 in
1070 5023 1314 5076 omnibus.
1349 5023 1494 5076 Nunc
1522 5026 1680 5085 enim.
1708 5029 1805 5082 etsi

272 5101 329 5148 in
361 5095 508 5147 nobis
539 5094 761 5154 habitat,
803 5109 941 5161 saepe
981 5105 1151 5145 tatnen
1183 5099 1315 5145 malo
1345 5103 1528 5160 merito
1559 5106 1736 5148 nostro
1775 5113 1803 5150 a

272 5164 428 5218 nobis
456 5165 668 5217 recedit.
709 5162 832 5228 Qua:
859 5164 1192 5215 commutatio
1225 5174 1341 5215 tunc
1369 5163 1570 5229 penitus
1594 5166 1803 5219 exclusa

265 5237 394 5298 erit,
429 5239 538 5287 hac
567 5246 734 5286 autem
759 5232 1015 5284 dedicatio
1040 5234 1144 5297 jam
1175 5234 1303 5284 facta
1331 5243 1407 5285 est
1431 5235 1614 5299 partim
1644 5235 1695 5286 iit
1727 5251 1802 5300 re,

267 5308 464 5370 partim
500 5305 547 5356 in
592 5319 700 5371 spe.
744 5300 1154 5371 Fundamentum
1183 5305 1318 5354 enim
1345 5301 1451 5371 jam
1483 5303 1690 5355 realiter
1715 5305 1805 5358 de-

267 5368 502 5428 dicatum
526 5368 633 5440 est,
651 5373 697 5425 id
721 5381 817 5428 Bal.
841 5368 1078 5440 Christus
1100 5371 1184 5437 qui
1208 5375 1313 5438 jam
1341 5368 1474 5424 none
1500 5374 1801 5438 resurrexit,

268 5455 323 5495 et
353 5458 531 5495 rursus
560 5437 752 5510 positus
777 5441 936 5510 estad
959 5437 1225 5510 desierant
1253 5442 1338 5493 Dei
1364 5442 1546 5510 Patris,
1570 5440 1655 5508 qni
1683 5437 1804 5498 vere

265 5504 664 5564 l'undamenintn
691 5521 787 5563 est.
839 5504 986 5557 Juxta
1021 5507 1136 5556 i.l:td
1170 5512 1404 5575 Apestoli
1434 5529 1442 5561 :
1477 5504 1802 5564 Fundamen-

265 5596 368 5631 tum
401 5583 533 5631 enim
573 5583 710 5631 aliud
744 5594 878 5629 nemo
905 5583 1063 5650 potest
1111 5593 1320 5641 ponere,
1369 5591 1545 5650 prtctcr
1581 5580 1631 5630 id
1672 5583 1803 5644 quod

262 5652 482 5717 positum
509 5661 598 5710 cst,
626 5651 866 5700 (.lttistu-s.
904 5646 1188 5717 I’ariczibus
1215 5646 1382 5699 autern
1414 5661 1462 5702 ct
1491 5661 1624 5703 tecto
1652 5649 1802 5716 hujus

261 5715 473 5773 itdllilfli
518 5722 622 5781 jzttlt
656 5725 783 5769 [ulla
829 5726 902 5767 Chl
933 5715 1188 5766 dctli-‘jutitt
1221 5717 1250 5765 lt
1300 5734 1408 5781 spe.
1459 5721 1682 5772 Necesse
1723 5731 1798 5772 cst

262 5791 400 5843 enim
446 5789 580 5857 quod
617 5792 663 5840 in
699 5787 942 5840 liltllillliS
985 5801 1106 5852 scut!
1153 5801 1226 5836 thr
1259 5789 1500 5855 :ptidquid
1536 5789 1794 5857 praecessit

1910 4601 2112 4660 scilicet
2139 4603 2356 4658 ιωωτίω
2385 4611 2436 4654 ει
2465 4603 2620 4654 totius
2653 4601 2912 4669 nequitiae.
2949 4603 3000 4654 ln
3025 4619 3176 4671 quem
3205 4606 3290 4656 ille
3317 4607 3431 4671 qui-

1909 4675 2026 4728 dem
2059 4691 2159 4729 non
2190 4671 2491 4736 descendit,
2531 4673 2614 4739 qui
2644 4683 2897 4739 peccatum
2927 4689 3024 4725 non
3050 4675 3195 4742 fecit,
3238 4687 3325 4724 nec
3356 4677 3433 4725 in-

1908 4756 2076 4797 ventus
2100 4755 2169 4798 est
2195 4745 2336 4796 dolus
2361 4745 2411 4796 in
2436 4757 2518 4794 ore
2545 4744 2672 4811 ejus.
3076 4772 3092 4811 A-

1977 4814 2189 4867 Psa/llte
2214 4815 2446 4876 Domino,
2477 4809 2630 4864 sancti
2657 4816 2781 4880 ejus.
2821 4812 2953 4864 Ecce
2973 4809 3156 4877 capitis
3176 4810 3433 4866 dedicatio

1903 4881 2009 4951 jam
2053 4894 2224 4937 notata
2253 4892 2353 4935 est.
2408 4882 2502 4936 Ubi
2547 4879 2738 4934 dictum
2787 4892 2903 4934 est:
2941 4879 3169 4951 Eduxisti
3213 4883 3430 4934 animant

1906 4950 2065 5004 meam
2094 4956 2154 5002 ab
2183 4953 2402 5019 inferno.
2458 4952 2521 5003 Et
2549 4951 2667 5017 quia
2697 4952 2832 5018 quod
2866 4950 3124 5017 praecessit
3159 4955 3208 5003 in
3238 4954 3427 5018 capite,

1907 5023 2199 5074 necessario
2219 5033 2465 5089 sequetur
2488 5023 2537 5074 in
2562 5036 2798 5088 corpore.
2831 5019 2988 5074 Vetus
3013 5021 3149 5074 enim
3175 5030 3230 5074 ει
3251 5037 3427 5075 verum

1907 5092 2237 5159 proverbium
2264 5101 2343 5144 est
2369 5108 2380 5141 :
2415 5089 2523 5152 Quo
2552 5101 2722 5156 caput,
2751 5101 2793 5143 et
2821 5101 2996 5143 castora
3026 5092 3259 5144 membra.
3302 5092 3436 5159 Ergo

1905 5163 2048 5229 quasi
2090 5161 2268 5212 dicat:
2317 5161 2576 5213 Habentes
2619 5171 2812 5214 tantam
2843 5161 3200 5215 certitndinem
3233 5161 3426 5228 gloriﬁ.

1907 5232 2125 5284 Catienis
2162 5238 2213 5280 et
2253 5231 2652 5284 resurrectionis
2684 5234 2947 5286 vestrmin
2981 5246 3064 5284 me
3087 5233 3251 5296 capite
3272 5269 3285 5292 ,
3328 5245 3424 5284 vos

1905 5304 2062 5353 sancti
2105 5301 2245 5370 ejus,
2295 5298 2345 5350 id
2394 5309 2477 5370 est
2520 5315 2612 5352 vos
2658 5318 2787 5370 quos
2833 5303 2959 5367 jam.
2990 5302 3232 5353 Dominus
3279 5298 3432 5370 Pater

1904 5369 2250 5423 sanctilii-avit
2299 5383 2389 5433 per
2433 5368 2691 5435 jusutiaui
2734 5375 2909 5425 datam
2956 5373 3010 5425 in
3051 5369 3428 5423 resurrectione

1905 5455 2017 5492 mea
2039 5481 2050 5501 ,
2102 5437 2297 5505 psallite
2326 5439 2542 5508 Domino
2570 5441 2728 5505 Patri,
2762 5440 2904 5508 quasi
2935 5443 3105 5493 dicat:
3141 5437 3339 5492 Gemite
3366 5441 3431 5491 de

1906 5520 2173 5576 praesenti,
2204 5509 2402 5573 psallite
2434 5510 2498 5558 de
2525 5507 2731 5575 futuro;
2756 5507 2900 5564 Orate
2929 5511 2993 5562 de
3022 5525 3095 5572 re,
3125 5509 3344 5574 gaudete
3375 5511 3425 5561 in

1903 5595 2014 5645 spe.
2071 5579 2218 5642 Quod
2264 5576 2498 5627 ultimum
2548 5579 2625 5630 sic
2669 5582 2821 5642 dicit,
2861 5579 3204 5637 Con/itemini,
3257 5580 3304 5631 id
3351 5594 3433 5631 est

1906 5649 2116 5700 landed
2136 5647 2290 5698 dicite
2314 5660 2405 5718 pro
2428 5645 2594 5718 futura
2623 5663 2715 5714 spe
2737 5652 2983 5700 memiriw
3003 5649 3271 5700 sanctitatis
3299 5651 3426 5718 ejus,

1904 5719 1951 5771 id
1980 5729 2057 5770 est
2090 5718 2185 5788 ipsi
2219 5715 2450 5768 Domino.
2501 5717 2597 5776 Qui
2627 5731 2743 5788 cunt
2777 5735 2864 5769 vos
2893 5719 3079 5770 essetis
3109 5718 3253 5770 obliti
3288 5715 3428 5788 ejus,

1905 5787 2337 5856 transgredientes
2361 5793 2612 5852 pra‘ccpui
2636 5787 2769 5852 ejus,
2792 5802 2892 5840 non
2920 5799 2994 5841 cst
3018 5788 3206 5844 oblitus
3237 5791 3451 5855 vestri,
