3912 6230
529 402 624 456 631

1016 397 1211 452 ΒΕΒίΕ
1255 398 1694 457 VENERABILIS
1729 400 1874 456 ΟΡΡ.
1919 398 2079 455 PARS

2182 437 2190 454 .
2237 399 2423 455 SECT.
2467 399 2529 455 fl.
2563 427 2630 465 -τ
2663 397 2858 455 DUBIA
2903 398 2990 455 ET
3027 398 3293 456 SPUl’tlA.

3626 386 3722 442 651

529 518 884 576 a~grotanteni,
917 509 1048 561 Deus
1077 510 1138 560 ad
1168 508 1465 573 hominem;
1494 526 1664 563 aurem
1696 520 1852 574 luam,
1884 510 1932 561 id
1964 519 2062 572 εει,
2099 509 2140 567 Α
2169 497 2574 570 defendendam,
2594 523 2698 562 non
2729 507 3080 562 infirmitatem
3109 523 3299 571 meam,
3331 510 3424 562 sed
3457 511 3511 562 in
3550 524 3725 563 manus

531 579 807 643 potentiam
853 578 1159 631 exaudiendi
1206 592 1323 642 qua:
1368 579 1416 631 in
1449 589 1497 631 te
1521 589 1604 632 est
1634 580 1698 632 ad
1729 596 1808 632 me
1838 579 2069 631 claman-

530 656 633 699 tem
653 687 666 709 ,
700 646 748 698 id
778 656 888 706 est.
917 647 1133 710 dispone
1162 647 1566 700 misericordiam
1599 657 1739 700 tuam
1770 663 1927 715 super
1965 662 2065 700 me.

529 716 654 777 Quae
677 715 811 768 enim
837 715 1190 768 misericordia
1216 717 1380 782 major
1407 725 1576 784 potest
1595 731 1731 778 esse,
1756 731 1908 781 quam
1934 716 2068 782 quod

529 784 664 838 Deus
707 785 1023 854 unigenitum
1062 798 1212 837 suum
1258 787 1514 838 incarnari
1556 801 1649 852 pro
1693 786 1841 838 nobis
1878 784 2071 837 consti-

528 855 620 904 tuit
641 894 655 915 ,
691 869 792 906 non
825 863 878 906 ιιι
904 855 1052 906 nobis
1079 854 1304 917 viveret,
1339 855 1429 907 sed
1461 865 1515 907 ut
1546 870 1636 919 pro
1665 854 1815 908 nobis
1844 868 2072 906 morere-

529 924 650 975 tur?
680 922 903 983 lnclina,
937 923 1163 989 inquam,
1181 932 1226 974 et
1245 923 1490 987 accelera,
1516 933 1570 976 ut
1599 940 1742 976 eruas
1773 940 1868 984 me,
1897 923 1946 974 id
1973 932 2068 986 est,

532 999 588 1043 ut
621 993 824 1043 tatnlem
855 1007 883 1043 a
910 992 1173 1045 consortio
1205 994 1454 1044 malorum
1485 1007 1695 1060 separes
1727 1007 1836 1053 me,
1871 1001 1922 1043 et
1953 1007 2073 1046 vere

529 1061 881 1124 necelerabis,
913 1061 1030 1128 quia
1062 1071 1265 1126 tempus
1296 1061 1452 1114 breve
1474 1073 1588 1122 est,
1633 1077 1727 1114 nec
1767 1061 1955 1129 aliquid
1993 1060 2065 1112 vi-

529 1130 638 1196 deri
669 1129 824 1183 debet
854 1131 1090 1195 longum,
1121 1129 1258 1196 quod
1289 1129 1442 1182 habet
1471 1131 1687 1182 exitum.

603 1195 722 1250 Esto
762 1199 882 1249 milii
927 1199 978 1250 in
1016 1195 1174 1250 Deum
1220 1208 1558 1262 protectorem.
1605 1199 1730 1250 Dico
1772 1210 1825 1251 ut
1867 1198 2072 1251 tandem

533 1281 678 1318 eruas
705 1283 798 1319 me.
831 1268 978 1320 Nunc
1003 1277 1176 1319 autem
1207 1267 1408 1320 interim
1439 1277 1540 1319 esto
1565 1269 1684 1319 mihi
1728 1267 1862 1320 Deus
1902 1280 2077 1332 prote-

531 1346 664 1402 ctor,
694 1336 741 1388 id
779 1344 890 1400 est,
935 1345 1208 1402 protegens
1238 1351 1321 1388 me
1348 1343 1529 1387 contra
1558 1349 1740 1388 omnes
1773 1335 1995 1393 impetus
2025 1346 2077 1389 et

529 1401 743 1457 insidias
791 1404 1006 1465 inimici,
1049 1401 1104 1472 et
1141 1412 1252 1455 esto
1297 1404 1430 1472 mihi
1468 1404 1655 1468 domus
1695 1404 1899 1472 refugii.
1950 1404 2075 1472 Fugi

531 1473 671 1526 enim
703 1487 730 1524 a
762 1482 831 1538 te,
859 1481 911 1524 et
950 1471 1152 1539 perdidi
1194 1486 1308 1535 me;
1351 1470 1599 1540 refugiant
1629 1472 1693 1525 ad
1731 1470 1899 1536 te,'nt
1936 1470 2078 1525 ἰιινιῖ-

533 1543 672 1594 niam
706 1556 789 1594 me
809 1583 821 1605 ,
852 1541 1045 1611 quissi
1075 1556 1102 1592 a
1133 1550 1182 1593 te
1213 1540 1450 1593 recedam
1471 1582 1484 1601 ,
1517 1556 1825 1608 quocunque
1863 1545 2072 1611 iugero,

532 1622 583 1659 te
613 1609 891 1665 inveniam.
935 1609 991 1663 Si
1022 1610 1203 1673 iratus,
1249 1611 1571 1673 punitorem;
1617 1612 1660 1664 si
1703 1609 1955 1677 placatus,
1984 1612 2073 1665 ad-

525 1677 774 1746 jutoretn.
817 1678 883 1732 Et
909 1679 1027 1732 ideo
1055 1679 1127 1732 sis
1171 1677 1294 1730 mibi
1321 1679 1528 1744 domus,
1569 1681 1632 1732 ad
1663 1695 1814 1745 quam
1845 1682 1930 1747 qui
1971 1681 2072 1743 iam

533 1748 700 1800 defeci
729 1749 774 1800 in
803 1763 985 1814 campo
1014 1748 1264 1802 recedens
1291 1762 1318 1799 a
1351 1758 1399 1801 te
1418 1789 1432 1811 ,
1476 1748 1726 1816 refugiant
1751 1789 1764 1809 ,
1806 1760 1858 1800 ut
1890 1751 2074 1802 faciam

528 1833 606 1870 me
629 1818 855 1898 salvum,
886 1818 936 1872 id
963 1825 1078 1909 est,
1110 1826 1167 1871 ut
1193 1819 1277 1886 qui
1318 1818 1456 1883 prius
1485 1834 1567 1872 me
1608 1818 1840 1885 perdidi,
1883 1834 1966 1872 me
1996 1819 2072 1870 in-
2108 1828 2150 1887 Β

525 1902 751 1939 veniam.

600 1958 847 2021 Quoniam
875 1956 1112 2024 fortitudo
1141 1970 1269 2026 mea.
1313 1955 1454 2018 ltlco,
1489 1956 1726 2019 Domine,
1764 1967 1813 2010 te
1845 1972 1990 2026 Γοεη,
2022 1968 2077 2011 ιη

532 2026 604 2079 sis
635 2026 759 2078 mibi
791 2026 975 2078 domus
1016 2024 1196 2090 refugii
1226 2034 1278 2077 et
1321 2033 1599 2090 protector.
1645 2024 1986 2089 Quoniam'tu
2025 2043 2075 2081 es

533 2095 772 2156 fortitudo
801 2110 940 2158 nica,
971 2094 1140 2146 dando
1179 2093 1305 2146 mibi
1353 2094 1651 2160 patientiam
1672 2135 1687 2159 ,
1721 2105 1775 2146 ιιι
1803 2097 1897 2148 siin
1933 2101 2075 2150 tortis

527 2162 592 2215 ad
624 2163 916 2217 tolerandas
947 2163 1304 2216 tribulationes
1333 2174 1384 2216 et
1411 2165 1798 2230 persecutiones
1840 2167 2074 2220 inimico-

529 2247 665 2286 rum.
723 2233 782 2284 Et
829 2247 887 2286 es
935 2233 1180 2300 refugium
1227 2248 1392 2284 meum
1438 2232 1501 2285 ad
1553 2234 1923 2300 relinquendos
1963 2251 2070 2294 eos,

528 2300 747 2364 scilicet,
777 2317 841 2354 ne
870 2316 984 2355 eam
1015 2302 1063 2354 in
1093 2303 1512 2355 confortnitatem
1543 2303 1766 2364 illorum,
1801 2315 1848 2356 et
1875 2313 2080 2371 propter

531 2387 709 2425 nomen
737 2382 874 2424 tuum
898 2385 988 2436 per
1014 2386 1096 2424 me
1122 2372 1512 2438 glorificandum
1539 2373 1754 2424 deduces
1777 2389 1871 2435 me,
1901 2373 1948 2426 id
1973 2383 2074 2436 est,

529 2441 848 2493 voluntatem
881 2449 1032 2509 tuam
1052 2439 1292 2494 insistere
1316 2450 1367 2493 et
1395 2455 1574 2493 amare
1593 2479 1610 2504 ,
1639 2450 1692 2494 et
1721 2456 1889 2494 meam
1919 2458 2076 2509 pror-

530 2523 619 2560 sus
647 2517 982 2561 contemnere
1010 2508 1191 2562 facies.
1226 2509 1290 2562 Et
1317 2511 1386 2561 ita
1415 2511 1629 2562 dedoces
1654 2525 1761 2572 me,
1795 2511 1842 2562 id
1870 2508 1947 2565 est
1966 2553 1979 2575 ,
2009 2511 2076 2566 de

536 2577 727 2630 virtute
759 2580 806 2630 in
831 2579 1070 2631 virtutem
1097 2578 1402 2631 Sublitnabis
1427 2594 1531 2631 me.
1557 2577 1622 2631 Et
1651 2580 1717 2632 ita
1742 2585 1952 2633 enutries
1976 2599 2072 2642 ine.

534 2647 584 2699 id
615 2657 714 2711 est,
743 2650 872 2701 lacte
904 2663 1040 2701 nunc
1068 2649 1273 2700 interim
1302 2647 1503 2702 eibabis
1529 2663 1630 2710 me,
1655 2660 1711 2700 ιιι
1745 2652 2074 2714 ιοειιιιυιιιιιιι

532 2725 683 2780 aptus
711 2719 807 2769 sim
839 2717 901 2769 ad
935 2717 1246 2770 verecndum
1288 2717 1457 2771 solido
1487 2717 1624 2781 cibo,
1654 2733 1758 2783 quo
1797 2726 2079 2783 pascuntur

533 2786 720 2855 angeli.
761 2787 888 2838 Nota
917 2787 1334 2840 similitudinem.
1369 2789 1515 2838 Sicut
1543 2787 1680 2838 enim
1712 2796 1940 2840 materna
1972 2790 2080 2855 pie-

536 2864 614 2906 tas
643 2854 826 2906 dnrum
859 2855 1052 2917 cibum,
1081 2869 1183 2919 quo
1215 2856 1456 2922 parvulus
1488 2857 1666 2922 nequit
1699 2857 1857 2922 pasci,
1888 2858 1935 2909 in
1962 2854 2077 2910 ear-

532 2937 653 2975 nem
682 2939 824 2974 suam
859 2924 1067 2990 trajicit,
1094 2933 1148 2976 ut
1179 2926 1227 2975 in
1260 2926 1336 2976 Iac
1365 2924 1652 2988 mollescat,
1683 2934 1734 2978 et
1761 2927 1836 2979 sic
1864 2929 2078 2993 parvulo

537 3006 635 3043 suo
684 2993 930 3059 prmbeat,
963 2995 1128 3046 donec
1171 2993 1390 3046 idoneus
1431 2994 1599 3046 solido
1629 2995 1747 3047 cibo
1788 2997 1924 3060 pasci
1967 2995 2076 3058 fiat,

538 3062 608 3111 ita
640 3064 824 3113 sntntni
873 3064 1037 3115 f’att-is
1077 3064 1354 3116 clementia
1399 3063 1622 3116 solidum
1653 3063 1824 3115 cibum
1866 3066 2078 3132 angelo-

540 3142 674 3192 rum,
704 3131 752 3184 id
775 3133 1202 3210 cst,sapicntiatn
1225 3147 1393 3211 suam,
1425 3132 1661 3210 adquam
1692 3131 2076 3211 percipiendam
2106 3151 2149 3211 ς

543 3211 714 3270 nostra
749 3203 971 3265 ptavitas
1000 3217 1100 3252 non
1135 3211 1246 3252 erat
1275 3202 1487 3263 idonea,
1523 3202 1571 3252 in
1603 3216 1814 3254 carnem
1847 3205 2074 3270 trajei-it,

537 3269 653 3332 qttia
681 3283 835 3339 carne
862 3283 980 3339 eam»
1005 3270 1228 3331 vestivit,
1258 3269 1686 3339 etibumilitatem
1718 3271 1829 3338 ejus
1851 3273 1997 3339 quasi
2030 3275 2079 3326 in

538 3351 656 3407 esea
689 3336 833 3388 lactis
864 3337 1011 3407 nobis
1037 3339 1272 3404 prmbuit.
1306 3338 1468 3402 Quam
1499 3336 1942 3404 cotnedetites,'id
1977 3353 2079 3407 est,

537 3405 818 3466 imitantes,
854 3406 1034 3460 fiamus
1067 3407 1270 3460 tandem
1303 3410 1470 3461 idonei
1501 3411 1568 3460 ad
1599 3411 1916 3474 pascendmn
1948 3405 2080 3477 pane

543 3487 666 3526 vero
694 3489 792 3542 quo
839 3487 1116 3541 pascuntur
1146 3479 1337 3546 angeli.
1382 3478 1446 3530 Ut
1473 3479 1612 3528 enim
1644 3492 1829 3543 panem
1872 3481 2082 3546 angelo-

545 3560 655 3595 itnn
709 3546 1042 3600 manducaret
1089 3546 1267 3610 homo,
1315 3545 1420 3599 Rex
1475 3546 1730 3600 caelorum
1783 3545 1961 3602 iactus
2002 3561 2082 3604 est

537 3615 710 3665 bomo.

616 3682 811 3755 lt'dnces
846 3700 923 3735 me
961 3685 1023 3737 de
1070 3684 1264 3755 laqueo.
1314 3685 1550 3737 Enntries
1589 3702 1697 3750 me,
1739 3686 1948 3755 inquam
1972 3729 1983 3746 .
2029 3698 2080 3742 et

539 3752 852 3824 enutriendo
879 3756 1053 3805 educes
1085 3770 1178 3815 me,
1213 3754 1260 3808 id
1285 3763 1365 3807 est
1385 3794 1398 3815 ,
1426 3755 1673 3820 extriedies
1702 3771 1784 3809 me
1814 3752 1876 3809 de
1903 3761 2078 3824 laqueo

540 3820 824 3893 inmanem
852 3826 1234 3893 absconderant,
1271 3825 1316 3875 id
1344 3833 1450 3893 est,
1482 3825 1736 3878 absconse
1768 3820 2081 3893 paraverunt

546 3889 672 3960 inibi
711 3891 945 3943 diabolus
982 3902 1033 3944 et
1080 3891 1297 3944 ministri
1339 3892 1472 3960 ejus.
1520 3889 1783 3960 Laqueutn
1813 3907 1959 3946 vocat
1991 3898 2079 3949 de-

541 3958 833 4024 (‘L'pliOllCllt
862 3976 1069 4013 onmem
1099 3971 1150 4012 et
1181 3958 1392 4014 insidias
1421 3958 1650 4021 diaboli,
1680 3966 1728 4014 in
1760 3979 1864 4029 quo
1897 3965 2080 4031 laqueo

538 4039 684 4091 parat.
728 4034 874 4082 nobis
902 4040 954 4082 et
994 4033 1220 4082 occultat
1259 4031 1362 4081 duo
1402 4031 1803 4096 itnplieamenta,
1845 4047 2077 4087 errorem

540 4098 739 4148 sciliCet
769 4109 818 4150 et
869 4108 1142 4151 terrorem.
1191 4099 1431 4150 Errorem
1463 4100 1668 4160 quidem
1710 4099 1759 4152 in
1793 4100 2075 4168 blanditiis,

535 4179 638 4229 quo
670 4181 763 4216 nos
797 4169 1052 4236 decipiat;
1078 4178 1356 4236 ilCl‘f‘OlClll
1401 4182 1522 4220 vero
1553 4170 1601 4219 in
1634 4170 2072 4236 tribulationibus,

537 4247 641 4296 quo
681 4248 774 4286 nos
805 4234 1022 4303 frangat.
1068 4235 1168 4289 Sed
1211 4250 1304 4287 nos
1341 4237 1604 4290 imitemur
1644 4240 1934 4304 exemplum
1970 4234 2078 4290 im?

544 4305 798 4367 peraloris
838 4306 1028 4369 nostri,
1057 4305 1142 4370 qui
1184 4320 1284 4356 non
1324 4311 1488 4359 solum
1533 4323 1623 4372 pro
1663 4307 1810 4358 nobis
1839 4308 2077 4372 dignatus

543 4379 640 4443 est
663 4372 691 4424 i.
713 4376 916 4443 carnari
939 4413 953 4436 ,
984 4374 1074 4426 sed
1108 4375 1263 4426 elixm
1294 4391 1386 4443 pro
1418 4376 1564 4427 nobis
1592 4376 1830 4443 dignatus
1858 4385 1937 4427 est
1966 4385 2077 4429 ten-

548 4440 667 4510 tari.
712 4441 770 4491 Et
801 4445 964 4508 pritno
988 4445 1192 4510 quidem
1228 4440 1457 4497 tentatus
1484 4454 1564 4497 est
1592 4440 1770 4496 errore
1811 4444 1862 4496 in
1902 4457 2075 4498 monte

541 4523 568 4554 ει
620 4499 857 4580 uitiato,
903 4499 1017 4580 cuni
1067 4516 1111 4565 ei
1164 4528 1457 4580 proponens
1503 4515 1676 4565 omnia
1725 4513 2074 4567 blandimenta
2109 4499 2150 4554 υ

545 4576 721 4626 mundi
753 4577 878 4628 dixit
913 4594 924 4628 :
959 4579 1077 4631 lla'c
1110 4576 1274 4633 omnia
1304 4585 1388 4634 tibi
1405 4584 1533 4633 dabo
1555 4585 1595 4633 si
1619 4584 1878 4646 procidant
1899 4586 2078 4634 adora-

541 4646 672 4716 νιν-ξδ’
717 4660 812 4696 me.
882 4650 980 4700 Sed
1012 4650 1180 4714 decipi
1236 4666 1335 4700 non
1368 4652 1533 4716 potuit
1561 4691 1572 4711 ,
1604 4651 1719 4716 quia
1747 4651 1958 4716 januam
1990 4666 2078 4704 cu~

544 4715 770 4777 piditatis
800 4727 973 4768 contra
1005 4733 1236 4770 errorem
1265 4715 1450 4770 clausit
1483 4715 1662 4770 dicens
1696 4735 1707 4769 :
1748 4715 1887 4772 Vade
1926 4731 2076 4786 retro,

542 4786 749 4844 Salaria,
783 4801 879 4836 non
911 4788 1116 4839 lentabis
1149 4786 1421 4838 Dominum
1453 4786 1610 4838 Deum
1640 4796 1797 4839 tuum.
1831 4790 1995 4852 Tunc,
2027 4802 2081 4844 ut

540 4855 848 4915 evangelista
883 4865 1115 4920 testatur,
1156 4857 1374 4909 recessit
1413 4856 1480 4908 ab
1521 4871 1582 4910 eo
1623 4859 1684 4908 ad
1719 4868 1940 4924 tempus,
1987 4863 2076 4914 ite-

541 4924 1058 4997 tnut_retlitttrus;_et
1085 4942 1238 4992 quem
1268 4942 1370 4977 non
1400 4935 1523 4997 potu
1549 4937 1565 4977 t
1596 4942 1776 4980 errore
1805 4927 2043 4997 decipere
2062 4969 2076 4992 ,

537 4990 697 5063 Voluit
749 4999 944 5063 terrore
990 4990 1224 5062 frangere
1269 4990 1499 5062 parando
1539 4997 1585 5049 ei
1634 4990 1950 5063 passionetn'.
1979 4990 2080 5052 Sed

539 5073 634 5111 nec
667 5059 766 5134 hoc
794 5061 947 5134 modo
972 5059 1244 5130 quidquam
1269 5059 1528 5130 profecit,
1565 5059 1683 5133 quia
1711 5069 1818 5132 ipse
1849 5069 1973 5120 item
2002 5068 2080 5134 ja-

537 5143 690 5202 nuam
735 5130 936 5202 timetis
973 5139 1156 5202 contra
1189 5142 1440 5185 terrorem
1473 5130 1675 5188 ειειιίείι.
1715 5130 1820 5189 Nos
1850 5151 1974 5202 ergo
2003 5130 2082 5187 ἐι-

535 5200 728 5252 ιιιίΙιιει-
757 5201 966 5266 quando
1003 5213 1028 5249 a
1058 5200 1265 5251 diabolo
1293 5203 1371 5254 vel
1403 5204 1653 5257 ministris
1681 5207 1760 5258 eis
1801 5200 2080 5266 tentantur,

536 5279 718 5321 contra
769 5282 1000 5322 errorem
1051 5271 1345 5332 cupiditatis
1391 5274 1599 5337 januatn
1651 5273 1984 5337 elaudamus,
2032 5283 2085 5327 et

534 5349 710 5390 contra
749 5349 1000 5390 terrorem
1029 5338 1224 5390 timoris
1257 5349 1457 5405 pot-tam
1488 5344 1838 5405 obstrunmus,
1873 5352 1923 5394 et
1951 5342 2026 5396 sic
2051 5357 2080 5396 a

533 5406 718 5469 laqueo
749 5410 846 5459 isto
872 5409 1168 5460 educentur.

605 5476 850 5538 Quoniam
885 5486 934 5526 tu
965 5494 1033 5549 es.
1071 5479 1206 5545 Ideo,
1232 5479 1462 5545 inquam,
1486 5479 1660 5530 educes
1691 5493 1768 5530 me
1794 5479 1854 5531 de
1883 5481 2079 5549 laqueo,

535 5550 870 5617 tltttitlmltlrlfi
909 5548 1076 5617 solum
1107 5550 1258 5617 elegi,
1303 5562 1358 5600 ιιι
1384 5564 1527 5601 esses
1560 5556 1737 5617 contra
1781 5548 1993 5602 insidias
2030 5563 2082 5604 et

539 5623 762 5684 impetus
793 5615 981 5666 inimici
1013 5615 1255 5684 protector
1283 5636 1439 5671 meus.
1478 5619 1540 5669 Et
1572 5615 1686 5683 Quia
1734 5627 1782 5669 le
1825 5629 2083 5683 protecto-

539 5693 646 5754 rem
679 5681 865 5744 balet»,
893 5681 1028 5749 ideo,
1061 5686 1293 5752 Domine,
1323 5681 1610 5740 commendo
1640 5681 1866 5754 spiritum
1900 5705 2077 5751 meum,

536 5748 588 5795 id
625 5756 722 5805 cst,
773 5765 989 5802 ainmam
1018 5748 1185 5809 ine-am
1231 5748 1486 5823 a'laqueo
1531 5748 1721 5810 erroris
1765 5768 1816 5810 et
1868 5748 2080 5812 terroris

2171 587 2302 638 tuas,
2338 577 2387 629 id
2417 587 2515 640 est,
2552 580 2600 630 in
2629 577 3056 644 omnipotentiam
3088 589 3246 630 tuam.
3297 580 3359 631 Et
3400 581 3591 631 merito
3636 580 3725 629 hoc

2173 645 2328 706 facio,
2356 647 2474 713 quia
2506 657 2558 698 ιιι
2588 647 2879 700 certissi‘me
2910 648 3129 701 redimes
3160 647 3280 702 inde
3308 662 3450 709 eam,
3483 647 3723 712 quoniam

2167 714 2273 781 jam
2305 729 2420 766 eam
2465 730 2555 781 per
2585 715 2703 768 fidei
2733 726 3116 768 sacramentum
3148 717 3423 768 redemisti.
3456 716 3560 776 Tn,
3591 717 3723 778 dico,

2172 785 2256 847 qui
2289 799 2344 854 es
2379 783 2513 836 Dens
2543 785 2778 848 veritatis,
2809 785 2856 836 id
2885 794 2984 850 est,
3013 786 3098 854 qui
3130 787 3326 838 nullum
3357 785 3498 839 fallis
3527 786 3580 837 in
3613 801 3720 854 pro.

2172 853 2363 904 missis.

2244 921 2406 974 Odisti
2432 924 2742 974 observantes
2767 922 3024 975 vanitates.
3055 921 3188 975 Vere
3216 936 3274 975 es
3303 921 3448 974 Deus
3474 922 3724 974 veritatis.

2171 988 2298 1040 Nam
2339 1006 2440 1041 non
2471 1005 2529 1043 es
2574 991 2707 1043 Dens
2756 991 3015 1054 falsitatis,
3057 993 3173 1058 quia
3220 991 3375 1042 odisti
3416 992 3726 1042 olim-roum

2170 1059 2458 1111 vanitatem.
2502 1059 2794 1112 Observant
2829 1070 3004 1112 autem
3035 1061 3346 1121 vanitatem,
3391 1062 3480 1125 qui
3511 1059 3635 1111 dmn
3667 1061 3726 1111 Ii-

2172 1136 2318 1178 ment
2346 1128 2496 1186 mori.
2523 1129 2834 1181 moriuntur.
2860 1128 3113 1181 Timendo
3137 1128 3276 1182 enim
3305 1128 3441 1181 mori
3476 1129 3728 1182 nit-utiuti-

2174 1206 2279 1255 tur,
2302 1205 2354 1247 et
2384 1197 2687 1248 mentiendo
2715 1197 3028 1250 moriuntur.
3052 1197 3146 1262 Qui
3174 1198 3291 1250 ideo
3314 1197 3722 1258 mentiebantur,

2175 1273 2228 1315 ut
2256 1265 2513 1318 viverent.
2547 1263 2866 1318 Mendacium
2894 1269 3034 1318 enim
3061 1281 3196 1318 mors
3225 1275 3297 1318 est
3327 1269 3541 1320 animm.
3574 1267 3636 1318 Et
3662 1266 3727 1317 sic

2173 1333 2317 1402 dum
2355 1348 2509 1384 unam
2566 1347 2786 1386 mortem
2839 1334 3070 1402 fugiunt,
3127 1338 3387 1402 geminam
3444 1336 3723 1388 incurrunt.

2127 1451 2133 1454 _
2173 1401 2321 1470 Quod
2353 1403 2551 1455 scilicet
2579 1412 2797 1455 mortem
2833 1401 3009 1470 fugere
3033 1403 3100 1455 sit
3141 1418 3470 1470 supervacue
3494 1411 3548 1455 et
3582 1404 3726 1457 inuti-

2175 1469 2309 1530 liter,
2339 1473 2456 1537 quia
2503 1472 2624 1525 licet
2664 1469 2908 1535 mortem,
2936 1483 2988 1524 ut
3024 1469 3247 1537 videtin,
3272 1474 3482 1540 possint
3503 1471 3724 1537 diﬂcrre,

2177 1555 2277 1592 non
2312 1549 2483 1593 tamen
2510 1554 2625 1593 eam
2657 1548 2876 1607 possunt
2899 1543 3122 1594 auferre.
3175 1541 3238 1594 Et
3288 1544 3389 1594 hoc
3421 1550 3591 1595 totum
3624 1543 3728 1594 ideo

2175 1609 2263 1671 fit,
2304 1611 2423 1675 quia
2455 1609 2588 1662 lianc
2615 1610 2769 1661 vitam
2800 1620 2852 1662 et
2882 1610 2991 1662 lucc
3022 1611 3326 1676 temporalia
3359 1612 3496 1665 bona
3526 1623 3726 1672 amant,

2173 1691 2289 1743 qtae
2321 1691 2448 1748 vana
2480 1687 2620 1730 sunt.
2653 1677 2746 1748 vel
2775 1681 2872 1731 boc
2899 1679 3052 1748 modo
3080 1696 3092 1730 :
3124 1679 3178 1733 Si
3217 1693 3404 1748 speras
3436 1681 3489 1732 in
3520 1683 3728 1748 ρει-ιιιιῑει

2175 1755 2264 1796 aut
2292 1746 2580 1808 nobilitate,
2611 1747 2697 1816 vel,
2722 1750 2768 1798 in
2801 1749 2971 1816 aliqua
2995 1746 3558 1813 singularidignitsté,
3591 1752 3726 1800 vani-

2179 1822 2333 1865 tatem
2365 1817 2630 1871 observas.
2661 1815 2787 1868 Nam
2817 1815 2939 1870 dum
2969 1831 3171 1884 speras,
3212 1821 3495 1883 exspiras;
3537 1828 3587 1872 et
3616 1821 3729 1869 dum

2178 1885 2432 1948 exspiras,
2469 1886 2639 1952 perdis
2666 1886 2716 1938 in
2743 1896 2846 1953 quo
2874 1885 3126 1952 sperabis.
3152 1886 3299 1951 Quod
3328 1889 3454 1938 item
3484 1903 3728 1949 supern-

2179 1967 2331 2005 cnum
2358 1966 2457 2012 c~t,
2489 1955 2534 2024 id
2566 1963 2664 2018 est,
2696 1956 3024 2009 damnosum.
3069 1957 3322 2008 Amemus
3347 1957 3510 2024 igitur
3535 1972 3595 2009 ea
3626 1972 3729 2020 que

2179 2037 2274 2094 nec.
2304 2038 2397 2073 nos
2423 2023 2680 2089 spirantes
2707 2025 2974 2089 deserant,
3016 2037 3111 2077 nec
3154 2039 3182 2076 a
3214 2023 3382 2078 nobis
3410 2027 3729 2094 spirantibus

2177 2093 2502 2145 deserantur.

2250 2159 2356 2225 Ego
2384 2172 2546 2213 autent
2572 2162 2765 2228 speravi
2792 2162 2843 2214 in
2879 2160 2998 2214 Deo.
3035 2162 3196 2216 Odisti
3221 2163 3460 2232 quidem,
3492 2163 3726 2221 Domine,

2178 2229 2486 2300 observantes
2526 2232 2821 2291 vanitatem,
2855 2245 2938 2285 me
2966 2241 3137 2284 autem
3168 2229 3270 2285 non
3299 2232 3415 2300 udis
3435 2271 3453 2296 ,
3495 2234 3614 2300 quia
3640 2248 3731 2300 ego

2178 2299 2240 2349 ad
2290 2298 2569 2352 vanitatem
2614 2315 2714 2353 non
2761 2302 2986 2366 respexi,
3031 2302 3137 2354 into
3179 2302 3241 2353 ad
3286 2297 3588 2360 veritatem,
3619 2297 3726 2365 quia

2177 2370 2372 2434 speravi
2419 2383 2646 2435 semper,
2692 2379 2741 2422 et
2784 2369 3006 2431 sperabo
3046 2372 3094 2423 in
3139 2380 3207 2429 te,
3255 2371 3499 2422 Domine.
3544 2373 3604 2423 ει
3641 2373 3728 2424 hoc

2179 2439 2334 2490 modo
2356 2439 2596 2506 sperabo,
2618 2439 2734 2506 quia
2764 2439 3016 2491 exsultabo
3042 2440 3290 2500 exterius.
3332 2451 3379 2491 et
3415 2441 3624 2493 letabor
3647 2438 3728 2489 in-

2183 2507 2361 2577 terius,
2394 2508 2441 2559 id
2483 2519 2562 2559 est
2583 2548 2596 2570 ,
2633 2508 2861 2577 plenarie
2889 2509 3123 2576 gaudebo
3155 2523 3255 2560 non
3288 2508 3337 2560 in
3363 2509 3570 2577 justitia
3602 2524 3729 2571 nisi,

2180 2576 2271 2628 sed
2299 2577 2347 2626 in
2379 2577 2738 2637 misericordia,
2772 2576 2819 2628 id
2853 2587 2964 2637 est,
2998 2579 3046 2628 in
3075 2578 3236 2645 gratia
3271 2576 3376 2630 tua.
3415 2580 3468 2630 in
3501 2594 3598 2645 qua
3630 2593 3732 2630 me-

2180 2645 2280 2696 rito
2307 2645 2474 2698 debeo
2518 2645 2712 2710 lit-tari,
2745 2646 2980 2712 quoniam
3009 2646 3143 2699 sicut
3180 2649 3321 2711 prius
3348 2663 3434 2700 me
3459 2649 3651 2699 elatum
3680 2649 3726 2698 in

2182 2713 2345 2766 Adam
2371 2714 2653 2783 despexisti
2676 2755 2690 2775 ,
2723 2715 2895 2766 dando
2938 2730 3020 2768 me
3066 2720 3114 2768 in
3160 2721 3523 2774 necessitates,
3558 2721 3623 2768 ita
3652 2732 3730 2770 me

2181 2797 2319 2835 nunc
2364 2785 2686 2853 butniliatum
2734 2785 3024 2852 respexisti,
3073 2787 3191 2850 quia
3231 2787 3338 2852 jam
3389 2785 3598 2837 salvasti
3643 2801 3728 2853 pro

2179 2866 2271 2918 spe
2302 2852 2362 2904 de
2390 2852 2757 2906 necessitatibus
2778 2854 2996 2905 animam
3027 2869 3208 2914 meam,
3239 2855 3288 2908 id
3319 2863 3436 2915 est,
3465 2858 3530 2908 de
3557 2852 3730 2920 pecea-

2180 2923 2247 2974 tis
2275 2931 2326 2973 et
2371 2921 2595 2974 miseriis
2641 2923 2904 2976 omnibus.
2948 2924 3074 2988 Qure
3123 2927 3239 2976 ideo
3272 2925 3614 2976 necessitates
3655 2925 3728 2974 dl—

2180 3000 2387 3062 cuntur,
2417 2991 2533 3056 quia
2562 2989 2685 3044 dum
2715 3005 2743 3042 a
2789 3000 2901 3045 luce
2930 2992 3166 3045 veritatis
3210 2993 3260 3043 in
3308 2993 3478 3056 primo
3520 3004 3728 3062 parente

2178 3059 2528 3122 ευιιεὶάιιιιιιε,
2562 3063 2858 3114 necessario
2889 3063 2938 3113 in
2971 3063 3060 3112 bas
3091 3062 3326 3113 miserias
3356 3063 3486 3126 lapsi
3523 3059 3726 3125 solitos,

2181 3144 2208 3181 a
2237 3128 2424 3193 quibus
2457 3145 2780 3196 nequaquam
2814 3131 3043 3196 perfecte
3073 3145 3236 3196 usque
3267 3131 3317 3184 itt
3350 3131 3510 3183 finem
3543 3134 3723 3184 saltm:

2186 3198 2491 3265 poterittius,
2522 3214 2614 3264 spe
2639 3208 2810 3250 tamen
2838 3198 3020 3250 salivati
3055 3215 3251 3251 sumus.
3287 3201 3356 3253 De
3389 3204 3472 3251 bis
3503 3201 3727 3253 necessi—

2185 3269 2378 3319 tatibus
2409 3268 2532 3318 dicit
2562 3269 2880 3336 Augustinus
2908 3284 2922 3321 :
2961 3285 2978 3317 t
3014 3269 3138 3333 Quis
3168 3272 3352 3320 animae
3397 3274 3728 3323 necessitates

2180 3350 2520 3398 enumerare,
2562 3337 2644 3389 νει
2678 3338 2830 3404 digne
2857 3350 3013 3403 queat
3044 3338 3278 3389 vitandas
3329 3341 3727 3391 couitttendare.’

2182 3405 2366 3457 Nullus
2395 3407 2609 3474 utique.
2653 3406 2833 3474 Magna
2884 3407 3022 3459 enim
3074 3408 3357 3458 necessitas
3404 3419 3485 3460 est
3532 3423 3726 3459 μυεῖ-ηε

2181 3489 2272 3527 cor
2299 3475 2527 3526 altetins.
2571 3473 2935 3529 Unde’evcnit
2984 3486 3036 3529 ut
3083 3490 3222 3542 sirpe
3265 3478 3334 3528 de
3379 3479 3551 3529 amico
3601 3479 3724 3528 ﬁdeli

2184 3545 2318 3596 male
2349 3543 2657 3606 sentiamus,
2687 3545 2753 3598 de
2792 3546 3002 3597 inimico
3033 3559 3156 3597 vero
3198 3547 3335 3598 fideli
3379 3549 3511 3598 bene
3536 3550 3724 3611 cogite-

2184 3628 2320 3667 mus.
2353 3615 2476 3665 llinc
2494 3614 2687 3666 dictum
2711 3623 2790 3666 est
2815 3631 2826 3665 :
2855 3613 3024 3666 Nolite
3051 3623 3169 3667 ante
3199 3623 3402 3680 tempus
3433 3616 3676 3681 judit-ari',
3707 3636 3721 3663 ι

2182 3695 2232 3737 et
2275 3684 2487 3750 reliqua.
2518 3684 2697 3750 Magna
2744 3699 2948 3748 quoque
2993 3688 3276 3736 necessitas
3319 3700 3398 3736 εει
3441 3700 3531 3735 cor
3577 3699 3719 3735 suum

2183 3753 2402 3805 nescire.
2445 3754 2588 3803 Sient
2617 3752 2801 3804 Petrus
2838 3753 3051 3804 nescivit
3083 3757 3166 3819 qui
3195 3755 3326 3804 dixit
3357 3771 3367 3803 :
3406 3752 3649 3814 Domine,
3682 3766 3722 3803 rt

2180 3824 2223 3874 si
2267 3829 2489 3886 oporteat
2534 3836 2608 3871 me
2639 3829 2798 3871 tecum
2826 3823 2973 3887 mori,
3010 3838 3107 3873 non
3149 3831 3194 3873 te
3235 3823 3444 3889 negabo.
3479 3821 3720 3874 Pra-teret

2183 3905 2365 3957 magna
2397 3892 2679 3941 necessitas
2707 3900 2785 3941 est
2819 3891 2926 3958 ipsa
2960 3894 3280 3951 mortalitas,
3322 3894 3443 3957 quia
3485 3907 3723 3944 necessa-

2182 3960 2312 4011 rium
2354 3969 2432 4010 est
2475 3973 2658 4011 omnes
2696 3961 2850 4026 mori,
2902 3971 2953 4014 et
3000 3975 3152 4011 nemo
3198 3972 3371 4012 tamen
3423 3963 3530 4011 vult
3577 3961 3720 4012 meti.

2183 4030 2418 4097 Pugnate
2466 4043 2670 4094 quoque
2715 4043 2899 4081 contra
2947 4038 3148 4081 veteres
3196 4033 3622 4089 consuetudines,
3678 4041 3724 4082 et

2179 4099 2423 4151 detestari
2455 4099 2680 4161 malum;
2712 4109 2764 4148 et
2793 4110 2961 4151 tamen
2992 4097 3164 4150 facere
3193 4103 3386 4150 malum
3425 4113 3604 4162 graves
3635 4115 3719 4151 ne-

2179 4168 2450 4220 cessitates
2486 4178 2640 4229 sunt,
2671 4175 2722 4218 et
2750 4167 2862 4218 alia:
2904 4166 3215 4233 multiplices
3244 4177 3298 4219 et
3327 4169 3612 4219 innumera:
3643 4184 3721 4220 ue-

2178 4238 2447 4289 cessitates
2477 4237 2662 4286 animae
2690 4244 2826 4296 sunt,
2854 4250 2981 4302 quas
3009 4238 3180 4289 nnllns
3209 4238 3347 4288 valet
3375 4238 3656 4300 explicare.

2252 4303 2359 4355 Nec
2386 4303 2673 4355 conclusisti
2696 4320 2770 4354 me
2797 4305 2848 4355 in
2879 4306 3105 4357 manibus
3137 4306 3344 4355 inimici.
3382 4304 3596 4358 Salvam
3627 4323 3721 4364 me.

2180 4375 2500 4442 inquatn,.de
2525 4374 2918 4439 necessitatibus,
2948 4383 3000 4426 et
3029 4378 3125 4425 hoc
3155 4378 3310 4425 modo
3341 4376 3650 4436 conclusisti,
3680 4379 3720 4425 id

2177 4456 2276 4506 est,
2330 4457 2429 4494 non
2481 4444 2762 4509 permisisti
2812 4459 2912 4505 me,
2964 4458 3128 4508 neque
3177 4447 3450 4508 permittes
3496 4446 3723 4496 cont-ludi

2182 4529 2284 4576 me,
2318 4513 2364 4562 id
2393 4523 2498 4573 est,
2529 4512 2753 4564 animant
2784 4527 2950 4562 meam
2980 4513 3030 4562 in
3056 4515 3383 4576 manibus,‘id
3412 4524 3524 4577 est,
3557 4514 3605 4564 in
3638 4528 3724 4577 po-

2182 4593 2365 4634 testate
2399 4582 2606 4635 inimici.
2649 4580 2916 4632 Inimicum
2959 4582 3039 4633 liic
3077 4583 3254 4647 accipe
3292 4598 3396 4634 non
3428 4581 3721 4635 familiarem

2181 4653 2442 4718 aliquem,
2474 4651 2553 4702 Vel
2596 4661 2741 4701 tuum
2771 4649 3020 4710 vicinum,
3073 4653 3164 4703 sed
3202 4651 3490 4716 pessimum
3532 4651 3722 4704 hostem

2182 4717 2475 4786 serpentem
2508 4721 2811 4788 antiquum,
2856 4721 2904 4771 in
2945 4717 3092 4788 cujus
3134 4720 3373 4770 manibus
3406 4722 3724 4774 concluditur

2183 4793 2478 4856 quicunque
2521 4787 2570 4837 iu
2619 4787 2843 4855 peceatis
2891 4804 2997 4840 suzs
3039 4788 3275 4839 moritur.
3317 4788 3418 4853 QJi
3458 4805 3583 4842 vero
3610 4806 3722 4842 con-

2185 4855 2370 4911 versus
2400 4856 2550 4907 fuerit
2580 4863 2642 4909 ab
2687 4859 2951 4925 impietate
2981 4871 3095 4918 sna,
3142 4867 3196 4909 et
3240 4855 3421 4910 fecerit
3454 4858 3719 4926 justitiam,

2185 4942 2286 4977 non
2319 4934 2589 4989 morietur,
2636 4942 2802 4994 neque
2842 4928 2890 4979 in
2937 4926 3173 4978 manibus
3213 4926 3325 4992 ejus
3367 4930 3720 4980 concludetur.

2189 4994 2304 5046 Non
2336 4995 2623 5046 conclusisti
2651 5011 2755 5057 me,
2789 4997 2996 5062 inquam
3018 5038 3032 5059 ,
3061 4994 3112 5045 in
3143 4998 3373 5047 manibus
3403 4998 3608 5055 inimici,
3639 4997 3720 5047 sed

2186 5065 2356 5130 potius
2382 5065 2602 5116 statuisti
2631 5065 2779 5132 pedes
2810 5080 2942 5115 meos
2961 5102 2974 5126 ,
3009 5064 3056 5114 id
3087 5074 3164 5116 est
3183 5105 3196 5123 .
3226 5065 3528 5119 affectiones
3564 5081 3717 5124 meas,

2185 5137 2234 5182 in
2263 5133 2371 5185 loco
2396 5137 2636 5197 spatioso,
2673 5134 2720 5184 id
2751 5143 2862 5194 est,
2911 5136 2960 5182 in
3000 5132 3269 5187 latitudine
3296 5135 3601 5196 cbaritatis,
3631 5137 3721 5187 hoc

2185 5211 2295 5263 est,
2329 5203 2495 5255 feciin
2537 5203 2661 5254 tnilti
2694 5200 2897 5254 faetletn
2926 5203 3178 5269 jUSIitinm
3210 5213 3382 5262 luam,
3414 5215 3469 5253 ιιι
3499 5218 3589 5270 per
3615 5219 3719 5256 eaut

2187 5275 2344 5324 corde
2375 5273 2590 5323 dilatato
2624 5285 2890 5324 currerent
2915 5314 2927 5329 .
2962 5288 3076 5338 qua:
3119 5275 3252 5325 sicut
3277 5282 3356 5325 est
3382 5272 3611 5324 difficilis
3637 5290 3721 5325 no-

2185 5341 2338 5404 lenti,
2381 5343 2455 5401 ita_
2478 5347 2561 5392 est
2591 5339 2755 5392 facilis
2785 5343 3000 5393 amanti.
3034 5342 3183 5393 Arcta
3211 5340 3458 5411 eniiuvia
3485 5351 3591 5406 est,
3621 5357 3721 5411 (με

2185 5413 2321 5462 ducit
2348 5411 2412 5460 ad
2441 5411 2607 5470 vitam,
2640 5412 2756 5476 quia
2788 5425 2888 5462 non
2918 5412 3146 5463 curritur
3177 5413 3273 5461 msi
3302 5409 3519 5462 dilatato
3549 5409 3716 5464 corde.

2257 5478 2309 5529 Μ
2318 5483 2503 5552 iserere
2522 5481 2614 5552 mei
2630 5517 2643 5540 ,
2671 5478 2910 5552 Domine.
2943 5481 3217 5552 ﬂuensque
3236 5487 3329 5552 est
3357 5481 3503 5552 quasi
3543 5497 3718 5552 aggra-

2187 5548 2365 5601 tulatio
2392 5549 2604 5613 perfecti
2635 5549 2766 5616 viri,
2795 5552 3002 5602 liberari
3033 5564 3060 5600 a
3093 5548 3536 5618 tribulationibus,
3566 5548 3717 5618 quiet

2186 5619 2413 5670 salvatus
2442 5628 2518 5670 est
2549 5635 2574 5667 a
2606 5622 3024 5672 necessitatibus.
3072 5617 3131 5667 Et
3161 5617 3310 5683 cujus
3341 5620 3499 5684 pedes
3526 5617 3650 5672 sunt
3676 5621 3716 5666 in

2189 5688 2301 5739 loeti
2332 5689 2579 5752 spatioso.
2622 5689 2895 5752 Quomodo
2942 5699 3112 5738 autent
3144 5703 3278 5739 nunc
3306 5688 3464 5748 ιΙιι-ἱι,
3502 5689 3716 5752 periculo

2188 5757 2332 5826 quasi
2367 5774 2543 5810 rursus
2575 5759 2896 5820 imminente,
2929 5756 3161 5810 Miserere
3188 5760 3308 5824 mei,
3344 5758 3579 5820 Πυηιεηε,
3608 5772 3716 5823 quo-
