3912 6230
216 400 330 457 633

916 396 978 452 IN
1018 395 1432 453 PSALMORUM
1474 395 1722 451 LIBRUM
1764 393 2116 452 EXEGESIS.
2155 425 2225 440 -
2258 397 2498 453 PSALJI.
2542 395 2706 452 XXX.

3303 398 3402 454 εει

213 513 366 564 niam
391 508 620 562 tribu’or.
651 507 705 562 Si
732 505 870 559 cnim
899 506 1195 568 tribulatur,
1219 517 1548 575 angustatur;
1578 509 1619 560 si
1646 522 1769 560 vero
1800 509 1845 567 Α
1874 509 2060 560 mirum
2103 509 2146 561 si
2177 509 2333 560 virtus
2361 516 2432 560 est
2463 509 2744 574 inﬁrmata,
2775 508 2889 575 quia
2920 508 3075 560 etiam
3123 525 3233 560 assa
3263 525 3368 562 mea
3389 550 3403 570 ,

217 589 554 645 angustatur,
581 576 842 643 quomodo
871 577 1026 642 pedes
1055 575 1168 644 ejus
1196 590 1311 628 sunt
1345 579 1392 627 in
1425 578 1536 629 loco
1577 577 1766 642 spatio-

219 649 334 702 so?
363 651 440 702 Au
475 647 608 701 forte
655 646 772 699 ideo
817 645 916 698 hoc
958 646 1120 698 dicit:
1169 645 1296 707 Quia
1343 661 1560 713 quorum
1611 662 1766 698 utinm

221 731 424 784 corpus
450 727 529 770 est
547 757 562 778 ,
588 729 766 770 eorum
789 727 887 766 vox
913 729 1010 784 una
1039 715 1154 784 est?
1183 715 1234 766 In
1255 731 1365 784 quo
1387 730 1605 784 corpore
1630 731 1769 779 qucu-

221 783 354 840 dam
395 789 626 840 membra
655 785 886 836 sentiunt
916 783 1218 836 facilitatem
1249 783 1464 849 iustitia:
1487 824 1499 842 ,
1532 787 1767 847 quautam

224 855 408 909 adhuc
463 855 699 907 laborant
744 851 1121 914 tribulatione;
1174 862 1225 903 et
1272 852 1316 903 si
1370 853 1560 916 patitur
1610 867 1768 902 tllttlttt

227 926 564 986 membrum,
600 931 790 975 ctctera
820 921 1245 986 compatiuntur;
1293 929 1345 972 et
1383 919 1424 970 si
1455 919 1770 983 glorificatur

231 1009 400 1046 unum
433 993 720 1045 membrum
745 1031 758 1052 ,
790 998 977 1042 cmtcra
1023 988 1396 1050 glorificantnr.
1433 988 1494 1039 Et
1527 989 1640 1039 ideo
1672 990 1768 1040 ista

235 1064 512 1115 tristantur
540 1062 588 1112 in
621 1061 826 1112 illorum
859 1058 1191 1110 tribulatione
1213 1099 1227 1119 ,
1258 1067 1310 1108 et
1357 1058 1441 1110 illa
1487 1057 1769 1110 Consolan-

237 1142 325 1183 Inr
356 1132 405 1182 in
435 1132 649 1183 istorum
677 1126 1070 1196 glorificatiOue.
1100 1126 1245 1190 Quod
1275 1126 1395 1178 inde
1419 1127 1590 1196 evenit
1611 1169 1623 1187 ,
1654 1128 1771 1191 quia

235 1200 478 1252 charitas
505 1197 625 1251 facit
651 1195 988 1264 compagem,
1011 1209 1288 1261 compages
1313 1195 1641 1260 ampleCtitnr
1664 1197 1773 1245 uui-

237 1278 405 1321 tatem
433 1308 448 1331 ,
479 1268 649 1321 unitas
676 1273 851 1318 servat
888 1265 1191 1317 cbaritatem
1214 1307 1226 1326 ,
1273 1265 1502 1316 cbaritas
1536 1265 1773 1327 perducit

238 1339 306 1391 ad
340 1337 655 1391 claritatem.
690 1337 1014 1400 Quapropter
1045 1334 1301 1399 perfectos
1330 1335 1412 1385 hic
1444 1332 1541 1394 vir,
1572 1333 1657 1400 qui
1692 1335 1774 1386 bic

243 1407 494 1474 loquitur,
516 1405 750 1471 quamvis
773 1418 800 1455 a
829 1403 1246 1474 tribulationibus
1279 1401 1550 1474 litterato},
1579 1404 1626 1452 in
1658 1416 1774 1466 per-

243 1471 376 1529 sena
396 1477 710 1527 consortium
732 1487 942 1525 suorum
964 1472 1040 1524 vel
1061 1471 1410 1535 quorumlibet
1430 1471 1771 1531 infirmorum,

243 1545 439 1604 quibus
475 1544 804 1611 compatilnr,
834 1539 960 1593 dicit
987 1557 999 1591 :
1036 1539 1420 1611 Miser-cremet,
1457 1538 1692 1611 Domine,
1724 1548 1778 1611 ει

241 1627 382 1678 opus
406 1620 488 1665 est
524 1623 576 1664 ut
597 1607 930 1671 miserearis,
962 1610 1193 1676 quoniam
1226 1607 1435 1678 tribtttor
1472 1623 1587 1678 ego.
1633 1609 1775 1662 Unde

244 1676 425 1735 autem
454 1696 668 1749 granum
700 1681 836 1731 inter
865 1688 1056 1749 tantam
1103 1676 1482 1749 multitudinem
1513 1677 1774 1749 palearum

243 1753 388 1819 quod
421 1745 561 1815 prius
591 1749 876 1815 gaudebat,
901 1747 1064 1819 modo
1093 1757 1264 1819 autem
1298 1747 1609 1819 tr_ibulator_‘.l
1649 1745 1776 1819 Inde

243 1816 479 1883 scilicet,
511 1822 629 1887 quia
659 1819 759 1884 iam
787 1817 981 1884 refrixit
1009 1816 1224 1887 charitas
1250 1816 1535 1887 multorum.
1571 1816 1776 1887 Et_qu_ia

243 1905 381 1957 quos
421 1885 561 1956 prius
601 1889 726 1942 vidit
763 1887 1046 1957 inAteinplo
1089 1886 1319 1949 Domini,
1359 1885 1519 1957 modo
1565 1885 1776 1937 videtin

245 1953 476 2013 theatro.
504 1957 564 2009 Et
587 1971 724 2008 nunc
749 1954 890 2006 audit
915 1963 1125 2006 cantare
1153 1953 1420 2005 tbcatralia
1441 1994 1454 2012 ,
1483 1967 1612 2020 quos
1641 1956 1782 2021 prius

244 2029 446 2080 audivit
485 2027 705 2094 psallere
737 2024 1086 2094 ecclesiastica
1125 2024 1345 2094 cantica.
1391 2022 1463 2094 Et
1484 2039 1584 2073 non
1614 2023 1780 2094 solum

249 2091 497 2160 tribulor,
539 2097 629 2148 sed
673 2095 828 2148 etiam
871 2093 1088 2146 irascor.
1135 2091 1281 2146 Unde
1319 2092 1595 2144 iram-itur"!
1625 2091 1779 2156 Inde,

243 2166 487 2228 scilicet,
519 2165 632 2228 quia
663 2163 804 2216 videt
833 2162 1069 2215 homines
1112 2177 1200 2214 ore
1246 2160 1406 2212 Deum
1431 2161 1742 2216 confitentes
1766 2202 1779 2223 ,

247 2235 490 2287 moribus
515 2244 685 2286 autem
718 2233 1162 2299 blasphemantes.
1198 2232 1258 2283 Et
1289 2231 1484 2282 ninndo
1513 2231 1664 2282 dictis
1693 2231 1782 2282 ab-

249 2303 648 2368 renuntianles,
705 2301 852 2354 factis
899 2311 1069 2352 autem
1124 2300 1462 2368 inhaerentes.
1490 2367 1496 2368 γ
1524 2300 1784 2368 Multaque

247 2374 379 2426 talia
423 2372 593 2436 videt,
634 2365 822 2436 quibus
867 2370 1107 2421 irascitur
1149 2383 1338 2434 corpus
1378 2365 1600 2429 Christi,
1645 2365 1782 2435 quod

247 2441 475 2496 interius
504 2442 633 2494 vivit
658 2440 725 2494 de
753 2438 937 2508 Spiritu
966 2438 1176 2508 Christi.
1224 2438 1414 2490 Littera
1445 2438 1736 2508 siedicitnr
1764 2455 1775 2488 :

248 2510 444 2565 Oculus
472 2527 607 2564 meus
629 2553 642 2576 ,
671 2511 719 2561 id
748 2507 861 2573 εει,
897 2507 1190 2561 intellectus
1221 2522 1384 2571 mens,
1421 2518 1492 2559 est
1523 2507 1572 2558 in
1602 2508 1696 2570 ira,
1732 2509 1780 2560 itl

247 2591 368 2644 est,
403 2583 638 2632 irascitur
666 2578 806 2632 falsis
835 2576 1080 2629 fratribus
1100 2617 1113 2637 ,
1144 2578 1327 2629 oculus
1357 2579 1495 2642 dico,
1527 2591 1619 2642 per
1650 2578 1782 2630 iram

248 2649 615 2703 rationabilem
668 2656 867 2700 tantum
922 2647 1277 2709 conturbatus,
1334 2661 1434 2697 non
1485 2649 1639 2697 etiam
1695 2662 1785 2710 per

250 2720 434 2771 odium
480 2720 786 2770 exstinctus.
836 2716 986 2768 Irasci
1031 2716 1167 2768 enim
1215 2715 1365 2767 malis
1393 2730 1506 2782 qua:
1552 2716 1670 2767 mali
1703 2715 1781 2767 fa-

249 2790 402 2841 ciunt
430 2788 576 2850 licet,
607 2787 748 2854 ipsos
776 2800 899 2839 vero
926 2785 1098 2837 odisse
1129 2799 1228 2836 non
1266 2785 1405 2837 licet.
1456 2785 1515 2836 Et
1567 2800 1666 2836 non
1696 2798 1782 2836 so-

251 2857 361 2910 lum
390 2858 571 2910 oculus
593 2899 605 2919 ,
637 2856 686 2907 id
729 2865 809 2908 est
849 2856 1144 2906 intellectus
1174 2863 1256 2906 est
1284 2857 1620 2906 conturbatus
1647 2870 1660 2916 ;
1691 2855 1781 2906 sed

248 2930 412 2980 etiam
440 2928 606 2979 anima
635 2940 770 2985 mea,
801 2924 848 2975 id
880 2935 954 2976 est
977 2963 990 2986 ,
1024 2925 1156 2975 ratio
1187 2937 1296 2975 mea
1318 2963 1332 2984 ,
1362 2933 1404 2973 et
1429 2934 1594 2974 venter
1623 2938 1779 2985 utens,

251 2997 305 3048 id
336 3004 449 3057 est,
480 2993 786 3048 sensualitas
813 3007 926 3044 mea
956 2994 1255 3044 conturbata
1286 2999 1425 3044 sunt.
1462 2991 1524 3042 Et
1553 2991 1782 3058 intelligo

252 3079 351 3130 per
382 3066 458 3116 bis
487 3065 582 3115 tria
612 3063 782 3116 omnia
816 3062 1079 3113 interiora.
1120 3061 1274 3126 Quasi
1320 3062 1458 3113 dicat
1488 3079 1498 3112 :
1533 3061 1780 3114 Interiora

253 3148 371 3186 mea
403 3131 577 3185 omnia
625 3131 931 3184 conturbata
970 3138 1116 3192 sunt,
1165 3145 1264 3181 non
1310 3131 1464 3183 etiam
1497 3143 1779 3184 exteriora.

249 3201 476 3266 Quando
519 3203 659 3254 enim
711 3209 906 3252 tantam
960 3196 1351 3264 perversitatem
1403 3209 1454 3250 et
1504 3201 1784 3267 nequitiam

254 3275 516 3324 malorum
549 3270 883 3336 praevaluisse
913 3268 1144 3320 videmus
1163 3309 1176 3332 ,
1210 3284 1361 3334 quam
1386 3282 1478 3321 nec
1502 3270 1786 3332 corripi-re,

254 3353 356 3394 nec
386 3341 648 3407 corrigere
691 3352 995 3405 possumus,
1030 3347 1152 3390 tunc
1198 3339 1348 3391 irasci
1397 3348 1592 3390 tantum
1639 3339 1785 3400 licet,

252 3411 490 3463 clamare
519 3424 641 3462 vero
674 3424 773 3459 non
808 3407 957 3468 licet,
989 3408 1107 3475 quia
1153 3409 1193 3458 si
1239 3408 1582 3460 clamaremus
1604 3451 1616 3473 ,
1667 3408 1790 3460 nihil

255 3480 652 3546 proficerctnus,
684 3477 791 3546 illlO
821 3491 1062 3543 magnum
1109 3477 1255 3528 nobis
1301 3477 1668 3529 offendiculutn
1718 3478 1793 3527 fa-

253 3545 522 3601 ceremus.
552 3545 695 3612 Qu~:d
725 3560 842 3597 cum
873 3547 1042 3597 evenit
1067 3586 1082 3610 ,
1118 3550 1390 3597 turbantur
1419 3555 1614 3598 tantum
1658 3547 1789 3598 inte-

254 3617 434 3677 riora,
467 3632 568 3669 non
611 3615 769 3668 etiam
817 3616 1096 3666 exteriora.
1138 3614 1460 3667 Sensualitas
1505 3617 1691 3666 dicitur
1719 3617 1792 3666 vis

254 3685 346 3739 illa
395 3687 612 3749 animae,
663 3699 780 3749 quia
825 3693 1022 3737 tantum
1069 3684 1134 3736 de
1174 3681 1520 3735 exterioribus
1561 3684 1789 3751 appetit,

254 3767 510 3823 quantum
563 3754 785 3805 sufficiat
828 3753 1123 3823 necessitati
1155 3753 1406 3820 corporis.
1451 3755 1597 3817 Quod
1629 3769 1794 3821 quan-

260 3822 352 3876 diu
388 3834 596 3886 servat,
625 3823 858 3887 subjacct
887 3822 996 3873 viro
1028 3835 1154 3884 suo,
1186 3823 1232 3872 id
1263 3833 1335 3873 cst
1359 3861 1374 3882 ,
1420 3823 1604 3874 rationi
1631 3839 1644 3884 ;
1677 3839 1791 3874 cum

261 3908 396 3946 vero
426 3894 536 3944 ha-c
563 3895 766 3943 excedit
794 3894 969 3957 jogum
1001 3892 1091 3941 viri
1124 3892 1202 3942 sui
1231 3891 1438 3958 abjicit,
1473 3903 1524 3943 et
1545 3932 1558 3956 ,
1587 3893 1794 3944 diaboo

261 3962 636 4021 Consentiens,
669 3960 973 4029 manumad
1005 3959 1215 4019 illicita,
1256 3963 1402 4025 quasi
1453 3961 1555 4013 Eva
1601 3963 1663 4014 ad
1706 3963 1794 4029 p04

261 4047 410 4082 nium
434 4070 448 4093 ,
482 4030 743 4094 extendit,
777 4037 828 4081 ει
857 4028 930 4080 sic
957 4029 1111 4079 etiam
1143 4029 1308 4079 virum
1339 4031 1558 4082 seducit.
1711 4028 1718 4029 ί
1764 4082 1769 4088 _

338 4100 587 4160 Quoniam
632 4099 809 4162 defecit
850 4097 903 4148 in
946 4100 1113 4148 dolore
1155 4099 1252 4148 vita
1295 4114 1420 4150 mea.
1453 4099 1636 4150 Merito
1667 4098 1796 4151 inte-

262 4169 407 4222 riora
440 4183 552 4219 mea
597 4169 901 4220 conturbata
943 4175 1097 4230 sunt,
1126 4166 1371 4232 quoniam
1399 4171 1492 4219 vita
1523 4184 1648 4231 mea,
1681 4182 1796 4234 quin

261 4237 448 4289 debuit
480 4235 731 4304 proficere
762 4239 810 4288 in
842 4236 1017 4286 hetitia
1039 4277 1053 4299 ,
1086 4235 1266 4302 defecit
1294 4237 1343 4287 iu
1374 4238 1563 4288 dolore.
1610 4239 1796 4291 Scien-

263 4307 394 4360 dum
425 4306 559 4371 quod
609 4306 708 4356 vita
756 4306 920 4357 sancti
952 4307 1045 4356 viri
1091 4318 1142 4358 et
1186 4308 1235 4358 in
1287 4307 1563 4374 Evangelio
1604 4308 1797 4360 Christi

268 4375 492 4443 perfecti
512 4390 623 4444 non
644 4383 735 4444 est
766 4375 1056 4427 necessaria
1085 4376 1210 4438 sibi,
1245 4375 1334 4428 sed
1365 4378 1584 4428 aliorum
1616 4377 1795 4444 dispo-

263 4444 474 4498 sutioai.
508 4443 611 4496 Nec
642 4443 751 4509 ip~e
781 4452 989 4508 propter
1021 4458 1077 4496 se
1106 4445 1256 4506 vivit,
1304 4447 1394 4498 sed
1442 4459 1494 4497 u-t
1535 4447 1645 4511 ejus
1693 4443 1794 4498 vita

1875 577 1920 628 id
1969 588 2075 639 est,
2125 578 2404 630 validiores
2448 579 2580 629 inter
2625 586 2894 630 consortes
2942 593 3086 628 meos
3128 580 3212 644 qui
3259 593 3407 630 erant

1871 648 2030 698 r--httr
2061 661 2264 710 meum,
2296 647 2573 698 conturbati
2605 657 2717 699 sunt
2753 649 2962 698 interius
2996 649 3010 710 (
3041 658 3090 695 ut
3134 662 3286 706 supra
3331 650 3408 699 di-

1870 727 2009 765 cuttn
2044 717 2194 777 est),
2241 730 2342 766 non
2389 723 2587 766 tantum
2634 718 2701 766 ab
2751 716 2973 768 hosﬁum
3007 717 3405 781 perswutione,

1872 794 2120 849 quantum
2151 798 2179 835 a
2211 784 2454 835 faISorum
2489 784 2702 837 fratrum
2739 785 3018 849 impietate.

1942 852 2108 916 Super
2155 869 2324 903 omnes
2367 853 2588 904 inimicos
2630 869 2780 904 meos.
2831 854 2946 904 Ideo
2978 856 3130 904 virtus
3161 862 3230 903 est
3259 853 3402 919 infir-

1871 929 2036 982 mata,
2082 929 2126 972 et
2171 937 2283 972 ossa
2330 921 2654 978 conturbata,
2691 923 2806 988 quia
2837 936 2932 983 ego
2965 926 3122 979 factus
3153 937 3260 972 sunt
3305 938 3399 982 op-

1872 990 2125 1055 probrium
2155 1006 2302 1056 super
2332 1006 2498 1041 omnes
2531 992 2754 1042 inimicos
2786 1007 2915 1041 meo:
2935 1031 2948 1051 ,
2983 991 3028 1041 id
3059 1001 3139 1043 est
3160 1030 3173 1049 ,
3221 989 3406 1058 majori

1873 1063 2185 1126 contemptui
2220 1060 2423 1109 habitus
2454 1076 2565 1111 sum
2596 1101 2607 1122 ,
2640 1074 2792 1124 quam
2824 1074 3005 1111 onines
3037 1060 3228 1110 inimici
3262 1065 3360 1111 mei
3385 1101 3400 1120 ,

1875 1127 1924 1178 id
1968 1137 2078 1189 est,
2123 1128 2324 1189 Judaei,
2373 1128 2601 1189 scilicet,
2634 1140 2678 1179 et
2734 1129 2948 1191 pagani,
2995 1130 3410 1181 crintratlicentes

1875 1197 2081 1260 veritati
2110 1213 2121 1255 ;
2152 1196 2286 1260 quod
2323 1207 2492 1248 tamen
2537 1197 2679 1261 qua~i
2711 1196 2849 1248 dicat
2899 1198 3106 1257 evenit,
3138 1199 3410 1249 inveniun-

1878 1274 1959 1317 tur
1990 1265 2104 1317 falsi
2136 1264 2446 1324 Christiani,
2479 1267 2560 1326 qui
2591 1267 2818 1316 deterius
2860 1265 2907 1316 in
2943 1265 3188 1317 Ecclesiae
3229 1281 3407 1318 sacra-

1877 1334 2065 1384 mentis
2095 1335 2298 1393 vivunt,
2329 1349 2481 1400 quam
2514 1334 2588 1386 vel
2619 1333 2782 1384 .lud;ei
2813 1335 2893 1384 vel
2929 1334 3110 1401 pagani
3142 1334 3191 1384 in
3226 1335 3403 1399 regula

1876 1415 1966 1454 sua
1998 1403 2205 1455 faciant.
2243 1403 2391 1466 Quod
2422 1403 2750 1455 referendum
2779 1415 2856 1454 εει
2885 1403 2946 1452 ad
2980 1406 3119 1468 ipsos
3148 1403 3409 1454 inimicos.

1880 1472 2044 1523 llahet
2092 1472 2230 1523 enim
2276 1471 2374 1522 alia
2407 1471 2738 1524 Translatio:
2773 1472 2914 1538 Apud
2966 1487 3132 1523 omnes
3178 1472 3405 1523 inimicos

1879 1556 2009 1591 meos
2039 1543 2199 1606 factus
2230 1557 2338 1591 sunt
2365 1540 2684 1608 approbrium
2704 1581 2719 1603 ,
2751 1552 2794 1592 et
2820 1541 2961 1592 valde
2989 1541 3149 1603 factus
3177 1556 3406 1607 sum‘op-

1879 1609 2132 1676 probrium
2162 1610 2330 1660 vicinis
2360 1611 2497 1660 meis.
2534 1609 2739 1662 Vicinos
2784 1618 2932 1660 vocat
2978 1611 3095 1661 illos
3138 1609 3224 1676 qui
3270 1613 3413 1676 pritts

1879 1677 1941 1729 ad
1973 1679 2375 1730 ecclesiasticam
2424 1679 2652 1744 regulam
2702 1680 2979 1740 accedere,
3029 1688 3081 1731 ct
3125 1679 3412 1730 Ecl-lesizmi

1884 1749 2077 1799 intrare
2106 1753 2411 1812 voluerunt,
2443 1750 2532 1799 sed
2567 1757 2774 1813 propter
2816 1747 3068 1812 privatam
3113 1748 3273 1801 vitam
3319 1746 3414 1799 Ial-

1881 1830 2058 1868 sorum
2105 1815 2322 1868 fratrum
2372 1817 2564 1881 repulsi
2611 1829 2758 1881 ειιιιι,
2787 1817 2921 1882 apud
2966 1831 3097 1882 quos
3143 1816 3307 1868 factus
3338 1826 3417 1869 cst

1881 1885 2236 1950 opprobrium.
2287 1883 2373 1936 Vel
2422 1887 2538 1952 quia
2590 1885 2682 1948 ipsi
2731 1900 2846 1936 eum
2894 1885 3243 1936 communiter
3293 1901 3410 1938 cum

1882 1956 2088 2007 caeteris
2135 1955 2532 2018 vituperabaot,
2587 1954 2666 2006 vel
2717 1955 2873 2007 etiam
2930 1955 3136 2021 ipsitnct
3186 1955 3410 2005 dicunt:

1879 2023 2049 2088 Quare
2079 2038 2173 2075 nus
2201 2024 2262 2074 ad
2293 2036 2383 2073 vos
2413 2021 2717 2076 accedemus
2737 2065 2750 2087 ,
2783 2038 2898 2075 cum
2930 2023 3092 2074 multo
3122 2024 3405 2086 turpimetn

1879 2094 2035 2145 vitam
2065 2093 2212 2146 nobis
2237 2092 2474 2145 dueatis?
2507 2092 2567 2143 Et
2595 2093 2722 2144 notis
2751 2093 2888 2155 nteit,
2917 2092 2965 2144 id
2995 2105 3096 2154 est,
3125 2092 3225 2145 illis
3254 2094 3408 2144 etiam

1881 2163 2066 2228 quibus
2094 2177 2190 2229 ego
2220 2165 2296 2214 vel
2325 2163 2409 2227 qui
2444 2162 2566 2213 mihi
2600 2163 2705 2214 ιιι)ιί
2736 2173 2855 2214 sunt
2879 2163 2987 2229 jam
3022 2164 3070 2214 ιιι
3098 2165 3414 2216 ecclesiasti-

1881 2233 1957 2282 cis
1986 2233 2237 2284 institutis
2258 2269 2274 2295 ,
2307 2233 2425 2296 quia
2448 2231 2552 2297 jam
2587 2232 2636 2282 iii
2665 2233 2740 2283 eis
2771 2235 2944 2283 vivere
2988 2242 3371 2286 consueverunt
3398 2248 3412 2297 ;

1881 2299 2008 2363 illis,
2040 2300 2244 2367 inquam
2269 2341 2282 2362 ,
2312 2313 2426 2352 sum
2457 2314 2556 2364 ego
2583 2301 2748 2362 timor,
2779 2302 2898 2365 quia
2932 2300 3113 2351 timent
3159 2304 3283 2352 tuihi
3333 2316 3422 2352 at:-

1879 2371 2136 2431 cessisse,
2168 2371 2409 2435 quoniam
2441 2368 2678 2421 dubitant
2720 2367 2878 2421 etiam
2909 2368 2976 2420 de
3008 2383 3109 2421 me.
3144 2372 3300 2434 Quasi
3334 2371 3416 2420 di-

1880 2448 2001 2491 cat:
2036 2439 2249 2506 Propter
2290 2439 2540 2503 quosdam
2585 2437 2872 2490 excidimus
2916 2438 2965 2489 in
3013 2438 3416 2490 dubitationem.

1884 2508 1957 2560 Illi
1988 2522 2192 2574 quoque
2216 2509 2404 2574 quibus
2435 2523 2536 2560 non
2567 2509 2736 2560 Solum
2771 2518 2928 2559 notus
2963 2522 3104 2558 erant
3147 2508 3195 2560 in
3243 2508 3421 2559 eccle-

1883 2579 2102 2629 siasticis
2131 2577 2406 2638 institutis,
2440 2579 2529 2630 scd
2555 2578 2707 2629 etiam
2733 2578 2817 2640 qui
2841 2577 3068 2628 videbant
3101 2593 3174 2629 me
3204 2579 3251 2627 in
3279 2579 3418 2628 Scri-

1883 2645 2044 2712 pturis
2073 2649 2299 2710 sanctis,
2331 2648 2449 2713 quia
2478 2648 2708 2711 legerant
2754 2646 2824 2699 ibi
2872 2648 3014 2713 plora
3061 2649 3321 2713 priedicta,
3370 2656 3424 2700 ει

1882 2715 1946 2784 de
1975 2730 2076 2768 uno
2107 2731 2310 2784 quoque
2340 2714 2568 2779 perfecto
2597 2714 2926 2782 singulariter
2969 2725 3020 2766 t-t
3065 2722 3414 2768 communiter

1883 2783 1946 2836 de
1975 2783 2255 2846 omnibus;
2291 2785 2398 2848 illi,
2445 2786 2682 2851 inquam,
2725 2799 2843 2836 cum
2889 2785 3108 2837 multum
3154 2788 3416 2850 sapientes

1884 2863 1936 2906 et
1966 2857 2176 2917 perfecti
2208 2855 2526 2920 viderentur,
2561 2859 2793 2921 fugerunt
2824 2870 2854 2904 α
2886 2871 2960 2905 me
3003 2857 3139 2921 foras
3159 2895 3170 2908 .
3218 2857 3266 2904 id
3313 2867 3388 2906 est
3410 2893 3425 2913 ,

1882 2923 2161 2976 ecclesiam
2191 2928 2459 2985 exierunt,
2496 2938 2546 2976 ct
2573 2925 2688 2974 facti
2714 2934 2834 2975 sunt
2865 2924 3111 2975 haeretici.
3145 2923 3213 2974 De
3241 2924 3425 2987 quibus

1882 2992 2072 3044 dictum
2098 3004 2212 3044 est:
2241 2995 2278 3043 Α
2308 2994 2444 3043 nobis
2471 2995 2714 3053 nierum,
2743 2994 2825 3058 qui
2852 3011 2880 3043 a
2907 2993 3046 3043 uoltis
3075 3008 3171 3043 non
3202 2992 3422 3058 fuerunt.

1883 3060 1945 3112 Et
1975 3063 2107 3126 apud
2142 3063 2235 3114 hos
2262 3062 2406 3113 datus
2427 3078 2533 3112 sum
2559 3060 2819 3122 oblivioni,
2849 3071 3076 3112 remotus
3097 3078 3126 3111 a
3155 3062 3301 3112 corde
3333 3075 3424 3110 co-

1808 3160 1855 3222 c
1884 3145 1999 3184 rum
2030 3139 2263 3198 tauquam
2292 3145 2458 3183 essem
2489 3129 2672 3222 aliqqis
2703 3133 2749 3222 ιιι
2785 3131 3007 3192 peucaiis
3040 3141 3302 3222 ηιοιΊιιιιε.Ι
3335 3128 3425 3208 ι’ρι

1894 3209 2134 3265 tauquam
2181 3212 2415 3253 mortuus
2447 3214 2474 3250 a
2503 3200 2689 3264 corde,
2738 3201 2834 3253 hoc
2863 3209 2971 3263 est,
3019 3215 3230 3266 prorsus
3259 3203 3321 3250 ab
3353 3201 3431 3250 iu-

1894 3269 2018 3320 timo
2051 3269 2163 3331 ipso
2194 3278 2446 3320 mortuus.

1965 3335 2151 3389 Factus
2177 3353 2286 3389 sum
2316 3347 2551 3404 tauquam
2581 3354 2661 3388 ras
2690 3339 2960 3402 perditum.
3007 3339 3133 3402 Quia
3179 3339 3278 3390 rita
3322 3355 3428 3389 mea

1892 3408 2069 3476 defecit
2099 3409 2146 3457 in
2177 3408 2369 3472 dolore,
2401 3415 2446 3458 et
2476 3416 2628 3458 virtus
2654 3417 2723 3457 est
2752 3410 3022 3472 iit/innata,
3055 3419 3100 3459 et
3133 3413 3292 3476 factus
3320 3425 3425 3459 sum

1892 3477 2216 3543 opprobrium
2257 3493 2404 3544 super
2453 3491 2618 3527 eomes
2663 3477 2887 3528 inimicos
2937 3491 3103 3546 meos,
3134 3487 3236 3528 etc.
3287 3480 3426 3546 Ergo

1893 3550 2052 3613 factus
2080 3563 2189 3598 sum
2219 3557 2453 3612 tanquam
2500 3560 2583 3596 vas
2625 3547 2869 3613 perditum
2891 3584 2907 3607 ,
2949 3545 2997 3596 id
3043 3555 3151 3609 est,
3187 3559 3273 3596 vas
3300 3545 3428 3597 con-

1894 3618 2110 3668 f’ractum
2141 3626 2193 3668 et
2223 3615 2346 3668 nulli
2379 3615 2492 3668 usui
2527 3625 2724 3680 aptum.
2766 3616 2895 3680 Quia
2940 3618 3073 3666 sicut
3099 3629 3186 3665 vas
3213 3616 3424 3665 confra-

1892 3694 2030 3736 ctum
2061 3689 2312 3751 liquorem
2341 3686 2434 3736 sibi
2465 3685 2728 3751 infusum,
2759 3695 2813 3737 ut
2846 3699 2934 3750 per
2981 3687 3146 3750 ipsum
3193 3684 3305 3735 aliis
3350 3683 3428 3733 in-

1895 3753 2217 3811 fon.leretur,
2252 3754 2497 3805 inutiliter
2527 3754 2738 3817 elfudit,
2771 3756 2836 3807 ita
2870 3769 2966 3821 ego
3000 3753 3244 3806 laboravi.
3281 3754 3342 3803 lit
3372 3762 3425 3802 ut

1895 3825 2012 3876 aliis
2062 3824 2365 3890 proficerem
2414 3839 2498 3876 me
2542 3825 2804 3888 disposui,
2853 3826 2943 3877 sed
2992 3823 3242 3876 inutiliter
3289 3824 3432 3874 labor

1896 3909 2041 3946 meus
2071 3903 2123 3944 et
2148 3892 2416 3958 diSpositio
2446 3908 2556 3943 mea
2584 3894 2922 3954 eftluxerunt,
2951 3896 3068 3962 quia
3096 3910 3196 3944 non
3226 3894 3318 3944 fuit
3344 3894 3428 3957 qtti

1898 3978 1980 4015 me
2009 3964 2154 4028 sequi
2186 3962 2358 4014 \ellet.
2392 3964 2452 4014 lit
2482 3964 2578 4014 hoc
2623 3968 2846 4016 maxime
2888 3963 3035 4024 ideo,
3067 3963 3298 4029 quoniam
3339 3978 3431 4012 au-

1898 4033 1998 4082 divi
2053 4033 2457 4100 vituperationem
2502 4033 2802 4093 multorum,
2851 4033 2899 4082 id
2945 4041 3053 4092 est,
3107 4034 3270 4081 factus
3316 4045 3429 4082 sum

1897 4101 2232 4166 Opprolirium
2265 4101 2438 4152 multis
2470 4113 2570 4151 tam
2615 4100 2836 4151 inimicis
2865 4114 3017 4166 quam
3048 4100 3228 4149 vicmis
3257 4109 3308 4149 et
3340 4114 3432 4149 oo-

1901 4171 1980 4220 tis.
2017 4169 2079 4220 Et
2112 4172 2190 4220 bis
2219 4172 2303 4236 qui
2339 4185 2421 4222 me
2451 4175 2591 4236 prius
2624 4168 2888 4229 viderant,
2921 4179 2974 4220 et
2999 4184 3025 4217 a
3058 4183 3139 4220 me
3167 4167 3431 4233 fugerant,

1899 4238 2074 4289 multis
2103 4240 2219 4290 dico
2247 4240 2691 4291 comitiorantibus
2722 4241 2772 4290 iu
2814 4238 3056 4301 circuitu,
3103 4237 3149 4288 id
3192 4245 3302 4298 εει,
3348 4239 3432 4302 qui

1900 4317 2098 4359 tantum
2131 4308 2452 4360 circumeunt
2478 4342 2494 4369 ,
2519 4319 2570 4360 et
2595 4325 2695 4360 non
2724 4309 2932 4361 intrant.
2960 4309 3291 4359 Circumeunt
3320 4311 3434 4372 qui-

1900 4378 2018 4429 dem
2067 4386 2122 4429 et
2161 4391 2260 4428 non
2307 4379 2534 4442 intrant,
2580 4381 2696 4444 quia
2740 4387 2902 4429 rotam
2947 4377 3199 4444 temporis
3237 4385 3429 4427 ainant.

1903 4447 2011 4499 Non
2062 4448 2255 4498 intrant
2295 4460 2464 4498 antem
2509 4448 2572 4498 ad
2618 4449 2920 4509 veritatem,
2952 4451 3067 4512 quia
3115 4459 3218 4497 non
3262 4457 3436 4497 amant

264 4513 564 4580 exemplum
597 4493 825 4576 prinbeat
852 4493 994 4570 aiits,
1027 4513 1112 4581 qui
1144 4493 1260 4564 coni
1301 4517 1501 4580 aliquos
1544 4493 1793 4578 literatur,
1827 4493 1877 4551 D
1899 4518 2242 4568 aiternitatem
2262 4555 2276 4577 ,
2307 4517 2675 4579 temporalibus
2704 4516 2860 4566 dediti
2891 4493 3033 4581 tiu-isi
3061 4525 3187 4567 rota:
3212 4515 3425 4566 astricti.

267 4599 402 4650 quos
431 4598 526 4635 suo
555 4583 792 4646 exemplo
821 4582 1025 4647 corpori
1056 4580 1242 4635 Christi
1274 4584 1521 4650 adjungit,
1540 4592 1660 4635 tunc
1693 4586 1794 4635 vita

267 4653 382 4716 ejus
425 4654 475 4703 in
507 4652 678 4702 lmtitia
728 4654 962 4714 proficu;
1012 4661 1064 4703 et
1107 4665 1135 4702 ε
1174 4660 1350 4703 contra
1382 4655 1423 4702 si
1457 4655 1650 4704 nultum
1697 4654 1798 4704 sibi

267 4721 603 4772 t_:out‘oruiare
634 4719 838 4785 poterit,
871 4721 984 4784 ejus
1017 4721 1119 4772 vita
1149 4722 1200 4772 in
1229 4723 1404 4774 dolore
1432 4722 1622 4774 deficit.
1657 4721 1801 4776 Unde

270 4792 534 4854 perfectus
581 4791 666 4842 hic
699 4792 774 4840 vir
817 4791 1149 4854 conqueritur
1177 4791 1355 4842 dicens
1383 4808 1394 4841 :
1434 4790 1548 4842 Vita
1577 4808 1684 4843 mea
1714 4793 1799 4844 de-

267 4858 386 4926 fecit
418 4858 468 4907 in
499 4859 699 4918 dolore,
732 4868 783 4910 et
814 4873 913 4909 non
949 4858 1115 4910 brevis
1145 4860 1246 4910 vita
1270 4902 1282 4922 ,
1315 4860 1403 4912 sed
1435 4863 1551 4911 anni
1580 4862 1699 4924 mei,
1751 4862 1800 4914 id

268 4938 388 4990 est,
422 4928 573 4991 longa
606 4941 705 4979 vita
737 4942 848 4979 nica
885 4966 899 4989 ,
932 4943 1083 4994 quam
1116 4939 1166 4977 ut
1198 4928 1312 4979 aliis
1356 4931 1664 4996 proficerem
1710 4931 1799 4983 de-

268 4999 440 5059 duxi;
474 4997 635 5048 defeci
679 4997 730 5046 in
777 4998 1069 5061 gemitibus,
1117 5012 1217 5048 noti
1261 4997 1310 5049 in
1357 5001 1511 5051 claris
1554 4999 1801 5065 vocibus,

268 5080 397 5134 qota
431 5075 623 5135 tantam
657 5075 1046 5128 perversutatem
1095 5065 1339 5128 attendo,
1386 5069 1521 5135 quod
1565 5069 1798 5122 dolorem

269 5133 446 5187 cordis
489 5133 1087 5211 gemiluuantnm‘ltcet
1128 5133 1450 5202 ettprimere,
1501 5152 1602 5190 non
1645 5140 1800 5192 etiam

273 5219 456 5256 vocem
490 5206 826 5254 correctionis
856 5206 1112 5256 emittere.
1675 5216 1678 5218 '

345 5273 610 5336 Inﬁrmata
651 5283 718 5322 est
761 5272 810 5320 in
855 5283 1146 5336 pauiu-tate
1183 5276 1334 5325 virtus
1375 5293 1501 5328 mea.
1545 5277 1664 5329 Ideo
1704 5277 1804 5329 vita

269 5356 383 5392 mea
415 5347 464 5391 in
494 5342 664 5413 dolore
691 5342 905 5413 defecit,
933 5352 976 5392 et
1003 5345 1122 5393 anni
1153 5349 1199 5394 in
1230 5346 1487 5411 gerititibus
1508 5385 1523 5407 ,
1556 5349 1673 5413 quia
1703 5350 1804 5398 ινιτ.

272 5420 353 5459 tus
407 5427 549 5471 mea,
603 5411 649 5463 id
697 5421 808 5471 est,
864 5410 1005 5475 vigor
1053 5410 1316 5465 cliaritatis
1367 5431 1486 5481 ergo
1539 5410 1805 5482 proximos

271 5482 519 5544 exemplo
549 5493 666 5532 meo
696 5482 968 5530 salvatidos
995 5520 1006 5537 .
1038 5490 1118 5531 est
1149 5484 1436 5536 infirmatus
1462 5501 1562 5536 non
1596 5489 1644 5536 in
1691 5502 1802 5548 me,

269 5548 386 5609 sed,
417 5559 662 5619 quantum
696 5549 756 5601 ad
802 5552 1105 5612 efficaciam,
1159 5554 1206 5602 iti
1258 5564 1581 5619 paupertate.
1617 5556 1663 5606 id
1695 5566 1803 5618 est,

269 5619 423 5682 quasi
456 5615 510 5667 in
540 5618 636 5668 cibi
665 5630 912 5684 egestate.
962 5620 1087 5681 Quia
1133 5615 1270 5671 cum—
1297 5615 1418 5675 nihil
1462 5626 1597 5674 aliud
1642 5615 1807 5676 esuri;

270 5700 389 5737 rem
415 5725 429 5744 ,
463 5686 559 5736 nisi
591 5697 642 5735 ut
673 5689 871 5754 aliquos
905 5692 1075 5738 salvos
1107 5690 1326 5742 tacerem
1349 5732 1361 5752 ,
1395 5694 1585 5744 nullum
1634 5695 1804 5748 iuveni

273 5771 370 5822 per
398 5770 552 5822 quem
585 5754 706 5806 mihi
737 5757 1108 5812 contorruando
1139 5773 1222 5811 tne
1255 5766 1539 5816 reticerem.
1595 5762 1654 5816 Et
1697 5778 1798 5817 non

1904 4587 1964 4638 Et
1992 4587 2042 4635 iu
2070 4599 2124 4636 eo
2150 4585 2366 4635 circuitu
2395 4595 2775 4636 common-antes
2794 4624 2808 4644 ,
2841 4586 2990 4648 dum,
3025 4587 3139 4651 quia
3169 4586 3260 4652 ipsi
3294 4587 3340 4634 iu
3372 4598 3436 4634 co

1900 4662 2052 4707 erant
2076 4695 2089 4716 ,
2122 4668 2216 4720 ego
2246 4667 2366 4705 vero
2398 4670 2498 4705 non
2526 4656 2946 4717 couSentiebam,
2971 4665 3293 4707 convenerunt
3339 4656 3431 4702 att—

1901 4739 2065 4776 versus
2110 4739 2216 4785 me,
2259 4723 2307 4774 id
2353 4731 2466 4786 est,
2514 4734 2691 4776 contra
2733 4740 2814 4775 me
2854 4727 3004 4777 simul
3036 4722 3284 4775 consiliati
3315 4733 3432 4772 sunt

1901 4796 2122 4856 accipere
2153 4794 2371 4843 animam
2417 4809 2606 4852 meum,
2659 4796 2707 4845 id
2755 4804 2866 4858 est,
2913 4802 2966 4843 ut
3002 4808 3115 4854 me,
3164 4792 3248 4856 qui
3296 4793 3431 4843 intra

1903 4865 2172 4915 veritatem
2203 4877 2343 4914 eram
2367 4903 2381 4924 ,
2413 4872 2556 4915 extra
2591 4863 2816 4914 facerent
2838 4902 2850 4924 ,
2883 4871 2934 4912 et
2986 4863 3035 4911 in
3084 4861 3298 4911 circuitu
3347 4875 3432 4911 se-

1902 4942 2320 4997 componerent.
2356 4932 2549 4984 Inimici
2581 4933 2664 4998 qui
2695 4933 2847 4982 minis
2875 4940 2925 4981 et
2952 4930 3395 4998 persecutionibus
3415 4967 3432 4993 ,

1903 5000 2014 5054 falsi
2044 5016 2166 5052 vero
2197 5003 2376 5054 fratres
2404 5001 2606 5053 blandis
2633 5000 3040 5052 SCtIUClIOIlIDUS.

1976 5069 2083 5136 Ego
2112 5082 2293 5122 autem.
2345 5072 2415 5121 lfli
2448 5072 2653 5137 quidem
2685 5068 2934 5120 consiliati
2961 5077 3072 5120 situt
3093 5108 3108 5131 ,
3139 5079 3194 5120 ιιι
3226 5083 3307 5119 me
3337 5067 3428 5117 de-

1907 5148 2180 5200 vorat-ent,
2211 5143 2298 5190 sed
2328 5149 2598 5191 consilium
2625 5153 2770 5189 suum
2801 5154 2901 5189 non
2931 5139 3287 5205 perfecerunt,
3318 5137 3440 5203 quia

1905 5222 2001 5274 ego
2034 5211 2166 5259 inter
2197 5216 2272 5259 tot
2299 5208 2606 5276 opprobria,
2641 5211 2775 5259 inter
2805 5217 2877 5258 tot
2919 5210 3161 5259 scandala
3202 5209 3430 5273 positus,

1907 5277 2027 5328 foris
2075 5280 2463 5341 persecutiones
2487 5318 2500 5338 ,
2533 5279 2670 5329 intus
2713 5277 3028 5339 seditiones,
3064 5278 3140 5328 vel
3184 5276 3442 5328 seductio-

1907 5361 2027 5409 nes,
2060 5348 2285 5414 speravi,
2317 5348 2556 5409 Domine,
2592 5363 2691 5400 non
2724 5350 2774 5397 in
2805 5346 3012 5396 homine
3035 5386 3048 5408 ,
3078 5347 3165 5397 sed
3198 5349 3245 5395 iu
3278 5355 3350 5406 te,
3377 5345 3436 5398 'iu

1906 5430 2007 5481 quo
2041 5421 2245 5467 tirtnutn
2278 5427 2329 5470 et
2358 5428 2555 5471 certum
2585 5415 2664 5469 est
2692 5430 2921 5482 sperare.
2971 5417 3066 5479 Qui
3097 5417 3233 5466 enim
3265 5426 3441 5478 sperat

1909 5485 1958 5554 in
1993 5484 2198 5554 homine
2217 5526 2230 5547 ,
2264 5489 2514 5539 titubante
2546 5486 2754 5538 homine
2773 5525 2786 5547 ,
2819 5487 3001 5536 titubat
3029 5495 3079 5535 ct
3108 5484 3216 5546 ipse
3241 5494 3291 5554 et
3320 5499 3440 5543 spes

1906 5551 2038 5619 ejus.
2067 5552 2298 5608 Cadente
2327 5558 2564 5618 homine,
2594 5558 2743 5609 cadet
2769 5568 2921 5608 etiam
2950 5567 3067 5621 spes
3095 5566 3223 5616 ejus.
3262 5551 3311 5602 lu
3343 5556 3380 5601 ι)
3404 5576 3442 5601 »-

1909 5637 2050 5675 mtuo
2078 5637 2201 5675 vero
2233 5641 2333 5677 non
2366 5635 2445 5679 est
2477 5641 2770 5693 processus,
2802 5641 2902 5677 non
2933 5634 3010 5676 est
3039 5624 3288 5693 defeeng
3324 5639 3438 5685 ιμιιι

1909 5706 2003 5744 nec
2033 5699 2271 5759 augetur,
2301 5711 2396 5748 nec
2422 5698 2688 5758 minuitur,
2720 5698 2808 5748 sed
2842 5709 3044 5757 semper
3076 5692 3207 5742 idem
3242 5706 3318 5754 νει
3339 5713 3443 5740 ut-

1912 5771 2016 5816 net.
2053 5762 2114 5815 ιιι
2149 5763 2266 5816 ideo
2297 5766 2397 5816 fisa
2429 5779 2546 5832 spes
2576 5770 2685 5831 ejus
2717 5777 2794 5819 est
2821 5779 2869 5821 et
2901 5776 3060 5818 ιειλιιι.
3096 5763 3333 5830 δριωαιι,
3370 5780 3439 5813 ιιιι
