3912 6230
565 294 670 353 655

1020 297 1216 353 llEDAZ
1261 298 1703 358 VENERABILIS
1737 301 1883 358 Ol‘l’.
1927 293 2091 355 ΡΑιιε

2225 299 2413 356 SECT.
2451 299 2512 354 ll.
2552 331 2620 342 —
2646 301 2847 360 DUBIA
2883 301 2970 356 ET
3001 299 3278 372 ,SPURIA.

3658 299 3746 354 656

558 385 716 470 quam
744 401 800 460 in
832 420 897 464 te.
928 411 986 462 Et
1021 413 1119 465 hoc
1147 411 1199 464 in
1227 412 1413 467 elTectu
1444 414 1646 467 ostendi
1668 453 1682 474 ,
1715 415 1832 482 quia
1864 413 1972 466 dixi
1992 412 2092 482 tibi
2124 413 2171 468 Α
2199 390 2490 465 erubescant
2520 411 2570 464 in
2601 410 2804 482 futuro,
2838 421 2884 464 et
2913 414 2981 482 ita
3012 411 3364 482 erubescant,
3399 417 3454 460 ut
3495 410 3743 462 deducan-

564 493 664 528 non
705 488 970 544 strepente
1010 495 1136 534 voce
1175 483 1312 541 oris,
1353 483 1442 535 sed
1484 483 1669 535 silente
1708 497 1836 536 voce
1879 481 2093 535 cordis:

564 544 716 610 Eripe
741 564 844 611 me,
884 546 1090 600 Domine
1108 590 1121 610 ,
1155 552 1215 602 de
1241 551 1469 604 manibus
1497 553 1808 603 inimicorum
1837 566 2059 602 meorum
2081 588 2096 610 ,

557 625 658 668 etc.
694 614 751 668 Et
782 618 968 669 merito
999 620 1087 668 tibi
1117 619 1254 675 dixi.
1285 621 1404 684 quia
1433 631 1483 671 ιιι
1509 622 1652 672 solus
1679 634 1736 671 es
1766 619 1900 671 Deus
1928 633 2098 681 meus;

560 700 659 734 non
694 685 951 744 Donatus,
985 702 1085 738 non
1110 687 1320 742 Marcio.
1349 704 1449 740 non
1477 690 1632 741 etiam
1663 690 1774 748 ipse
1805 687 1993 739 Paulus
2021 697 2099 739 est

557 753 678 802 miln
713 753 866 806 Deus.
913 753 1155 821 Nunquid
1196 757 1325 807 enim
1367 759 1415 807 in
1460 757 1655 809 nomine
1685 756 1832 808 Pauli
1862 756 2099 823 bap!izati

556 824 672 895 ςκιὶε
696 823 1099 895 γ-ι-Ειὶιιιιθ-ιιιιη,
1128 826 1216 878 sed
1251 826 1297 875 in
1331 825 1542 878 nomine
1565 825 1782 878 Christi.
1814 826 1882 895 Et
1903 828 2018 891 jure
2050 835 2099 877 te

558 891 718 942 Ili-um
763 893 885 943 milii
933 891 1100 951 fat-io,
1140 895 1256 958 quia
1299 907 1452 947 norm
1489 910 1641 958 mete,
1677 895 1728 946 id
1772 891 1882 954 est,
1927 901 2099 958 partes

559 974 708 1022 inme,
739 961 800 1011 ad
827 976 954 1025 quas
985 962 1182 1032 scilicet
1214 964 1483 1025 pertineo,
1514 963 1610 1014 hoc
1641 973 1749 1027 est,
1779 973 1952 1028 partes
1977 978 2100 1014 san-

555 1036 755 1095 ctorum
801 1041 920 1081 sunt
966 1046 1066 1082 non
1099 1032 1148 1083 in
1182 1032 1420 1084 manilius
1452 1034 1754 1092 hominum,
1786 1032 1875 1084 ιιι-(1
1908 1032 1956 1082 in
1987 1047 2119 1095 ma-_

548 1094 700 1149 nibus
728 1099 859 1160 luis,
892 1097 940 1149 id
973 1109 1081 1158 est.
1116 1104 1223 1152 sola
1257 1101 1486 1166 potentia
1523 1113 1638 1163 tua,
1677 1101 1798 1166 quia
1830 1101 1966 1168 quod
2000 1101 2100 1153 illa!

557 1175 727 1228 partes
755 1176 1051 1221 sanctorum
1083 1178 1231 1230 sunt,
1266 1184 1366 1221 nun
1414 1182 1494 1221 est
1538 1169 1591 1222 itt
1636 1169 1834 1222 meritis
1875 1185 2096 1233 eorum,

551 1235 644 1304 sed
692 1237 739 1286 in
783 1238 946 1299 gratia
992 1247 1097 1289 tua.
1144 1238 1369 1292 Vocatur
1412 1250 1585 1291 autem
1627 1240 1790 1304 gratia
1828 1239 1915 1290 Dei
1948 1252 2094 1300 sors,

552 1303 671 1374 quia
704 1306 852 1358 sicuti
883 1307 1134 1374 contingit
1163 1323 1266 1360 non
1290 1310 1547 1360 electione
1572 1303 1896 1372 meritorum,
1928 1307 2024 1358 hoc
2042 1307 2100 1359 lit

556 1371 689 1424 sit-ut
719 1380 801 1440 qui
834 1385 973 1426 sorte
1003 1371 1286 1440 elitgontur,
1341 1393 1442 1430 non
1486 1379 1535 1430 in
1583 1377 1780 1430 meritis
1803 1416 1817 1439 ,
1850 1371 1939 1428 sé-d
1971 1391 2095 1428 casu

552 1441 834 1505 eliguntur.
869 1442 958 1495 Vel
999 1456 1155 1496 sortes
1198 1461 1318 1498 mea:
1361 1450 1409 1496 in
1457 1447 1683 1499 manibus
1721 1452 1850 1504 tuta.
1895 1445 1943 1497 id
1983 1455 2094 1508 est,

552 1509 655 1575 alia
675 1520 746 1563 int
775 1513 859 1564 alii
892 1529 1230 1579 quascunque
1263 1527 1433 1579 partes
1462 1516 1512 1566 in
1537 1516 1732 1567 mundo
1756 1517 1908 1566 velint
1939 1532 1951 1574 ;
1981 1531 2094 1565 sor-

551 1587 622 1650 tes
664 1593 834 1650 autem
877 1598 996 1634 mete
1039 1594 1191 1635 erunt
1229 1585 1280 1636 in
1327 1585 1554 1636 munibus
1597 1585 1729 1647 tuis,
1761 1582 1810 1633 id
1859 1595 1969 1645 est,
1998 1599 2095 1650 ego

552 1648 674 1719 nihil
717 1650 937 1718 eligam,
988 1652 1082 1704 nisi
1129 1669 1242 1719 qum
1286 1654 1440 1719 digne
1487 1655 1777 1719 pertinent.
1809 1652 1871 1704 ad
1904 1648 2089 1717 poten-

2201 491 2284 532 tur
2311 482 2360 531 in
2388 481 2641 547 infernum
2661 521 2676 543 ,
2710 480 2760 531 id
2793 487 2870 531 est
2889 521 2904 543 ,
2936 478 2989 531 in
3017 480 3384 533 confusionem
3416 486 3698 530 sternam.

2274 549 2335 602 Et
2362 550 2493 602 labia
2517 549 2692 602 dolosa
2719 548 2845 616 ﬁant
2871 557 3028 600 muta.
3059 549 3204 613 Quod
3234 548 3284 599 in
3315 549 3416 600 hac
3443 548 3553 599 vita
3585 549 3752 612 nequit

2201 617 2308 670 ﬁeri
2331 660 2346 683 ,
2377 619 2496 684 quia
2531 617 2613 672 hic
2642 631 2851 683 semper
2882 618 3146 680 lacerant,
3180 618 3588 683 blasphemant,
3624 632 3750 669 sesu-

2202 701 2293 748 per
2320 689 2590 740 venenatis
2632 686 2818 753 linguis
2857 687 3270 750 contradicunt;
3317 689 3537 737 tandem
3583 700 3748 739 autem

2200 769 2322 809 vere
2353 766 2491 808 mnta
2538 756 2694 815 ﬁent,
2729 765 2887 816 tunc,
2917 756 3142 816 scilicet,
3195 756 3408 819 quando
3455 755 3748 808 iniquitates

2199 839 2378 876 eorum
2424 826 2702 878 traducent
2739 825 2906 877 malos
2948 838 3014 877 ex
3056 830 3332 892 opposito,
3379 834 3436 876 et
3485 826 3623 876 ultra
3653 840 3742 876 om:

2199 896 2298 946 erit
2328 895 2469 946 locus
2500 903 2730 953 peccato.

2272 962 2395 1032 Quir
2415 962 2684 1028 loquuntur
2708 962 2943 1014 adversus
2961 963 3180 1032 justum.
3205 961 3295 1013 Illa
3313 1003 3326 1023 ,
3356 961 3576 1027 inquam
3597 1002 3610 1022 ,
3635 976 3744 1016 sunt

2201 1030 2330 1083 labia
2361 1031 2541 1082 dolosa
2564 1070 2577 1090 .
2609 1046 2722 1097 qua:
2751 1030 3021 1100 loquuntur
3048 1032 3365 1099 iniquitatem
3395 1034 3640 1085 adversus
3669 1048 3742 1086 cz-

2200 1111 2290 1164 put
2345 1100 2511 1166 ipsum
2559 1100 2862 1167 justorntn,
2910 1109 2963 1153 et
3008 1102 3264 1153 adversus
3320 1117 3742 1165 unumquemque

2194 1168 2452 1232 justorunt
2471 1211 2484 1233 ,
2516 1170 2567 1219 in
2591 1169 2821 1233 sttprrbia
2845 1171 3103 1221 dictorum
3131 1181 3174 1221 et
3203 1172 3253 1221 in
3279 1170 3530 1222 abusione
3556 1186 3736 1224 rerum.

2201 1239 2434 1298 Superba
2464 1239 2598 1288 dicta
2635 1250 2813 1290 contra
2842 1238 3012 1302 justus
3042 1247 3166 1292 sont
3196 1252 3242 1286 ιιι
3286 1239 3383 1291 ista
3412 1257 3430 1291 :
3461 1241 3600 1302 Quid
3639 1257 3738 1292 cre-

2196 1305 2364 1358 ditis?
2395 1306 2517 1374 quid
2546 1307 2810 1371 speratis?
2838 1307 3050 1360 Certum
3083 1309 3295 1375 quidem
3326 1316 3409 1358 est
3440 1309 3583 1375 quod
3613 1311 3739 1361 labo-

2197 1377 2321 1427 ralis
2345 1414 2359 1433 ,
2390 1378 2644 1428 incertum
2676 1390 2798 1428 vero
2825 1384 2907 1427 est
2930 1377 3065 1442 quod
3094 1378 3341 1440 speratis.
3374 1376 3509 1429 Nam
3541 1379 3738 1441 quando

2196 1448 2370 1498 veniet
2419 1445 2555 1512 quod
2601 1445 2859 1509 Speratis‘l
2904 1444 3025 1497 Hazc
3070 1446 3227 1498 etiam
3271 1461 3402 1499 vere
3446 1447 3594 1497 dicta
3635 1461 3736 1498 sunt

2194 1515 2346 1567 valde
2376 1515 2568 1578 iniqua.
2600 1514 2815 1565 Summa
2846 1514 2984 1566 enim
3032 1515 3281 1580 iniquitas
3329 1524 3414 1565 est
3454 1513 3620 1581 justis
3659 1533 3734 1566 au-

2180 1582 2337 1643 ,l'ct're
2379 1597 2528 1642 Spem
2569 1596 2739 1634 suam.
2787 1582 2840 1633 In
2885 1582 3135 1634 abusione
3178 1597 3306 1634 vero
3352 1583 3645 1649 loquuntur
3678 1585 3734 1637 illi

2198 1650 2523 1726 iniquitatem
2550 1691 2565 1726 ,
2607 1650 2700 1726 _qui
2747 1660 2974 1726 terrena_
2999 1659 3252 1726 appetunt
3295 1661 3350 1726 et
3379 1665 3568 1704 amant
3589 1696 3603 1716 ,
3633 1668 3734 1726 qua;

551 1717 674 1793 t_'!_atn
700 1717 869 1793 tuam.
903 1721 964 1793 ιςι
995 1721 1112 1793 ideo
1143 1717 1260 1793 non,
1290 1717 1557 1793 permittat
1587 1723 1709 1774 mihi
1743 1720 1977 1793 Donatus
2007 1721 2089 1772 vel
2127 1735 2170 1793 Β
2198 1719 2449 1771 Dominus
2480 1720 2644 1793 noluit
2672 1721 3184 1793 amare‘et‘babere.
3211 1729 3267 1771 ιιι
3293 1720 3518 1772 doceret
3544 1735 3607 1773 ea
3633 1717 3734 1775 ελεςὲ

554 1784 780 1850 Μηρώ,
835 1790 914 1841 vel
961 1790 1147 1856 aliquis
1198 1792 1375 1843 talium
1421 1789 1677 1858 Africam,
1732 1789 1812 1842 vel
1866 1789 2091 1858 aliquam

551 1868 704 1906 unam
739 1859 1038 1915 particulam
1074 1861 1123 1910 in
1157 1869 1312 1911 terra.

619 1921 772 1987 Eripe
821 1943 896 1976 me
947 1930 1006 1978 de
1055 1929 1280 1980 manibus
1327 1927 1642 1979 inimicorum
1695 1942 1934 1978 meorum.
1985 1926 2095 1980 lloc

547 2006 755 2055 semper
785 1995 1037 2047 orandum
1059 2035 1072 2056 ,
1108 1999 1203 2048 hoc
1232 1998 1473 2049 omnibus
1513 2000 1646 2049 votis
1688 1997 1972 2060 optandum
1993 2039 2006 2060 ,
2038 2006 2094 2049 ut

549 2061 830 2124 eripiantur
859 2079 886 2116 a
924 2066 1142 2117 Domino
1172 2068 1230 2118 de
1259 2065 1500 2125 manibus,
1535 2067 1720 2126 idest,
1745 2066 1809 2118 dc
1841 2076 2092 2129 potestate

546 2130 882 2186 inimicorum.
914 2134 1203 2186 Notandum
1233 2151 1356 2187 vt-ro
1391 2135 1526 2200 quod
1569 2137 1652 2187 alii
1695 2144 1814 2187 sunt
1856 2136 2091 2198 inimici,
2143 2146 2146 2150 ·

522 2208 731 2252 contra
763 2217 892 2265 quos
923 2203 1173 2256 debemus
1203 2219 1381 2263 orare,
1429 2203 1514 2256 alii
1563 2219 1655 2268 pro
1701 2205 1888 2270 quilms
1934 2204 2092 2256 debe-~

550 2282 664 2340 mus
711 2285 880 2322 orare.
915 2271 1106 2324 Contra
1152 2274 1410 2323 diabolum
1453 2275 1588 2324 enim
1631 2283 1684 2324 et
1723 2273 1936 2335 angelos
1979 2273 2093 2340 ejus

549 2338 804 2408 t‘f‘ltemus
833 2355 1014 2402 orare,
1051 2355 1115 2392 ne
1145 2342 1470 2404 decipiantur
1499 2341 1563 2391 ah
1595 2342 1697 2401 eis,
1729 2342 1845 2408 quia
1872 2341 1974 2404 "ipsi
2010 2338 2094 2394 in-

553 2404 726 2456 ιιιιιιιιι
752 2409 898 2460 ttobis
922 2425 1135 2475 regnum
1167 2410 1440 2462 ρωποι-ηιμ.
1475 2409 1656 2462 llolcnt
1680 2404 1816 2461 enim
1847 2424 1942 2461 nos
1972 2412 2092 2464 illuc

555 2477 841 2529 ascendere
899 2481 1035 2532 unde
1110 2481 1203 2545 ipsi
1255 2479 1594 2541 ceciderunt;
1652 2493 1744 2545 pro
1795 2479 2091 2533 hominibus

555 2555 681 2593 vero
726 2546 979 2608 inimicis,
1028 2549 1077 2599 in
1125 2549 1310 2614 quibus
1356 2563 1476 2615 spes
1519 2549 1876 2600 eottversionis
1921 2549 2090 2612 aliqua

543 2621 622 2683 est
648 2652 660 2673 ,
692 2628 842 2666 orare
871 2617 1141 2668 debemus.
1177 2617 1458 2670 Sciendum
1493 2627 1663 2668 tamen
1689 2617 1824 2683 quod
1871 2617 2088 2682 inimici,

550 2677 786 2733 homines
815 2685 1202 2753 qualescunque
1232 2687 1330 2737 sint
1350 2729 1364 2751 ,
1401 2702 1500 2737 non
1531 2695 1652 2745 sunt
1681 2677 1800 2736 o'dto
1833 2677 2084 2748 habendi,

547 2762 610 2798 ne
637 2763 756 2820 cum
790 2754 955 2806 malus
987 2755 1092 2806 odit
1139 2757 1330 2807 malum
1374 2770 1526 2820 quem
1581 2755 1790 2820 patitur,
1837 2754 1939 2805 duo
1985 2754 2090 2807 sint

545 2819 689 2892 mali.
726 2820 907 2888 Diliget
939 2837 1063 2889 ergo
1095 2825 1261 2876 bonus
1305 2819 1494 2876 malum
1521 2865 1533 2887 ,
1566 2819 1720 2892 quem
1766 2825 1976 2890 patitur,
2034 2835 2090 2877 ut

545 2887 623 2937 Vel
655 2904 785 2942 unus
818 2887 1020 2944 tantum
1045 2893 1112 2945 sil
1144 2894 1330 2947 malus.

617 2954 772 3028 Eripe
801 2977 896 3020 tne,
931 2963 1162 3027 inquom,
1194 2972 1296 3015 etc.
1329 2963 1480 3026 Eripe
1512 2977 1593 3014 me
1623 2979 1652 3012 α
1687 2962 2089 3028 persequentibus

547 3040 658 3085 tne,
693 3027 740 3078 id
785 3039 896 3092 est,
946 3046 972 3080 a
1027 3031 1167 3082 t'alsis
1220 3035 1467 3082 fratribus
1517 3027 1869 3082 lraudulentor
1914 3046 2086 3093 perse-

544 3098 856 3160 quentibus,
892 3115 985 3165 pro
1016 3101 1205 3164 quibus
1258 3100 1376 3152 ideo
1424 3100 1580 3150 etiam
1623 3100 1955 3166 singulariter
2004 3115 2086 3153 ro-

543 3172 664 3235 ttat.
695 3167 813 3235 quia
849 3182 1026 3218 eorum
1061 3170 1354 3235 persecutio
1397 3168 1683 3220 vicinorum
1731 3180 1809 3220 est
1852 3181 1903 3221 et
1951 3175 2087 3234 peri-

544 3232 883 3286 culosiot'tttn.
917 3232 1145 3288 Nam'illi
1180 3239 1307 3290 tales
1337 3253 1453 3290 cum
1488 3252 1514 3286 a
1549 3239 1696 3289 bonis
1729 3252 1830 3288 non
1864 3232 2090 3290 toleratio

545 3310 667 3374 tur,‘
697 3318 793 3354 nec
833 3319 928 3356 suo
977 3310 1130 3357 modo
1181 3309 1357 3358 vivere
1406 3308 1797 3374 permittuntur,
1848 3317 2090 3371 qumrunt

544 3369 720 3419 Statim
754 3375 1014 3437 quomodo
1064 3376 1129 3426 ab
1176 3377 1370 3428 uoitale
1407 3369 1720 3436 erumpant,
1773 3369 1825 3426 el
1865 3369 2086 3439 aliquam

548 3443 991 3501 perturbationem
1024 3445 1252 3506 faciant;
1285 3456 1333 3496 et
1368 3459 1460 3510 pro
1493 3444 1571 3496 bis
1604 3444 1789 3494 talibus
1816 3455 1895 3495 est
1936 3459 2086 3496 otan-

545 3509 667 3556 dtttn
688 3546 703 3571 ,
737 3518 790 3561 ut
816 3523 1191 3563 Convertuntur
1218 3524 1263 3564 et
1299 3509 1630 3578 resipiscam.
1661 3513 1723 3563 Et
1749 3513 1790 3563 si
1818 3512 1924 3578 jam
1952 3517 2088 3567 exie-

549 3584 698 3635 runt,
734 3579 948 3630 redeant
978 3595 992 3643 ;
1025 3582 1066 3632 si
1099 3596 1223 3632 vero
1253 3583 1421 3632 adhuc
1469 3582 1600 3632 intra
1647 3588 1800 3644 sunt,
1833 3583 1922 3633 Sed
1971 3598 2084 3649 per.

551 3657 705 3760 :erso
739 3650 928 3714 modo,
964 3661 1228 3702 mutentur
1258 3652 1306 3701 in
1339 3649 1559 3712 melius,
1603 3660 1652 3702 et
1695 3661 2087 3719 perseverantes

573 3723 700 3760 13111-

573 3723 700 3766 ιιιιιι.

613 3778 828 3855 Illustra
855 3788 1034 3854 facient
1064 3798 1220 3844 luam.
1254 3789 1376 3843 Dico
1405 3789 1539 3855 eripe
1567 3805 1642 3840 nte
1662 3827 1676 3848 ,
1708 3799 1782 3849 el,
1815 3797 1867 3840 ιιι
1900 3790 2087 3855 eripias

547 3864 664 3911 me,
699 3854 892 3907 illustra
934 3860 1125 3922 faciem,
1154 3871 1290 3910 tumt
1339 3854 1487 3925 super
1535 3874 1653 3916 me,
1693 3871 1800 3909 non
1846 3858 2085 3911 libertum

543 3935 750 3985 meum,
803 3927 879 3977 vel
927 3937 1105 3991 tuum,
1154 3930 1243 3980 sed
1289 3943 1482 3980 servant
1528 3936 1699 3987 luttnt,
1746 3926 1795 3977 id
1842 3937 1954 3990 est,
2009 3930 2087 3982 lac

547 4003 629 4039 me
675 3995 860 4054 talem,
912 4006 966 4047 nt
1009 4002 1057 4048 in
1101 3998 1254 4049 dictis
1282 4009 1334 4050 et
1374 3995 1523 4047 laetis
1549 4005 1796 4061 appareat
1829 3999 2087 4062 pertinere

548 4073 631 4130 me
661 4063 722 4109 ad
755 4066 1106 4116 lnrreditatem
1145 4077 1280 4118 tuam
1314 4074 1366 4116 et
1397 4066 1795 4130 possessionem.
1846 4067 1910 4118 Et
1938 4079 1991 4118 ιιι
2023 4070 2085 4120 il-

546 4127 755 4193 lustres,
789 4134 978 4183 salvum
1008 4150 1083 4185 me
1113 4139 1221 4200 fac.
1260 4127 1503 4199 Domine,
1537 4136 1583 4186 id
1617 4147 1722 4196 est,
1754 4135 1831 4186 lac
1859 4151 1941 4188 me
1972 4151 2086 4201 per-

542 4210 866 4251 sewrantem
898 4217 1015 4256 esse
1034 4243 1048 4265 ,
1078 4216 1127 4256 et
1157 4206 1255 4257 hoc
1285 4221 1384 4256 ltotl
1416 4220 1476 4256 ex
1508 4203 1702 4255 meritis
1731 4206 1888 4265 meis,
1917 4206 2006 4256 sed
2035 4208 2086 4256 in

549 4266 885 4339 misericordia
913 4284 1024 4326 tua.
1061 4276 1108 4324 id
1141 4286 1252 4332 est,
1289 4291 1388 4325 nott
1420 4277 1538 4333 quia
1581 4288 1675 4338 ego
1713 4273 1897 4339 dignus
1939 4286 2082 4339 sum,

543 4334 634 4384 Sed
663 4339 780 4408 gula
812 4350 864 4390 tu
899 4345 1192 4396 misericors
1238 4359 1313 4397 es.
1359 4344 1424 4396 Et
1466 4344 1583 4394 idco
1616 4334 1843 4408 'rogo'ut
1885 4334 2082 4395 salvum

547 4417 630 4453 nte
659 4401 816 4456 facias
836 4446 850 4468 ,
880 4425 943 4478 ne
971 4414 1270 4478 confundor.
1306 4414 1353 4466 id
1385 4421 1464 4466 est
1484 4454 1497 4474 ,
1531 4427 1594 4463 ne
1634 4401 1892 4463 incurram
1932 4423 2085 4465 teter-
2112 4403 2161 4460 D

545 4477 1088 4547 namconlusionetu;
1134 4497 1249 4531 nam
1299 4498 1399 4532 non
1445 4482 1611 4533 debeo
1651 4480 1935 4543 contundi,
1965 4498 2085 4547 quo-

541 4541 675 4593 niam
699 4543 924 4596 invocavi
950 4559 1010 4599 te.
1040 4546 1226 4600 Facilis
1246 4552 1448 4612 quidem
1477 4558 1529 4600 rt.
1555 4551 1680 4600 levis
1707 4541 2082 4602 videturcausa

539 4626 692 4685 quam
719 4616 835 4679 dat,
860 4626 1208 4670 verumtamen
1233 4621 1356 4670 satis
1384 4631 1462 4670 est
1486 4632 1690 4685 magna.
1714 4617 1942 4681 Namque
1966 4622 2082 4672 ntali

547 4682 708 4733 Deum
741 4695 953 4745 vocant,
983 4689 1070 4738 sed
1101 4704 1198 4739 non
1235 4688 1502 4749 invocant,
1532 4682 1650 4752 quia
1683 4702 1784 4737 non
1810 4689 2004 4750 gratis,
2035 4690 2082 4742 id

541 4758 652 4812 est,
680 4765 886 4828 propter
913 4757 1136 4828 seipsnm
1167 4768 1360 4809 tantum
1389 4766 1572 4810 Vocant
1598 4771 1743 4828 eum,
1769 4756 1856 4808 sed
1887 4765 1941 4808 ut
1965 4773 2083 4810 eum

548 4829 790 4882 nequitiae
813 4837 920 4873 sua:
946 4827 1236 4878 mmistrmu
1268 4830 1481 4883 lactant.
1511 4827 1741 4888 scilicet,
1773 4835 1828 4876 ut
1853 4843 1940 4891 per
1965 4841 2083 4880 eum

549 4902 769 4962 aurum,
801 4903 1104 4959 argentum,
1138 4899 1216 4947 vel
1249 4897 1345 4947 alia
1367 4937 1380 4957 ,
1410 4911 1520 4959 qua:
1562 4911 1652 4962 per
1693 4910 1749 4948 se
1792 4897 2085 4950 nullatenus

548 4956 741 5008 habere
771 4956 1009 5024 poterant
1030 5004 1042 5021 ,
1069 4956 1452 5028 arcqnirautJlli
1482 4956 1600 5016 vero
1627 4967 1721 5016 δυιί
1755 4977 1896 5016 recte.
1921 4968 2081 5017 Deum

546 5041 725 5102 vocans
746 5068 759 5091 ,
787 5030 870 5102 qui
897 5042 948 5082 et
975 5047 1090 5082 eum
1117 5045 1277 5098 gratis
1306 5044 1515 5098 vocant,
1542 5044 1594 5085 et
1625 5036 1854 5086 tutando
1875 5035 2082 5102 dignam

544 5111 590 5147 et
626 5097 978 5170 habitudinettt
1013 5103 1061 5152 in
1095 5097 1252 5154 corde
1279 5118 1372 5153 suo
1402 5112 1712 5170 pra-parant.

616 5164 918 5222 Erubescunt
958 5174 1118 5238 impii.
1165 5172 1271 5234 ligo
1309 5164 1440 5238 quod
1466 5164 1572 5243 non
1605 5172 1915 5235 coniundar,
1945 5174 2085 5243 impii

545 5248 716 5308 autem
748 5255 811 5291 ex
842 5253 1080 5308 Opposita
1110 5250 1393 5294 erubescunt
1416 5281 1428 5301 ,
1464 5241 1512 5291 id
1544 5251 1654 5303 est,
1686 5252 1933 5292 wtcroam
1963 5241 2086 5296 con-

549 5306 802 5360 fusionem
833 5306 1114 5363 incurrant.
1151 5311 1244 5374 Et,
1279 5324 1332 5364 ut
1377 5311 1580 5361 tandem
1627 5312 1965 5376 erubescant,
1995 5315 2082 5366 de-

548 5379 798 5449 ducuntur
829 5381 877 5430 in
911 5385 1152 5447 praesenti
1186 5387 1234 5433 in
1267 5384 1546 5449 infernum,
1575 5378 1624 5431 id
1651 5388 1766 5443 est,
1797 5382 1845 5431 in
1877 5383 2084 5447 profun-

551 5449 671 5516 dum
724 5448 996 5511 vitiorum,
1043 5452 1273 5511 scilit-et,
1324 5457 1506 5503 dentur
1559 5464 1694 5502 nunc
1745 5453 1793 5500 in
1845 5454 2083 5507 tenebras

552 5518 859 5590 interiores,
894 5530 946 5570 ut
972 5521 1180 5572 tandem
1206 5525 1390 5573 dentur
1421 5523 1470 5572 in
1503 5522 1741 5574 tenebras
1772 5524 2078 5576 exteriores.

548 5581 608 5632 Et
641 5585 737 5635 hoc
771 5602 876 5655 non
907 5598 988 5642 est
1014 5590 1390 5643 malevolentia
1423 5602 1630 5645 votum.
1664 5591 1753 5655 sed
1793 5593 2082 5643 enuntiatio

551 5664 718 5718 tantm
747 5654 947 5710 illotunt
978 5676 989 5722 ',
1023 5661 1104 5713 vel
1133 5660 1430 5726 simpliciter
1461 5660 1528 5712 ita
1560 5671 1726 5729 potest
1747 5654 1853 5715 dici
1881 5679 1890 5711 :
1928 5658 2111 5728 lntpii‘

2195 1791 2580 1842 ctuttemnenda
2603 1827 2619 1850 ,
2655 1803 2760 1840 non
2790 1789 2906 1852 quia
2937 1787 2988 1841 in
3020 1787 3134 1856 ejus
3163 1796 3431 1853 potestate
3465 1805 3572 1841 non
3601 1802 3735 1842 erant

2196 1858 2528 1922 possidenda.
2553 1857 2700 1924 Quod
2727 1858 2934 1924 quidem
2962 1857 3198 1910 iaciendo
3227 1857 3325 1922 ipsi
3350 1858 3568 1910 Christo
3589 1873 3732 1921 quem

2194 1927 2386 1979 imitari
2420 1927 2635 1990 uolunt,
2666 1925 3056 1979 contradicunt.
3090 1927 3152 1979 Et
3179 1927 3300 1991 quia
3337 1927 3452 1992 ipse
3481 1936 3644 1994 caput
3667 1941 3734 1981 est

2193 1996 2425 2047 omnium
2451 1995 2706 2062 justorum
2728 2036 2743 2059 ,
2771 1995 2823 2046 in
2854 1997 2966 2058 ipso
2993 1995 3118 2058 ipsis
3144 1997 3304 2049 etiam
3331 1997 3732 2061 contradicunt,

2194 2063 2244 2115 in
2275 2078 2378 2129 quo
2409 2075 2630 2130 utroque
2660 2063 2980 2129 iniquitatem
3012 2073 3189 2122 agunt.

2265 2133 2431 2195 Quam
2473 2149 2656 2202 magna
2700 2132 2983 2202 multitudo.
3035 2130 3350 2198 Loquuntur.
3399 2133 3644 2202 inquam,
3688 2138 3732 2188 ἰιι

2194 2202 2425 2265 superbia
2455 2213 2497 2253 et
2524 2199 2575 2253 in
2605 2201 2857 2254 abusione.
2881 2199 2983 2254 Sed
3009 2216 3110 2254 non
3139 2205 3418 2255 attendunt
3450 2199 3642 2271 quanta
3670 2205 3731 2258 sit

2193 2271 2455 2322 multitudo
2481 2271 2758 2323 dulcedinis
2787 2279 2903 2332 tute,
2930 2271 3156 2323 Domine.
3182 2272 3359 2325 POIOSI
3387 2289 3598 2340 quoque
3622 2289 3728 2327 cum

2193 2341 2536 2405 quorumdam
2567 2341 2843 2393 verborum
2875 2340 3268 2406 interpositione
3293 2341 3589 2394 secundum
3619 2343 3728 2395 bea-

2197 2417 2303 2459 tum
2337 2411 2685 2476 Augustinum
2720 2407 2891 2459 taliter
2919 2410 3209 2461 continuari
3234 2452 3249 2475 ,
3283 2421 3339 2460 ut
3383 2411 3527 2462 dicat
3567 2416 3728 2475 perie—

2193 2489 2308 2528 cms
2337 2482 2416 2528 vir
2446 2481 2529 2544 qui
2562 2480 2703 2542 prius
2734 2478 3176 2544 aggratulabatur,
3213 2487 3464 2544 tauqtiam
3497 2494 3524 2530 a
3575 2484 3726 2533 tribo-

2195 2545 2472 2597 lationibus
2506 2546 2782 2608 liberatus,
2816 2553 2869 2597 et
2911 2551 2998 2612 qui
3043 2545 3125 2617 hie
3167 2549 3410 2612 proxime
3450 2551 3725 2617 ingemuit,

2195 2628 2288 2677 pro
2335 2619 2600 2667 cowortio
2648 2629 2861 2666 suorum
2913 2617 2962 2666 in
3015 2613 3395 2677 tribulatiOne,
3453 2613 3724 2672 aliendeas

2196 2681 2323 2734 botta
2359 2683 2444 2736 Dei
2472 2700 2588 2751 quae
2615 2684 2751 2736 intus
2782 2685 2830 2736 in
2862 2684 3048 2747 spiritu
3080 2683 3204 2736 vidit
3230 2702 3244 2748 ;
3276 2700 3394 2751 quae
3427 2685 3562 2738 bona
3593 2702 3620 2738 a
3649 2705 3725 2740 so.

2194 2751 2256 2802 lts
2290 2752 2526 2806 ﬁdelibus
2558 2753 2606 2805 in
2639 2752 2842 2804 occulto
2874 2752 3132 2811 videntur.
3180 2768 3208 2805 a
3255 2757 3412 2806 malis
3456 2769 3583 2807 vero
3627 2772 3723 2808 non

2191 2833 2592 2888 cognoscuntur,
2626 2823 2744 2886 quia
2776 2821 2893 2873 mali
2925 2823 3032 2874 sola
3066 2823 3198 2873 bona
3232 2822 3390 2887 hujus
3430 2825 3612 2878 δευουιί
3643 2842 3728 2878 no-

2193 2891 2314 2943 runt
2352 2893 2559 2953 videre,
2609 2890 2766 2943 futuri
2810 2899 2982 2943 autem
3022 2892 3198 2942 stt-culi
3243 2892 3378 2942 bona
3427 2906 3524 2943 nec
3567 2896 3726 2946 sciunt

2193 2964 2455 3026 cogitare,
2506 2962 2640 3013 unde
2687 2962 2736 3012 in
2781 2959 3025 3024 supetbia
3069 2971 3119 3011 et
3167 2962 3214 3010 in
3263 2959 3526 3013 abusione
3554 2974 3728 3014 contra

2190 3027 2388 3095 justum
2425 3037 2742 3098 loquuntur;
2775 3029 3048 3098 attendens
3069 3067 3084 3090 ,
3117 3029 3326 3098 impiam
3347 3070 3362 3091 ,
3419 3029 3561 3082 bona
3608 3032 3726 3094 illa,

2190 3107 2242 3149 et
2272 3097 2646 3153 commendans
2672 3113 2729 3149 ea
2765 3097 3089 3159 hominibus,
3121 3111 3250 3163 quos
3279 3097 3363 3152 hic
3396 3099 3506 3150 vult
3536 3102 3720 3154 tolera-

2187 3173 2276 3230 re,
2309 3185 2410 3220 non
2442 3168 2715 3235 przesentia
2751 3180 2960 3226 amare,
2994 3164 3139 3232 quasi
3171 3168 3440 3220 admirans
3477 3170 3559 3221 illa
3594 3173 3722 3224 bona

2186 3237 2312 3289 dicit
2340 3238 2408 3288 ita
2441 3255 2451 3288 :
2489 3238 2723 3298 Domine,
2757 3251 2904 3302 quam
2933 3251 3116 3303 magna
3141 3246 3211 3288 est
3255 3237 3526 3290 multitudo
3557 3242 3720 3293 dulce-

2187 3307 2315 3357 dinis
2346 3308 2473 3358 tuae!
2506 3306 2838 3358 Dulcedinetn
2871 3318 3019 3356 vocat
3063 3308 3226 3372 ipsam
3277 3309 3623 3361 itnmurtalem
3669 3321 3720 3362 et

2187 3389 2362 3428 veram
2409 3375 2714 3441 sapientiam
2769 3375 2858 3426 Dei
2911 3373 3108 3444 Patris,
3156 3390 3311 3442 quam
3357 3391 3455 3444 per
3503 3378 3718 3430 Verbum

2186 3456 2338 3497 suum
2370 3446 2690 3497 incarnatunt
2724 3443 3042 3506 notiﬁchit,
3075 3453 3128 3496 et
3171 3460 3326 3510 quam
3361 3443 3428 3495 Vin
3481 3451 3718 3508 praemi

2190 3516 2374 3579 partim
2410 3517 2648 3566 lidelibus
2677 3513 2766 3566 dat
2789 3554 2802 3573 .
2837 3517 2888 3564 in
2920 3514 3089 3563 loturo
3120 3526 3244 3564 vero
3292 3512 3529 3579 perfecte
3557 3519 3714 3568 dabit.

2187 3583 2285 3633 Per
2313 3583 2411 3634 ltoc
2443 3595 2717 3653 utrumque
2750 3596 2872 3653 vero
2903 3580 3040 3647 quod
3086 3582 3256 3653 ponit,
3291 3583 3535 3648 scilicet,
3569 3601 3716 3653 quam

2185 3665 2370 3718 magna
2401 3662 2453 3703 et
2484 3651 2790 3712 multitudo,
2825 3651 2992 3701 innuit
3020 3650 3156 3712 quod
3198 3661 3341 3702 tanta
3373 3653 3441 3702 sit
3488 3650 3603 3718 qua}
3633 3672 3719 3708 nec

2187 3735 2403 3787 nutuero
2435 3735 2529 3773 nec
2560 3721 2715 3772 tundo
2748 3720 2912 3785 possit
2940 3719 3310 3780 Comprehendi
3332 3760 3346 3780 ,
3376 3720 3524 3785 juxta
3556 3725 3716 3787 illud;

2191 3786 2252 3838 Et
2281 3791 2539 3856 sapientia:
2567 3805 2675 3858 ejus
2705 3805 2802 3838 non
2831 3798 2902 3840 est
2935 3803 3188 3839 numerus.
3222 3791 3402 3856 Magna
3423 3831 3436 3853 ,
3484 3786 3718 3857 inquam,

2185 3868 2237 3908 et
2267 3859 2426 3908 multa
2458 3870 2537 3912 est
2565 3859 2788 3910 dulcedo
2821 3870 2905 3910 tua
2927 3897 2939 3916 ,
2977 3858 3228 3924 Domine,
3261 3875 3418 3924 quam
3442 3899 3459 3923 ,
3491 3862 3612 3912 licet
3643 3875 3720 3913 ce-

2186 3926 2340 3979 latum
2368 3931 2543 3990 malis,
2576 3941 2626 3980 tu
2653 3935 2823 3979 tamen
2856 3927 3189 3990 abscondisti,
3224 3931 3272 3976 id
3299 3940 3378 3979 est
3402 3969 3416 3989 ,
3451 3931 3719 3982 reservasd

2187 3998 2467 4062 timentibus
2494 4009 2637 4048 casto
2665 3997 2852 4048 timore
2879 4007 2952 4056 te,
2986 4012 3086 4048 non
3118 3997 3360 4058 homines
3384 4036 3398 4059 ,
3430 4008 3478 4050 et
3512 4001 3722 4050 tenden-

2188 4066 2325 4117 tibus
2350 4070 2412 4117 ad
2447 4077 2516 4118 te.
2551 4064 2690 4116 Talis
2719 4075 2833 4132 est,
2866 4065 3009 4130 quasi
3043 4066 3230 4132 aliquis
3274 4069 3344 4116 de
3391 4068 3718 4132 loquentibus

2187 4134 2507 4198 iniquitatem
2535 4133 2750 4185 diceret.
2780 4130 2876 4184 Ubi
2905 4145 2983 4184 est
3012 4134 3095 4184 illa
3122 4130 3348 4184 dulcedo
3377 4130 3531 4198 quam
3559 4137 3718 4189 dicit?

2186 4207 2385 4254 ostende
2413 4203 2532 4254 mihi
2559 4218 2686 4254 eain.
2718 4202 2777 4254 Et
2805 4204 2902 4254 iste
2929 4202 3127 4254 diceret
3153 4222 3164 4250 :
3195 4201 3306 4254 Non
3340 4217 3548 4268 possum
3579 4208 3718 4259 vobis

2185 4286 2299 4323 eam
2346 4275 2624 4325 ostendere
2644 4312 2658 4335 ,
2690 4272 2808 4338 quia
2843 4287 2943 4321 non
2974 4280 3053 4322 est
3083 4271 3233 4324 vobis
3263 4272 3443 4325 dicere
3471 4290 3480 4322 :
3512 4273 3716 4330 Gustata

2185 4357 2334 4404 quam
2361 4342 2519 4394 dulcis
2548 4353 2617 4393 est
2649 4339 2911 4401 Dominus,
2942 4355 3184 4406 quoniam
3212 4343 3467 4394 amisustis
3494 4347 3715 4410 palatum

2187 4413 2359 4464 cordis
2385 4417 2452 4465 de
2483 4412 2610 4464 tebri
2642 4412 2959 4477 iniquitatis,
2993 4413 3084 4461 sed
3116 4411 3240 4463 solis
3270 4415 3575 4465 timentibus
3619 4415 3717 4465 Do-

2186 4482 2382 4534 minum
2432 4490 2602 4547 potest
2643 4481 2877 4542 ostendi,
2924 4481 3166 4543 quoniam
3200 4485 3280 4532 bis
3309 4483 3442 4534 solis
3472 4481 3718 4536 Dominus

2184 4565 2297 4602 eam
2331 4549 2633 4602 reservavit.

2253 4617 2512 4684 Perlecitti
2538 4621 2607 4669 eis
2633 4618 2715 4684 qui
2741 4626 2937 4686 sperant
2963 4618 3014 4669 in
3040 4626 3106 4670 te.
3129 4616 3489 4672 Tendentibus
3512 4625 3713 4687 quidem

2184 4690 2246 4740 ad
2290 4697 2339 4741 te
2375 4699 2426 4739 et
2467 4690 2764 4739 timentibus
2801 4688 3118 4739 abscondisti
3156 4687 3493 4754 dulcedinem
3535 4702 3713 4754 tuam;

2185 4758 2431 4823 perfecitti
2473 4767 2665 4828 autc-ur
2690 4771 2847 4828 eam,
2891 4757 2940 4807 id
2986 4767 3101 4818 est,
3133 4753 3424 4821 perlecutu
3471 4753 3715 4828 quantum

2187 4829 2268 4879 hic
2299 4841 2416 4880 esse
2447 4836 2614 4893 putest
2644 4823 2810 4879 fecisti
2834 4827 2940 4893 jam
2971 4840 3119 4886 eam,
3152 4832 3206 4875 et
3234 4830 3450 4880 tandem
3482 4823 3714 4895 pertica

2182 4899 2253 4948 eis
2283 4901 2476 4964 integre
2502 4897 2586 4960 qui
2616 4898 2680 4947 ita
2708 4906 2904 4963 sperant
2934 4895 2985 4944 in
3015 4902 3062 4944 te
3082 4931 3097 4954 ,
3128 4904 3185 4945 ut
3213 4910 3314 4947 non
3347 4898 3568 4951 timeant
3592 4915 3716 4952 euu-

2185 4967 2314 5018 titeri
2361 4982 2504 5032 spem
2554 4982 2698 5018 suam
2743 4970 2793 5016 in
2839 4971 3104 5027 conspectu
3152 4965 3378 5027 ﬁliorum
3420 4968 3719 5032 hominum,

2187 5035 2236 5087 id
2266 5046 2377 5097 est,
2411 5046 2464 5086 ut
2493 5045 2612 5087 ante
2644 5034 2905 5099 principes
2948 5042 3000 5084 et
3044 5037 3302 5096 quoslibet
3349 5047 3714 5100 persecutum

2183 5106 2268 5173 qui
2309 5119 2411 5157 non
2453 5106 2541 5158 lilii
2583 5118 2699 5155 rot
2747 5103 2997 5163 hominis,
3029 5104 3120 5153 sed
3151 5102 3244 5169 ﬁlii
3273 5103 3539 5156 bontinum
3566 5117 3714 5171 sunt,

2183 5177 2231 5228 id
2265 5185 2375 5238 est,
2406 5177 2490 5241 qui
2522 5190 2570 5223 tn
2605 5178 2858 5223 vetustate
2891 5181 3224 5237 permanent,
3259 5175 3431 5224 ίιιιιιιιιτ
3465 5190 3568 5227 non
3596 5193 3716 5228 eru-

2182 5245 2393 5297 bescant
2423 5244 2651 5310 proliteri
2682 5241 2833 5292 tidem
2865 5251 3022 5293 utaut.
3061 5241 3191 5293 litoc
3221 5242 3349 5294 diett
3376 5242 3629 5298 Dominus
3660 5247 3713 5299 ιιι

2184 5315 2460 5378 Evangelio
2490 5328 2501 5362 :
2550 5311 2647 5375 Qui
2675 5312 2918 5362 erubuerit
2949 5327 3025 5361 nte
3052 5326 3220 5361 caram
3247 5311 3564 5379 homtnibua,
3596 5331 3714 5367 ιη-

2181 5384 2368 5433 bescam
2406 5389 2451 5430 et
2499 5395 2587 5447 ego
2612 5396 2722 5432 eum
2750 5397 2916 5432 coram
2948 5379 3098 5431 Patre
3128 5394 3274 5439 meo;
3305 5382 3392 5446 q-tt'
3423 5394 3590 5436 ιιιιιτιιι
3615 5403 3712 5437 non

2181 5452 2425 5520 erubuerit
2454 5465 2559 5510 me,
2607 5467 2694 5503 nec
2734 5466 2822 5520 ego
2847 5449 3127 5502 erubescam
3156 5463 3286 5498 eum.
3323 5449 3438 5502 Noli
3472 5455 3627 5516 igitur
3657 5464 3711 5507 tu

2180 5518 2393 5584 quilibet
2423 5522 2732 5585 erubescere
2761 5518 2906 5586 Spent
2942 5533 3112 5578 tuam,
3144 5520 3235 5568 sed
3267 5525 3708 5585 quemadmodu-

2181 5591 2304 5641 vivit
2337 5589 2386 5641 in
2418 5590 2572 5642 corde
2604 5599 2719 5654 tuo,
2751 5591 2818 5642 ita
2861 5589 3058 5640 habitet
3089 5587 3142 5636 in
3170 5602 3261 5639 ore
3293 5600 3400 5642 tuo.

2182 5724 2196 5728 _
2247 5658 2529 5713 Abscondcs
2570 5676 2649 5714 eos
2690 5664 2738 5711 in
2776 5658 3060 5710 abscondtto
3091 5657 3241 5724 {aciei
3270 5667 3385 5712 tute.
3427 5662 3558 5717 Vere
3590 5679 3708 5732 per-
