3912 6230
247 299 328 356 37

896 300 958 355 IN
999 299 1410 358 PSALMORUM
1453 302 1704 358 LlBRUM
1749 303 2091 360 EXECESIS.
2123 336 2201 368 _--
2239 308 2479 364 PS.\l..\l.
2523 307 2686 365 XXX.

3296 311 3400 366 638

205 416 404 491 fecisti
428 413 753 491 dulcedinem
782 422 919 491 tuam
950 415 1219 491 manifeste
1247 417 1576 491 sperantibus
1610 418 1659 470 in
1694 426 1763 482 te,
1798 426 1843 482 Α
1873 427 1928 491 ut
1960 419 2148 491 _oleutn
2203 435 2527 491 pcr‘omnes
2565 433 2747 487 gentes
2795 419 2992 476 effudit.
3026 424 3174 491 Quod
3223 429 3397 481 taliter

205 486 351 550 quia
386 486 591 536 tandem
619 483 888 536 abscondes
913 490 995 535 eos
1018 527 1031 546 ,
1065 485 1112 534 id
1159 495 1269 547 εει,
1301 485 1500 537 munies
1549 500 1640 538 eos
1684 503 1768 540 se-

212 563 444 618 paratos
472 568 499 604 a
528 552 930 604 conturbatione
959 552 1225 604 hominum
1248 594 1260 613 ,
1293 568 1319 604 a
1352 555 1542 621 quibus
1583 570 1770 608 neces-

205 624 373 674 sario
413 624 534 674 dum
576 622 747 676 adhuc
790 623 840 674 itt
883 627 1002 674 area
1047 636 1203 688 grana
1249 637 1366 675 cum
1414 623 1573 687 paleis
1612 633 1765 691 sunt,

212 706 310 759 pet
326 692 624 744 turbantur.
768 758 772 759 ν
937 758 942 759 ί
1193 741 1197 754 λ

299 760 369 838 Et
392 773 638 840 ponesros
657 760 707 839 in
728 758 1018 840 abscondito
1043 759 1327 838 faeiei'tuw.
1354 757 1482 840 Nota
1504 761 1640 828 quod
1663 778 1767 840 non

213 828 492 895 promittit
536 828 783 881 Dominus
831 830 998 880 locum
1043 830 1150 881 suis
1195 828 1245 880 in
1291 829 1563 896 paradiso,
1595 840 1681 883 aut
1716 833 1766 885 in

209 901 346 951 sinit
398 900 643 959 Abrahae,
694 906 784 949 aut
826 896 876 950 in
920 898 1080 958 caelo,
1130 896 1220 950 sed
1255 899 1302 950 in
1333 897 1525 962 seipso.
1561 898 1769 954 llabitet

211 968 373 1020 enim
405 969 485 1021 hic
515 968 650 1019 Detis
677 967 726 1018 in
758 977 840 1026 te,
867 974 918 1018 et
947 966 1152 1019 tandem
1188 966 1342 1018 faciet
1373 978 1423 1020 te
1450 967 1684 1021 habitare
1715 972 1764 1021 iti

210 1051 302 1090 se.
342 1037 534 1101 Recipe
563 1050 681 1089 eum
715 1036 796 1088 hic
826 1038 875 1086 in
904 1035 1062 1088 corde
1094 1043 1183 1088 tuo
1204 1074 1217 1094 ,
1247 1045 1298 1085 et
1331 1034 1443 1098 ipse
1474 1036 1690 1104 recipiet
1719 1048 1766 1090 te

216 1107 278 1156 in
316 1107 459 1156 vultu
488 1119 606 1156 suo.
636 1106 763 1169 Quia
793 1106 878 1168 qui
911 1119 1048 1158 nunc
1088 1106 1290 1157 occulte
1334 1113 1504 1156 tuetur
1548 1120 1670 1156 suns
1714 1109 1763 1160 in

216 1173 386 1239 liujus
416 1173 532 1225 vita}
564 1176 675 1225 loco
696 1213 710 1235 ,
753 1175 960 1225 tandem
1006 1174 1230 1225 tuebitur
1259 1187 1350 1225 eos
1380 1176 1427 1224 iti
1460 1186 1516 1225 se
1548 1179 1660 1241 ipso
1690 1176 1765 1228 lo-

211 1257 307 1296 co.
344 1262 364 1294 ι
394 1244 506 1309 Quo
536 1246 687 1295 modo
715 1254 885 1294 autem
917 1243 1059 1294 locus
1087 1242 1155 1294 sit
1186 1242 1234 1293 in
1270 1242 1397 1306 0.20,
1430 1241 1554 1293 dicit
1585 1244 1765 1297 beatus

211 1316 580 1379 Augustinus,
610 1311 745 1378 quod
778 1315 932 1363 etiam
975 1314 1016 1361 si
1059 1312 1155 1363 sibi
1202 1322 1340 1363 esset
1385 1326 1480 1362 vox
1523 1311 1762 1375 dicendi,

213 1383 354 1432 nnlti
402 1391 542 1434 esset
583 1380 725 1433 auris
769 1379 1048 1432 audiendi?
1078 1397 1095 1429 ι
1132 1380 1306 1431 Potest
1337 1389 1507 1431 tamen
1541 1386 1762 1447 quadam

213 1452 567 1503 similitudine
595 1454 823 1515 congrue
851 1449 946 1501 hoc
974 1448 1163 1515 accipi,
1200 1459 1252 1499 ut
1285 1465 1373 1513 per
1402 1449 1760 1503 absconditum

214 1519 381 1572 faciei
411 1520 694 1572 clatitatem
727 1518 896 1572 vultus
923 1518 1036 1584 ejus
1063 1519 1401 1583 accipiamus.
1433 1517 1482 1570 in
1516 1532 1613 1585 qua
1649 1530 1763 1570 tau—

213 1589 345 1640 dem
389 1589 635 1642 Dominus
669 1589 832 1639 benos
871 1596 1113 1653 tanquam
1147 1588 1194 1638 in
1227 1601 1349 1639 arce
1377 1587 1573 1638 munita
1603 1590 1763 1640 collo-

211 1659 397 1719 cabit,
429 1673 546 1724 qua:
572 1666 653 1710 est
677 1656 978 1708 abscomlita
1009 1671 1036 1705 a
1067 1657 1246 1717 malis,
1267 1657 1414 1723 juxta
1439 1655 1564 1708 illud
1591 1673 1603 1708 :
1640 1657 1760 1711 Tol-

211 1725 362 1778 fatur
391 1728 593 1794 impius,
623 1742 681 1778 ne
707 1725 870 1777 videat
898 1726 1108 1792 gloriam
1137 1725 1250 1777 Dei.

294 1792 531 1861 Proteges
551 1812 651 1847 eos.
682 1795 908 1847 Tandem
933 1795 1138 1861 quidem
1169 1792 1456 1847 abscondas
1486 1805 1757 1859 sperantes

215 1862 276 1916 in
310 1876 384 1928 te,
412 1878 548 1917 nunc
575 1875 744 1916 autem
777 1863 981 1915 interim
1004 1873 1226 1931 proteges
1250 1879 1332 1915 eos
1363 1869 1410 1914 in
1436 1864 1758 1916 tabernaculo

216 1945 308 1985 tuo
340 1936 554 2000 positos,
588 1934 638 1986 id
683 1942 789 1994 est,
826 1934 874 1984 in
907 1936 1144 1997 przesenti
1176 1933 1430 1994 Ecclesia,
1459 1949 1572 1999 que
1615 1936 1756 1987 locus

213 2013 305 2054 est
329 2003 526 2056 militiae
547 2011 599 2056 et
623 2001 1071 2069 peregrinationis.

293 2075 335 2124 Α
358 2074 690 2124 contractione
721 2074 1027 2141 linguarum.
1061 2071 1153 2123 llic
1180 2070 1319 2122 enim
1345 2069 1554 2123 assidue
1585 2069 1753 2124 liaare-

220 2142 344 2192 lica:
377 2149 429 2193 et
455 2141 802 2194 schism'aticaa
849 2142 1033 2208 linguae
1079 2141 1339 2202 lacerant,
1376 2143 1756 2205 blaspbemant.

216 2211 391 2264 Nobis
424 2226 593 2263 antem
626 2211 745 2277 quid
775 2219 854 2261 est
893 2210 1222 2261 faciendum?
1253 2209 1483 2274 liecipiat
1514 2225 1570 2262 se
1610 2213 1754 2277 quis-

215 2297 326 2343 que
355 2283 402 2332 in
428 2292 657 2333 sauciam
689 2278 999 2340 Ecclesiam,
1023 2288 1074 2330 et
1099 2285 1272 2329 teneat.
1297 2281 1527 2339 regulam
1556 2281 1758 2331 verita-

219 2352 292 2402 tis
333 2360 387 2402 et
437 2354 665 2403 unitatis.
732 2351 793 2400 rit
841 2349 915 2400 sic
964 2364 1007 2399 ιι.
1038 2347 1428 2404 contradictione
1473 2348 1756 2414 linguarum

219 2420 461 2471 manebit
501 2433 732 2472 secorus.
765 2418 942 2471 Potest
981 2421 1135 2469 etiam
1169 2417 1455 2467 Abscondes
1482 2432 1583 2480 eos,
1617 2422 1754 2483 quod

219 2489 291 2541 de
324 2491 497 2541 futuro
544 2489 785 2558 legimus,
817 2488 882 2558 de
929 2485 1168 2552 praesenti
1219 2486 1317 2538 dlCl
1341 2487 1438 2558 sic
1467 2500 1482 2536 :
1512 2485 1756 2541 [’erlicics

221 2559 471 2620 tandem,
507 2555 742 2618 Domine,
775 2557 1099 2610 dulcedinem
1149 2564 1288 2608 tuam
1340 2555 1419 2606 his
1459 2560 1544 2622 qni
1586 2559 1754 2608 matti-

219 2627 362 2680 feste
395 2628 444 2678 in
475 2640 523 2679 te
562 2629 965 2693 sperant.Nunc
1008 2637 1178 2679 autem
1230 2627 1436 2676 interim
1483 2627 1756 2681 abscondas

215 2712 326 2759 eus,
362 2697 411 2749 id
444 2705 550 2760 est,
581 2696 778 2747 munies
809 2710 898 2747 eos
927 2712 956 2746 a
984 2695 1361 2745 conturbatione
1387 2695 1662 2747 ltominum.
1692 2695 1753 2750 In

217 2767 514 2819 abscondito
538 2766 682 2835 [aciei
713 2777 826 2835 tute,
851 2765 899 2817 id
927 2773 1025 2828 est,
1054 2765 1102 2815 in
1130 2773 1330 2815 secreto
1353 2766 1528 2835 cordis
1548 2781 1752 2829 eorum,

215 2837 285 2886 ad
313 2835 567 2902 justitiam
603 2834 886 2895 credentis,
935 2837 1018 2885 ubi
1053 2835 1234 2887 laciem
1267 2841 1405 2884 tuatn
1446 2834 1750 2887 absconsum

222 2907 586 2970 Conspiciuut,
616 2916 668 2958 et
689 2908 763 2958 sic
794 2914 1016 2972 proteges
1046 2920 1125 2955 eos
1147 2904 1197 2954 in
1227 2903 1544 2954 tabernaculo
1573 2913 1674 2967 tuo,
1703 2915 1756 2959 et

217 2975 443 3041 reliqua.
479 2978 662 3029 Solent
699 2979 838 3028 enim
868 2976 1029 3027 sancti
1060 2973 1152 3026 viri
1179 2983 1231 3024 et
1261 2974 1491 3039 pertecti,
1530 2987 1646 3024 cum
1678 2976 1752 3028 eis

216 3045 507 3097 illSlllialUf
548 3060 574 3096 a
615 3046 790 3112 malis,
840 3054 892 3096 et
942 3045 1099 3095 tntilla
1152 3043 1426 3106 Opprobria
1455 3044 1747 3112 Διιιςιιιιιιιι,

217 3116 460 3180 recipere
491 3129 545 3167 se
576 3116 625 3166 in
653 3108 825 3168 cordis
852 3124 1133 3172 secretum,
1167 3113 1251 3163 tibi
1281 3108 1556 3180 dulcedine
1581 3113 1750 3164 vultus

222 3179 437 3234 Domini
483 3183 831 3245 olilcctantnr,
864 3194 915 3236 et
946 3184 1090 3247 quasi
1122 3197 1235 3234 cum
1277 3181 1388 3248 ipso
1421 3179 1638 3232 Domino
1683 3184 1756 3231 l'a-

217 3252 497 3304 ttitliariter
528 3254 894 3321 Ιυιιειιιιιιυι,ει
915 3253 979 3307 ab
1001 3256 1111 3321 ipso
1138 3263 1316 3306 contra
1341 3263 1548 3302 onmem
1583 3251 1755 3304 turba.

219 3322 416 3374 tionem
449 3324 839 3374 conﬁrmantur.

291 3389 592 3444 Benedictus
624 3390 884 3443 Dominus.
918 3392 1192 3457 Postquam
1233 3390 1486 3454 perlectus
1510 3388 1585 3440 vir
1615 3396 1753 3442 tanta

219 3459 475 3514 beneﬁcia
510 3462 712 3514 Domini
758 3462 1137 3521 consideravit,
1170 3460 1386 3519 scilicet,
1420 3459 1553 3522 quod
1588 3459 1751 3522 ipsum

219 3535 275 3582 in
311 3545 367 3582 se
391 3544 685 3595 Sperantem
717 3546 813 3584 noti
842 3533 1103 3596 permittet
1123 3531 1170 3582 in
1198 3543 1444 3581 :eaernum
1473 3529 1749 3589 confundi;

216 3610 275 3651 et
308 3600 442 3666 quod
473 3600 538 3653 de
565 3602 744 3668 laqueo
783 3603 968 3654 educet
993 3616 1107 3653 eum
1127 3644 1139 3664 ,
1187 3607 1238 3650 et
1283 3596 1500 3650 salvabit
1530 3598 1750 3668 atiintatn

220 3668 339 3736 ejus
371 3668 438 3720 de
476 3666 892 3731 necessitatibus,
924 3671 1145 3722 maxime
1171 3677 1379 3735 propter
1417 3667 1485 3728 id,
1510 3666 1643 3732 quod
1671 3666 1753 3719 hic

220 3737 465 3806 proxime
489 3737 638 3800 dixit,
658 3740 898 3806 scilicet,
925 3740 1060 3806 quod
1091 3739 1476 3790 nmltitudinetn
1508 3736 1752 3806 dtitcedi-

225 3804 331 3870 nis,
363 3821 515 3872 quam
544 3805 694 3859 malis
718 3804 1010 3864 abscondit,
1038 3809 1338 3859 timentibus
1363 3821 1419 3857 se
1449 3805 1748 3866 reServavit,

221 3888 276 3930 et
305 3877 538 3946 perﬁciet
564 3877 770 3930 tandem
794 3893 906 3929 eam
939 3877 1211 3946 manifeste
1236 3876 1573 3946 sperantibus
1595 3891 1644 3926 tn
1672 3891 1746 3937 se,

222 3943 356 4014 quos
387 3962 524 3999 nunc
568 3949 751 3998 iterum
792 3947 841 3998 itt
885 3945 1217 4014 tabernaculo
1255 3958 1350 4014 suo
1377 3943 1627 4014 protegit;
1660 3959 1751 4009 pro

225 4011 327 4079 liis,
377 4016 606 4084 inquam,
634 4016 875 4067 omnibus
896 4014 1053 4067 dicit:
1080 4013 1373 4084 Benedictus
1390 4020 1457 4064 ιιι
1479 4011 1747 4084 Dominus,

223 4087 275 4138 id
308 4096 405 4147 est,
433 4079 695 4138 exaltatus
733 4094 788 4137 et
824 4096 1002 4137 auctus
1049 4084 1098 4137 in
1129 4083 1373 4137 membris
1413 4081 1518 4134 suis
1548 4083 1615 4134 sit
1639 4079 1751 4134 Do-

222 4173 422 4209 nnntts.
457 4156 517 4208 Et
546 4158 663 4222 quia
707 4158 943 4220 superius
967 4154 1153 4208 diﬁ'use
1194 4155 1328 4206 dicta
1360 4152 1583 4214 fuerant,
1628 4152 1749 4204 bre-

227 4227 362 4278 viter
393 4241 451 4278 ea
484 4225 739 4292 recolligit
769 4226 948 4278 dicens
976 4243 991 4279 :
1030 4226 1275 4290 ρηομὶαηι
1307 4224 1602 4287 ntiriﬁcavit,
1646 4233 1746 4274 etc.

223 4293 386 4359 Quasi
427 4294 600 4346 dicat:
633 4291 812 4348 blerito
853 4295 971 4348 dico
1018 4295 1317 4349 benedictus
1363 4294 1429 4344 sit
1480 4291 1747 4354 Dominus,

220 4365 457 4431 quoniam
495 4362 606 4428 ipse
654 4367 787 4417 banc
829 4379 971 4415 suam
1017 4365 1402 4416 misericordiam
1449 4362 1745 4431 przedictutn

223 4432 506 4498 miriﬁcaoit
529 4471 544 4493 ,
585 4432 634 4484 id
663 4442 760 4496 est,
809 4434 1082 4485 miriﬁcam
1113 4443 1162 4486 et
1199 4432 1591 4486 desiderabilem
1626 4430 1746 4483 fecit

224 4503 352 4554 mihi
385 4500 611 4567 perfecto
639 4505 771 4568 viro,
811 4514 864 4556 et
897 4503 947 4553 iu
979 4516 1061 4556 tne
1081 4514 1132 4556 et
1158 4504 1207 4554 in
1236 4504 1368 4554 meis
1395 4500 1742 4563 consortibus,

223 4587 447 4638 quorum
481 4572 592 4624 vice
635 4573 836 4639 loquor.
886 4570 1152 4625 Perfectus
1197 4572 1335 4625 enim
1384 4571 1467 4624 hic
1495 4574 1568 4622 vit'
1598 4571 1745 4638 quasi

225 4657 320 4705 pro
343 4649 451 4692 toto
471 4654 690 4706 corpore
716 4641 958 4694 Ecclesia:
981 4644 1248 4706 accipitur.
1280 4646 1342 4694 ιιι
1365 4657 1465 4693 non
1493 4644 1541 4693 in
1569 4640 1746 4707 paucis

222 4710 353 4761 mihi
391 4724 505 4761 eum
536 4711 846 4777 miriﬁcauit,
877 4711 967 4763 sed
1007 4712 1057 4762 in
1096 4713 1290 4764 civitate
1329 4713 1537 4772 munita,
1565 4715 1613 4763 id
1643 4723 1739 4774 est,

224 4781 275 4830 in
312 4780 642 4833 multitudine
687 4781 949 4843 Ecclesite,
992 4795 1106 4845 qua:
1147 4783 1342 4832 inunita
1375 4794 1486 4842 est;
1521 4782 1596 4833 vel
1626 4781 1743 4846 quia

225 4849 585 4917 pogpulosagest
614 4851 746 4902 sicut
778 4850 1012 4902 civitates
1043 4853 1309 4917 populosa:
1349 4862 1464 4900 sunt
1499 4851 1741 4913 munitas;

224 4915 303 4971 vel
332 4917 451 4983 quia
480 4913 600 4976 ﬁde,
624 4933 735 4984 spe,
763 4913 1298 4985 cbaritateftanquam
1317 4919 1743 4987 propugnaculis,

224 4987 529 5055 protegitur.
577 4987 737 5040 liabet
781 4990 879 5042 alia
937 4991 1204 5041 translatio
1249 5003 1260 5038 :
1304 4985 1366 5037 In
1408 4985 1600 5039 civitate
1644 4991 1744 5039 cir-

220 5057 553 5110 cumstantiis.
581 5056 727 5123 Quod
775 5059 954 5111 beatus
993 5058 1307 5125 Augustinus
1356 5057 1683 5125 sicgexpottit
1730 5074 1739 5107 :

221 5127 358 5181 Dicit
383 5130 518 5194 quod
543 5129 725 5182 civitas
746 5123 1144 5180 circumstantiae
1166 5127 1286 5178 olim
1311 5126 1405 5194 [uit
1430 5123 1740 5188 Jerusalem,

221 5211 380 5262 quam
403 5193 592 5264 gentes
626 5198 850 5263 undique
884 5199 1308 5258 circumstabant,
1341 5193 1564 5264 obierat
1589 5205 1639 5244 et
1662 5208 1743 5244 Sa-

221 5263 518 5318 cerdotium
542 5276 594 5318 et
615 5269 882 5330 tctnplttm,
908 5274 963 5317 et
983 5267 1067 5318 tibi
1095 5265 1348 5318 sacriﬁcia
1372 5263 1741 5323 olferebantur,

220 5348 274 5388 et
325 5342 610 5398 prophetia:
665 5336 1094 5396 declarabantur;
1152 5335 1238 5388 tibi
1286 5338 1441 5387 etiam
1500 5330 1743 5382 Dominus

225 5403 550 5470 pradicavit,
575 5405 768 5462 docuzt,
795 5403 1039 5453 miracula
1070 5404 1210 5468 fecit,
1246 5417 1425 5471 passus
1447 5408 1544 5471 est,
1572 5413 1744 5450 resur-

223 5469 377 5533 rexit,
426 5473 679 5540 ascendit.
724 5471 826 5526 Sed
869 5471 1125 5537 quoddam
1179 5469 1330 5540 longe
1376 5469 1746 5540 dignius_post

222 5545 338 5594 bare
365 5541 541 5607 omnia
567 5539 710 5604 fecit,
737 5535 956 5604 scilicet,
987 5540 1120 5607 quod
1154 5535 1558 5594 misericordiam
1590 5535 1741 5587 Chri-

218 5609 286 5664 Sil
317 5611 396 5662 sui
428 5605 580 5678 inira
632 5610 772 5663 illum
823 5605 1065 5678 populum
1107 5618 1344 5676 tanquam
1395 5611 1443 5662 iu
1488 5620 1610 5660 vase
1641 5618 1741 5678 non

224 5677 465 5750 permisit
494 5679 684 5748 claudi,
718 5675 836 5749 sed,
864 5675 1001 5734 velut
1031 5675 1373 5743 fzacto’v'ase,
1407 5691 1593 5734 nomen
1633 5675 1746 5741 ejus

1873 487 2016 559 fecit,
2062 487 2486 559 qtiia’Spiritum
2517 499 2750 559 sanctum
2791 491 2855 543 de
2896 487 3067 546 cmlis'
3093 495 3248 559 misit,
3291 512 3398 557 atto

1869 557 2028 608 corda
2059 558 2411 621 apostolorum
2444 557 2590 626 quasi
2619 559 2852 623 quoniam
2899 564 3088 615 robora
3136 557 3397 625 accendit,

1875 637 1926 706 _et
1961 641 2052 692 pi-r
2082 626 2199 706 illos
2225 629 2456 706 gentium
2486 628 2689 706 silltam.
2712 629 2938 706 undique
2969 630 3212 706 incendit.
3249 633 3397 689 Unde
3484 627 3488 630 ’

1872 695 1955 747 hic
1981 704 2122 747 recte
2143 695 2350 755 dicitur,
2383 696 2518 764 quod
2545 695 2794 749 Dominus
2823 699 3214 753 misericordiam
3254 720 3400 756 suam

1870 764 1918 814 in
1945 765 2135 815 civitate
2156 765 2363 822 munita,
2399 765 2447 816 id
2475 772 2556 818 est
2587 766 2858 830 populosa,
2888 769 3188 822 miri/ienuit.

1942 831 2047 898 Ego
2083 843 2247 884 autent
2290 833 2397 884 dixi
2438 836 2489 884 in
2530 849 2751 890 excessu.
2787 835 2908 886 Dico
2942 853 2955 890 :
2986 836 3282 892 Βριιιεάὶσιιη
3332 843 3404 894 sit

1871 900 2108 954 Dominus
2129 942 2142 963 ,
2171 903 2411 968 quoniam
2438 903 2715 969 ntiriﬁcavit
2746 904 3136 958 misericordiam
3175 925 3314 959 suam
3345 911 3397 962 in

1866 972 2059 1022 civitate
2102 971 2331 1030 munita;
2359 981 2411 1021 et
2455 980 2627 1023 tamen
2672 987 2768 1039 ego
2813 973 2990 1027 inultae
3035 976 3397 1031 tnirilicatione

1869 1054 1898 1101 p
1935 1039 2065 1092 situs
2114 1040 2163 1091 in
2193 1053 2436 1102 excessu,
2488 1040 2536 1092 id
2566 1052 2639 1091 est
2667 1082 2682 1105 ,
2731 1042 2780 1091 in
2809 1044 2997 1095 ecstasi
3028 1049 3216 1096 tuentis
3247 1060 3397 1106 mea.

1868 1121 1959 1173 pro
1991 1123 2179 1172 pavore
2207 1109 2406 1159 scilicet
2434 1110 2843 1172 tribulationum,
2879 1125 3025 1176 quas,
3058 1125 3110 1165 ut
3154 1115 3263 1166 lnec
3294 1114 3392 1166 mi-

1868 1178 2083 1229 ritieatio
2115 1193 2206 1244 per
2238 1191 2318 1228 me
2350 1177 2512 1241 tieret,
2547 1178 2645 1228 vidi
2676 1177 2949 1230 smvituras
2972 1180 3019 1232 in
3054 1197 3158 1240 ιιιε.
3184 1194 3235 1235 ει
3264 1197 3390 1236 con-

1864 1259 2032 1314 sortes
2056 1261 2218 1312 meus,
2273 1261 2373 1297 non
2421 1247 2586 1299 solum
2618 1262 2645 1297 a
2679 1251 3094 1308 persecutoribus
3135 1261 3388 1312 exterius.

1864 1318 1953 1365 sed
1986 1325 2141 1369 et'am
2183 1316 2397 1368 interius
2442 1331 2467 1366 a
2503 1315 2647 1366 falsis
2693 1317 2954 1376 fratribus,
2984 1327 3035 1370 et
3062 1319 3176 1371 ideo
3201 1329 3391 1374 timens

1865 1382 2132 1448 impedire,
2167 1386 2269 1436 dixi
2296 1401 2306 1434 :
2338 1385 2570 1447 Domine,
2602 1386 2848 1454 projec.us
2876 1401 2986 1436 sum
3011 1404 3041 1438 a
3067 1388 3194 1454 {acie
3218 1389 3392 1441 oculo-

1862 1469 1971 1502 rum
1999 1464 2220 1508 tuorum.
2255 1457 2409 1516 Quasi
2442 1455 2579 1506 dicat
2614 1472 2623 1504 :
2659 1455 2781 1504 .llala
2826 1469 2943 1520 qua:
2983 1458 3030 1507 in
3062 1473 3144 1508 tne
3174 1463 3394 1512 saeviunt

1863 1524 2143 1574 ostendunt
2171 1538 2252 1574 me
2282 1523 2519 1576 amisisse
2548 1523 2920 1576 misericordia:
2953 1535 3051 1576 ttne
3081 1529 3390 1578 contuitum.

1865 1589 1988 1641 Nam
2017 1591 2058 1642 si
2092 1606 2174 1643 me
2220 1593 2535 1656 respiceres,
2584 1608 2682 1642 non
2733 1606 2815 1644 me
2847 1601 2984 1645 tanta
3030 1595 3133 1659 pati
3163 1597 3387 1648 sineres.

1866 1658 1990 1710 I).cit
2024 1660 2201 1712 beatus
2247 1661 2564 1723 Augustinus
2607 1661 2741 1726 quod
2774 1677 2834 1713 ex
2884 1663 2981 1715 hoc
3011 1662 3125 1715 loco
3154 1667 3385 1716 occasio-

1792 1746 1834 1804 B
1864 1743 1978 1804 nem
2005 1729 2181 1781 habuit
2204 1730 2384 1804 psalmi
2414 1729 2614 1791 titulus,
2638 1732 2754 1796 quia
2781 1732 2984 1804 ponitur
3012 1732 3093 1783 bic
3119 1746 3384 1804 excessus,

1862 1798 1923 1848 Et
1955 1806 2119 1864 potest
2151 1800 2348 1866 reliqua
2391 1813 2596 1866 quoque
2640 1813 2757 1865 pars
2793 1801 3013 1852 exstasis
3033 1838 3047 1862 ,
3075 1800 3292 1862 scilicet,
3322 1801 3387 1854 ad

1862 1881 2087 1930 superna
2115 1869 2369 1932 intentio,
2402 1869 2486 1920 hic
2527 1869 2726 1930 notari,
2757 1870 2798 1921 si
2829 1871 2905 1922 sic
2933 1870 3130 1922 dicatur
3164 1887 3176 1921 :
3205 1867 3313 1936 Ego
3335 1870 3388 1922 in

1858 1951 2066 1988 excessu
2090 1938 2264 1989 mentis
2293 1952 2414 1990 mea:
2438 1937 2654 2003 positus,
2685 1938 2732 1988 id
2763 1946 2863 2001 est,
2897 1938 3156 1991 excedens
3186 1953 3268 1992 tne
3298 1939 3392 1992 ho-

1858 2008 2086 2068 minem,
2117 2017 2171 2058 ut
2201 2006 2568 2059 snblimitatetn
2619 2007 2991 2059 misericordia:
3021 2018 3119 2060 tuze
3149 2007 3382 2061 attende-

1859 2088 1986 2132 rem,
2013 2076 2118 2126 dixi
2150 2076 2419 2138 :Dotnine,
2465 2078 2711 2145 projectus
2740 2092 2846 2127 sum
2877 2092 2906 2126 a
2939 2076 3089 2142 facie,
3129 2088 3254 2143 etc.,
3286 2090 3388 2132 non

1856 2157 1970 2196 Stttit
2001 2145 2185 2211 dignus
2217 2155 2354 2196 tanta
2387 2154 2469 2197 tua
2503 2144 2854 2198 ttiisericordia
2888 2154 2942 2195 ut
2971 2146 3130 2209 prius.

1930 2212 2048 2265 Ideo
2071 2213 2342 2266 exaudis-ti.
2391 2215 2499 2282 Ego
2528 2213 2661 2281 quod
2694 2229 2812 2282 noq
2827 2229 2908 2265 me
2947 2215 3129 2274 extuli,
3170 2214 3259 2265 sed
3289 2213 3386 2265 hn-

1858 2284 2068 2344 miliovi,
2123 2293 2173 2335 et
2225 2280 2465 2336 accusavi
2514 2280 2735 2352 dicens:
2771 2280 2880 2352 Ego
2910 2284 3172 2352 ‘projectrus
3219 2299 3325 2334 sunt
3357 2301 3388 2334 a

1856 2353 1982 2418 [acie
2023 2354 2283 2404 oculorum
2324 2362 2540 2406 tuorum.
2587 2354 2648 2405 Et
2696 2350 2745 2405 iti
2779 2350 2930 2412 tantis
2962 2351 3380 2404 tribulationibus

1855 2424 2079 2474 clamare
2120 2423 2183 2474 ad
2217 2435 2265 2475 te
2317 2438 2408 2487 pro
2447 2423 2544 2475 hac
2591 2423 2921 2476 tribulatione
2951 2438 3052 2473 non
3084 2420 3295 2481 dedisti,
3328 2433 3381 2474 et

1855 2489 1969 2541 ideo
2021 2501 2073 2543 tu
2124 2492 2372 2542 exaudiui
2421 2508 2586 2543 vocem
2633 2493 2873 2543 orationis
2912 2507 3034 2543 ntere
3067 2500 3116 2543 et
3149 2506 3377 2543 meorum

1855 2563 2170 2611 consortium
2202 2559 2322 2611 dum
2345 2563 2611 2613 clamarem
2641 2564 2706 2610 ad
2735 2571 2798 2623 te,
2826 2562 2873 2611 id
2901 2572 2999 2621 est,
3029 2562 3142 2623 quia
3169 2560 3383 2612 clamavi

1856 2643 1956 2679 non
1987 2645 2093 2692 ore,
2129 2629 2216 2680 sed
2247 2631 2418 2682 eortlis
2450 2630 2756 2694 intentione,
2785 2630 2848 2681 ad
2875 2641 2922 2683 te
2956 2630 3231 2682 Dominum
3275 2640 3386 2683 tan-

1857 2709 1983 2754 tum,
2019 2715 2117 2751 non
2149 2701 2209 2749 ad
2242 2701 2400 2753 aliud.

1925 2766 2128 2837 Dtligite
2161 2770 2448 2833 Dominum,
2474 2785 2640 2821 omnes
2670 2770 2828 2820 sancti
2856 2770 2982 2836 ejus.
3018 2767 3277 2821 Perfectus
3309 2767 3385 2819 vir

1852 2849 2096 2902 expertus
2139 2838 2482 2890 humilitatem
2525 2839 2571 2888 iu
2608 2839 2956 2889 tribulatione.
2991 2839 3049 2885 lii
3079 2838 3212 2899 quozl
3246 2837 3380 2888 Deus

1854 2904 2020 2970 ipsum
2050 2908 2360 2958 clamantem
2407 2909 2467 2959 ad
2517 2921 2574 2959 se
2610 2908 2889 2967 exaudivit,
2937 2907 3172 2955 hortatur
3202 2921 3295 2957 nos
3327 2917 3381 2957 ιιι

1853 2989 1969 3026 eum
2005 2977 2266 3029 imitantes
2313 2979 2594 3028 clatnemus
2637 2977 2698 3026 ad
2729 2974 2768 3025 D
2792 2975 3020 3033 -ιιιὶιιιιιιι,
3051 2972 3229 3025 dicens
3256 2991 3267 3025 :
3300 2973 3386 3025 Di-

1858 3043 1994 3109 ligite
2037 3062 2137 3098 non
2168 3060 2277 3107 vos,
2314 3048 2396 3099 vel
2430 3048 2697 3106 mundum,
2744 3045 2832 3094 sed
2862 3043 3050 3108 dilig-te
3092 3043 3380 3104 Dominum,

1856 3112 1904 3163 id
1933 3123 2029 3173 est,
2064 3119 2287 3168 clamate
2316 3116 2378 3166 ad
2426 3117 2720 3166 Dominum.
2767 3112 2856 3165 Ille
2881 3127 3018 3163 enim
3048 3127 3168 3162 vere
3194 3112 3387 3164 clamat

1853 3182 1915 3231 ad
1950 3181 2220 3235 Dominum
2249 3223 2264 3244 ,
2295 3186 2380 3249 qui
2424 3183 2710 3236 contemnit
2752 3183 3020 3242 mundum,
3071 3189 3122 3232 et
3167 3183 3390 3246 abnegat

1853 3251 2100 3316 seipsum.
2136 3254 2356 3322 Ditigite,
2387 3254 2522 3315 dieu,
2552 3268 2719 3303 omnes
2763 3267 2851 3322 per
2883 3256 2976 3322 bne
3024 3252 3178 3302 futuri
3210 3253 3389 3322 sancti

1851 3322 1982 3384 eius,
2003 3333 2054 3374 et
2077 3319 2272 3375 debetis
2294 3323 2529 3390 diligere,
2553 3322 2786 3388 quoniam
2816 3319 3056 3370 Dominus
3082 3321 3291 3384 requiret
3317 3335 3395 3373 ινδι-

1854 3395 1894 3440 τι
1921 3400 2066 3451 atem,
2094 3394 2140 3443 id
2160 3401 2259 3454 est,
2282 3389 2412 3442 hanc
2432 3406 2604 3441 Verum
2622 3390 2952 3441 dilectionem
2972 3389 3052 3439 tibi
3075 3390 3232 3453 possit
3251 3394 3392 3441 inve-

1855 3459 1971 3512 niri.
2004 3462 2133 3525 Quid
2166 3461 2303 3514 enim
2336 3468 2505 3513 veritis
2543 3475 2694 3527 quam
2727 3470 3014 3511 creaturam
3052 3456 3349 3509 Creatorem
3371 3500 3388 3520 ,

1853 3543 1965 3594 qua:
1997 3548 2087 3580 net-
2121 3546 2213 3597 per
2236 3544 2294 3582 se
2323 3538 2492 3591 pOIest
2519 3528 2831 3586 sitbsistere,
2858 3543 2884 3577 a
2906 3542 3007 3593 quo
3031 3529 3215 3593 pendet
3235 3541 3388 3580 suum

1853 3613 1986 3660 esse,
2019 3602 2254 3665 diligere.
2297 3599 2543 3664 Ilequirct,
2578 3599 2806 3664 inquam,
2831 3602 3102 3657 veritatem,
3132 3605 3184 3646 et
3214 3613 3383 3649 remu-

1855 3670 2055 3719 neralnt
2076 3675 2230 3720 etiam
2261 3668 2535 3719 lalsttatem
2558 3706 2571 3728 ,
2603 3666 2719 3733 quia
2760 3669 3051 3733 {amentibus
3082 3669 3384 3732 superbiant,

1854 3737 1899 3786 id
1931 3747 2028 3800 est,
2054 3751 2372 3812 quaecunque
2398 3748 2622 3800 peccata,
2646 3737 2884 3812 superbia
2908 3751 3042 3812 enim
3070 3736 3378 3801 principium

1852 3819 1928 3858 est
1960 3811 2128 3859 omnis
2160 3805 2376 3874 peccati,
2408 3815 2454 3857 et
2491 3809 2587 3857 lioc
2612 3805 2943 3867 abundanter,
2987 3805 3032 3855 id
3075 3815 3174 3864 est,
3207 3811 3384 3865 perse-

1853 3888 2119 3940 veranter;
2172 3876 2298 3938 illis,
2341 3879 2585 3943 inquam,
2631 3877 2862 3924 retribuet
2890 3887 2981 3938 pro
3028 3874 3240 3943 meritis
3273 3876 3382 3926 suis

1858 3943 2128 3998 Dominus.
2165 3948 2336 3999 l‘otest
2369 3941 2575 4013 quoque
2601 3944 2792 3994 veritas
2823 3942 3154 4013 istu__ctititra_
3181 3941 3378 4013 falsita-

1853 4021 1953 4081 tem
1987 4016 2194 4066 illorum
2228 4009 2399 4078 accipi
2423 4009 2699 4081 de'quibus
2732 4025 2884 4078 supta
2914 4010 3043 4062 dixit
3071 4026 3081 4057 ε
3117 4009 3213 4071 Qui
3249 4010 3383 4060 ride—

1849 4079 1964 4132 bant
2014 4098 2111 4147 me,
2145 4087 2280 4147 foras
2319 4079 2572 4150 fugerunt,
2603 4091 2654 4132 «ιι
2694 4096 2822 4146 quos
2871 4090 3018 4133 notos
3063 4084 3140 4132 vel
3186 4081 3378 4130 Vicinos

1848 4156 2055 4204 vocavit.
2103 4154 2166 4205 Et
2186 4154 2424 4220 superbia
2458 4155 2608 4219 plane
2633 4154 2681 4203 in
2704 4152 2897 4204 eisdem
2924 4150 3375 4202 contetnnenttlms

1851 4222 2098 4274 unitatem
2127 4225 2313 4276 notari.
2343 4225 2470 4274 Nam
2498 4233 2551 4273 et
2578 4223 2782 4272 illormu
2815 4220 3086 4272 falsitatem
3115 4231 3165 4272 et
3193 4220 3380 4270 verita-

1850 4297 1950 4341 tem
1982 4306 2160 4344 eorunt
2207 4295 2292 4360 qui
2334 4301 2540 4344 servant
2581 4291 2852 4353 ttttitatettt,
2886 4290 3112 4360 tandem
3143 4289 3387 4342 discutiet

1855 4360 2100 4413 Dominus
2123 4403 2135 4424 ,
2166 4358 2236 4414 et_
2258 4371 2526 4428 utramque
2572 4358 2942 4412 rettnnierabit.
2975 4359 3035 4428 Et
3079 4372 3142 4410 ne
3175 4361 3382 4424 loogutn

1779 4415 1826 4474 D
1854 4415 2134 4481 videretur,
2163 4431 2261 4481 hoc
2309 4415 2614 4494 exspectare
2660 4430 2897 4488 inﬁrmis,
2938 4425 3055 4492 quia
3100 4444 3200 4477 non
3232 4415 3383 4493 dixit,

1851 4498 2119 4564 retribuit,
2161 4499 2252 4552 sed
2284 4503 2554 4560 retribuet,
2595 4499 2827 4547 hortatur
2854 4510 2945 4549 eos
2986 4498 3167 4548 dicens
3200 4505 3253 4546 nt
3299 4510 3382 4561 pa-

1849 4567 2036 4620 tienter
2078 4577 2397 4635 exspectent.
2453 4565 2672 4618 Viriliter
2724 4569 2886 4632 agite,
2941 4574 3118 4617 etnon
3167 4564 3285 4614 dico
3316 4580 3384 4635 _in

1847 4653 2088 4705 corpore,
2113 4631 2203 4689 sed
2231 4654 2316 4689 cor
2339 4645 2550 4689 vestrum
2573 4631 2880 4701 confortctttr
2903 4635 2950 4705 in
2977 4631 3385 4705 perseverantia,

1849 4722 1914 4759 tte
1943 4700 2085 4760 citis,
2120 4711 2355 4759 manibus
2403 4700 2690 4763 dissolutis,
2722 4713 2773 4755 et
2813 4703 3026 4768 gruibus
3076 4700 3378 4751 debilitatis.

1853 4777 1953 4828 \os
1995 4779 2110 4830 diCo
2161 4793 2329 4828 omnes
2371 4776 2453 4839 qui
2499 4784 2705 4841 speratis
2752 4774 2803 4820 in
2845 4772 3080 4841 Domino,
3111 4771 3232 4835 quia
3260 4781 3381 4822 vete

1845 4845 2059 4912 diligitis
2099 4862 2239 4902 eum.
2288 4838 2565 4898 Sciendum
2600 4843 2734 4909 quod
2783 4844 3010 4912 psalmus
3065 4838 3183 4899 iste,
3229 4852 3380 4903 quem

1848 4910 2165 4983 Augustinus
2193 4923 2245 4983 ει
2276 4913 2615 4983 (iussindorns
2659 4910 2867 4983 secuti,
2919 4910 2967 4958 ιιι
3003 4921 3220 4972 persona
3257 4923 3373 4973 pei-

1849 4981 1964 5036 fecit
1997 4987 2086 5034 viri
2118 4981 2396 5048 cujuslibet
2427 4983 2662 5048 legimus.
2708 4981 2761 5031 Ιιι
2807 4991 3027 5044 persona
3051 4991 3267 5048 quoque
3294 4990 3380 5048 ca—

1849 5055 1964 5120 pitis
2007 5045 2199 5120 partiui
2230 5066 2321 5116 pro
2358 5064 2436 5112 se,
2479 5045 2670 5124 partim
2720 5063 2813 5124 pro
2843 5045 3256 5124 tnetnbrissnis,
3306 5047 3377 5122 lo-

1845 5116 2070 5190 quentis,
2099 5137 2126 5173 a
2168 5123 2479 5188 (IUIbUMlJln
2518 5120 2722 5186 legitur,
2751 5118 2896 5183 juxta
2927 5116 3064 5190 quod
3093 5116 3280 5190 t‘itttius‘
3300 5116 3374 5170 sic

1846 5181 2128 5254 exponetur
2163 5181 2314 5243 :'lste
2347 5181 2828 5257 psalmus'referiur
2860 5181 2960 5238 noti
3002 5185 3064 5235 ad
3104 5181 3376 5235 historiam

1845 5262 1932 5311 sed
1968 5265 2015 5312 in
2048 5262 2221 5323 ﬁnem,
2249 5261 2295 5312 id
2328 5270 2429 5321 est,
2454 5262 2503 5310 in
2530 5258 2919 5326 perfectionem,
2954 5258 3229 5326 attributus
3256 5265 3380 5326 vero

1849 5329 2028 5393 David,
2061 5332 2107 5381 id
2139 5342 2237 5392 est,
2270 5332 2446 5394 capiti.
2479 5323 2733 5390 l’saliuus,
2766 5327 2902 5386 dico,
2933 5325 3100 5375 dictus
3129 5332 3194 5373 ab
3229 5336 3291 5373 eu
3323 5323 3372 5372 ιιι

1847 5398 1959 5464 ipso
1991 5401 2245 5464 passionis
2288 5413 2450 5465 agone
2484 5412 2576 5463 pro
2606 5395 2820 5457 eCSLasi,
2854 5397 2900 5446 id
2929 5403 3027 5465 est,
3062 5407 3152 5456 pro
3186 5405 3372 5457 pavore

1847 5463 2053 5530 mortis,
2083 5484 2183 5521 non
2214 5463 2350 5538 quod
2383 5469 2556 5539 {assit
2600 5466 2884 5532 intelligere
2930 5463 3183 5513 ullatenus
3223 5476 3283 5539 ex
3313 5476 3370 5514 se

1846 5547 2064 5588 mortem
2101 5537 2354 5598 timuisse,
2383 5537 2473 5590 sed
2521 5545 2716 5587 tantum
2745 5550 2805 5585 ex
2837 5543 3010 5583 nostra
3039 5543 3193 5597 quam
3233 5537 3282 5581 in
3314 5547 3371 5582 se

1849 5605 2226 5670 transﬁguravit
2257 5607 2575 5667 inﬁrmitate,
2601 5612 2658 5655 ut
2694 5604 2816 5654 alibi
2844 5602 3036 5652 dictum
3073 5606 3171 5670 est.
3197 5599 3265 5650 Et
3295 5611 3376 5653 est

1847 5680 1992 5738 quasi
2023 5669 2160 5729 dicat
2194 5692 2203 5727 :
2240 5676 2451 5730 Domine
2480 5673 2649 5737 Pater,
2685 5670 2844 5724 Adam
2885 5669 3112 5738 speravit
3141 5669 3191 5723 in
3216 5685 3293 5737 se,
3327 5683 3383 5726 et
