3912 6230
528 258 633 314 6'59

1017 258 1217 315 BEDE
1257 260 1698 319 VENI'JRABILIS
1736 261 1883 317 OPP.
1925 258 2093 315 PARS
2131 258 2405 314 ILSECT.
2434 259 2496 314 ll.
2526 287 2593 301 --
2622 258 2820 316 DUBIA
2864 259 2948 315 ET
2988 258 3258 318 SPURlA.
3627 263 3714 316 ιω

534 373 654 426 ideo
681 369 925 426 confusus
955 382 1028 424 est
1058 390 1071 437 ;
1102 387 1200 436 ego
1229 382 1400 426 autem
1432 374 1626 438 sperari
1654 374 1704 426 in
1732 384 1814 434 te,
1845 381 1899 425 et
1941 373 2058 441 ideo
2094 377 2134 430 Α
2166 379 2462 436 appeteret,
2500 386 2668 439 neque
2696 386 2817 425 caro
2839 373 2904 425 ita
2932 373 3123 440 fragilis
3153 383 3316 436 esset,
3351 374 3393 426 si
3420 373 3593 427 Adam
3622 392 3715 427 non

533 443 631 498 etsi
679 441 853 494 videar
889 441 950 493 ad
983 441 1163 495 horam
1187 443 1432 494 contusus
1455 445 1519 495 ab
1542 443 1761 497 inimicis
1791 443 1940 504 meis.
1961 444 2071 500 biec

535 509 774 582 confusio
798 520 972 562 tamen
1001 526 1102 582 non
1133 509 1233 565 erit
1270 512 1548 582 aeternalis.
1579 514 1641 565 Et
1667 522 1719 564 ut
1742 529 1840 564 non
1862 517 2073 582 confun-

538 581 632 632 d‘ar
653 582 702 632 in
727 589 985 638 a'ternum,
1030 580 1182 631 libira
1213 597 1307 644 me,
1344 580 1572 642 Domine.
1615 582 1660 634 id
1692 594 1789 644 est,
1820 580 2072 639 resuscita

538 664 620 703 me
651 664 749 703 non
782 651 832 700 in
875 649 1072 714 jusntia
1115 665 1249 721 mea,
1272 651 1367 721 sed
1395 651 1447 701 in
1477 660 1560 702 tua
1595 654 1796 721 jiistitia
1819 694 1833 712 ,
1860 667 1960 719 qua
1993 671 2076 708 me

546 721 827 771 immunem
858 733 885 770 a
918 720 1142 784 peccatis
1187 720 1371 771 fecisti.
1407 721 1468 771 Et
1501 732 1552 772 tu
1599 720 1734 774 altus
1778 721 1965 773 inclina
2009 726 2075 776 ad

541 805 618 840 me
641 788 884 840 humilem
906 804 1074 839 aurem
1099 798 1253 852 tuam,
1282 789 1448 857 idest,
1473 790 1888 857 propinationem
1913 800 2075 844 tuam.

551 859 612 908 Et
641 860 868 910 accelera
896 867 951 908 ut
977 873 1128 910 eruas
1159 873 1242 910 me
1263 900 1275 920 ,
1305 856 1352 909 id
1396 869 1508 925 est,
1527 856 1582 910 ut
1621 874 1722 911 non
1751 859 1961 912 dilTeras
1989 877 2072 916 re-

546 928 918 979 surrectionem
951 941 1116 978 meam
1149 927 1198 978 in
1239 941 1571 981 communem
1618 929 2075 984 resurrectionem.

549 994 613 1047 Et
648 1006 702 1046 ιιι
728 996 938 1066 tandem
962 1010 1111 1048 eruas
1133 1011 1238 1066 me,
1264 1010 1400 1066 nunc
1434 997 1637 1049 interim
1669 998 1742 1050 sis
1776 998 1910 1053 Deus
1951 1015 2080 1066 pro-

551 1075 730 1136 tegens
769 1080 871 1118 me.
907 1064 968 1116 Et
1013 1066 1086 1117 sis
1117 1065 1242 1117 milii
1279 1065 1470 1119 domus
1497 1066 1677 1134 refugii
1708 1078 1886 1120 contra
1937 1064 2080 1136 ipsos

550 1134 789 1187 inimicos
815 1149 978 1199 ini-os,
1004 1142 1059 1186 ut
1089 1137 1243 1187 facias
1273 1151 1357 1188 me
1381 1135 1605 1199 salvum,
1636 1136 1684 1188 id
1711 1146 1807 1198 est,
1843 1134 2082 1202 perseve-

552 1215 771 1266 rantem,
801 1205 960 1275 neab
987 1204 1111 1271 ipsis
1141 1206 1366 1271 trangar.
1402 1206 1465 1258 Et
1495 1210 1680 1257 merito
1718 1220 1745 1256 a
1779 1215 1831 1258 te
1861 1206 1958 1260 hoc
1989 1225 2080 1275 po-

548 1277 714 1339 stulo,
741 1274 975 1339 quoniam
1014 1283 1067 1324 tu
1093 1276 1236 1326 solus
1267 1275 1507 1341 fortitudo
1537 1291 1645 1326 mea
1673 1291 1744 1338 es,
1777 1276 1824 1328 id
1854 1287 1962 1340 est,
1986 1274 2084 1342 hoc

551 1345 688 1409 quod
731 1358 829 1409 ego
854 1354 1032 1394 contra
1063 1357 1156 1395 eos
1200 1343 1347 1396 furtis
1390 1359 1541 1405 sum,
1576 1359 1676 1395 non
1717 1360 1745 1396 a
1773 1360 1854 1397 me
1893 1346 2080 1409 habeo.

554 1413 644 1485 sed
675 1426 713 1485 7a
743 1419 811 1463 te.
846 1411 1086 1485 El‘lll-CS
1115 1411 1380 1485 refugium
1403 1413 1679 1485 nieuin,»id
1707 1423 1820 1485 est,
1855 1431 2081 1485 [It-l1ng

557 1479 682 1553 milii
712 1497 824 1553 sum
854 1478 1111 1553 refugium
1141 1521 1158 1544 ,
1195 1478 1327 1534 sicut
1359 1484 1521 1536 Adam
1553 1480 1646 1553 fuit
1675 1482 1771 1534 sibi
1806 1478 2080 1553 refugium,

555 1552 670 1623 quia
701 1552 887 1623 refugit
912 1552 1082 1623 ad'rse,
1108 1562 1160 1603 et
1190 1553 1415 1623 perdidit
1444 1567 1524 1623 se.
1549 1552 1657 1620 Ego
1686 1567 1808 1605 vero
1835 1555 2083 1623 refugium

556 1621 619 1670 ad
654 1628 723 1680 te,
751 1632 804 1672 ιιι
831 1622 1087 1674 inveniam
1117 1637 1219 1672 me.
1256 1621 1314 1673 Et
1345 1630 1396 1672 tu
1440 1621 1654 1674 reduces
1683 1637 1783 1682 uie,
1813 1623 1860 1674 id
1892 1621 1988 1685 est,
2023 1628 2088 1678 de

559 1693 792 1755 angustia
834 1690 1031 1742 .ludaici
1064 1692 1238 1757 populi
1272 1689 1501 1743 deduces
1553 1692 1786 1744 notitiam
1830 1709 1996 1746 meam
2036 1695 2086 1748 in

560 1758 882 1811 latitudinem
899 1758 1156 1829 gentium.
1196 1759 1256 1812 Et
1276 1760 1348 1812 sic
1377 1760 1590 1814 enutries
1615 1777 1708 1822 me,
1735 1761 1781 1812 id
1814 1771 1913 1823 est,
1944 1764 2090 1829 plura

565 1829 792 1880 membra
822 1828 946 1880 mihi
973 1829 1128 1892 capiti
1161 1830 1433 1894 adjunges.
1465 1840 1518 1884 et
1542 1844 1782 1884 crescere
1809 1846 1889 1885 me
1914 1828 2092 1886 iacies.

560 1898 708 1962 Quod
745 1899 913 1950 taliter
943 1899 1122 1966 facies,
1149 1898 1370 1962 scilicet,
1399 1901 1671 1954 educendo
1696 1912 1777 1952 me
1803 1915 1893 1961 per
1917 1917 2094 1955 resur-

561 1967 843 2020 rectionem
871 1971 933 2019 de
954 1969 1152 2034 laqueo,
1175 1985 1319 2036 quem
1344 1969 1704 2022 absconderant
1733 1969 1854 2020 nti/ii
1870 2009 1885 2034 ,
1912 1970 1962 2022 id
1993 1983 2096 2032 εει,

566 2036 633 2089 de
657 2049 840 2097 morte,
869 2053 1021 2104 quam
1043 2043 1246 2091 occulte
1279 2049 1591 2104 paraverunt
1618 2040 1742 2091 mihi
1776 2038 1967 2093 inimici
1996 2041 2098 2094 mei

564 2106 752 2157 .lu-la-i.
778 2106 924 2172 Quod
953 2109 1138 2160 merito
1170 2108 1345 2172 facies,
1374 2108 1614 2176 quoniam
1642 2119 1692 2160 ιιι
1715 2111 1856 2161 solus
1883 2125 1941 2164 es
1970 2113 2095 2163 mini

568 2182 817 2242 protectio
845 2193 858 2238 ;
891 2191 986 2244 ego
1015 2189 1188 2230 autem
1222 2180 1347 2231 milii
1383 2194 1498 2231 sum
1529 2179 1767 2246 dejectio.
1804 2179 1864 2231 Et
1903 2181 2020 2246 quia
2046 2191 2097 2234 tu

564 2260 686 2316 vere
707 2246 883 2298 educes
908 2262 1003 2306 me,
1034 2246 1150 2300 ideo
1171 2261 1355 2301 seciire
1378 2251 1667 2300 commendo
1690 2250 1915 2316 spiritum
1939 2266 2099 2302 meum

567 2314 618 2366 iii
648 2331 822 2366 manus
850 2316 1098 2382 potentitn
1122 2325 1240 2368 tum.
1267 2317 1698 2370 Commendatum
1717 2314 1866 2370 enim
1895 2320 2100 2385 proprie

567 2394 668 2446 est,
697 2385 832 2455 quod
872 2401 990 2437 cum
1019 2399 1077 2436 ea
1113 2388 1392 2439 securitate
1422 2387 1571 2438 datur
1601 2388 1778 2450 alicui,
1818 2398 1871 2440 ιιι
1891 2388 2102 2455 quando

572 2453 734 2524 votnit
776 2456 863 2521 qni
902 2457 1321 2520 commendavit,
1366 2456 1492 2509 illud
1525 2457 1759 2524 recipiat.
1807 2458 1866 2510 Et
1910 2453 2103 2511 merito

568 2522 662 2576 tibi
688 2526 1022 2585 commendo,
1049 2529 1166 2594 quia
1201 2535 1251 2579 ιιι
1282 2526 1468 2580 reddes
1495 2528 1616 2580 n.-i|ii
1638 2522 1788 2593 eum,
1812 2527 1930 2595 quia
1967 2529 2103 2582 redi-

568 2606 682 2646 mes
705 2609 786 2647 me
809 2609 836 2647 a
870 2606 1060 2660 morte,
1091 2597 1206 2664 quia
1231 2598 1337 2664 jam
1367 2598 1618 2649 redemisti
1638 2613 1714 2649 me
1739 2613 1828 2665 per
1858 2598 2104 2651 immuni-

574 2671 730 2715 tatem
765 2665 981 2732 pet‘cati,
1013 2681 1129 2717 cunt
1173 2668 1245 2717 sis
1296 2665 1427 2719 Deus
1473 2668 1710 2731 veritatis,
1755 2683 1855 2719 non
1898 2667 2099 2731 fallens,

573 2732 792 2805 scilicet,
821 2734 868 2784 in
895 2735 1179 2801 promissis.
1199 2735 1343 2789 Unde
1361 2738 1514 2789 etiam
1537 2737 1672 2805 quod
1695 2737 1761 2789 de
1787 2751 1899 2790 inea
1927 2750 2106 2789 resur-

573 2803 799 2874 rectione
838 2819 926 2868 per
949 2805 1228 2872 prophetas
1269 2803 1577 2871 promisisti,
1611 2821 1732 2860 vere
1777 2807 2102 2874 adimpleliis.

647 2873 810 2942 Odisti”
829 2891 1016 2926 onmes.
1048 2874 1100 2927 Ι).
1122 2891 1180 2926 us
1205 2876 1412 2942 quidem
1437 2891 1490 2928 es
1509 2877 1766 2941 veritatis,
1794 2877 1884 2930 sed
1918 2873 2018 2929 non
2049 2893 2106 2932 es

579 2939 716 2994 licus
736 2940 996 3003 falsitatis,
1025 2949 1142 3012 quia
1173 2939 1320 2997 odisti
1348 2945 1557 2999 Judmos
1583 2939 1892 2999 obserrontes
1913 2946 2107 2998 vanita-

574 3022 695 3074 tem,
721 3013 766 3064 id
804 3025 903 3077 εει,
931 3017 1093 3079 magis
1117 3017 1354 3066 volentes
1377 3016 1612 3067 amittere
1637 3016 1981 3069 innocentiam
2012 3030 2104 3083 per

580 3089 796 3132 irortein
828 3098 1016 3145 meam,
1050 3099 1201 3149 quam
1236 3098 1318 3137 me
1349 3086 1554 3137 vivi-nte
1581 3085 1798 3152 perdere
1839 3087 2009 3138 locum
2052 3097 2107 3140 et

577 3159 802 3222 gentem.
837 3153 983 3216 Quod
1013 3167 1312 3222 supervacue
1342 3152 1552 3216 faciunt,
1585 3154 1703 3222 quia
1737 3163 1906 3207 tamen
1952 3156 2106 3209 amit-

581 3228 690 3270 ient
732 3220 900 3290 locum
932 3232 983 3290 et
1012 3230 1240 3288 gentem.
1277 3221 1366 3274 Vel
1409 3232 1578 3290 potest
1606 3220 1715 3277 dici
1746 3224 1882 3290 quod
1913 3226 2106 3278 vanita-

576 3297 680 3337 tem
721 3289 882 3341 Judaei
931 3289 1181 3356 fecerunt,
1218 3289 1425 3358 quando
1461 3293 1653 3345 milites
1690 3289 1773 3344 ad
1803 3295 2102 3359 sepulcrum

575 3359 966 3430 custodiendum
992 3373 1296 3430 posuerunt,
1329 3365 1572 3414 timentes
1598 3376 1660 3414 ne
1682 3361 1920 3426 discipuli
1947 3364 2109 3417 Domi-

580 3426 748 3480 niciitn
775 3444 963 3496 corpus
993 3426 1307 3495 furarentur,
1337 3441 1389 3482 et
1409 3432 1637 3484 dicerent
1672 3431 1805 3496 plebi
1834 3449 1844 3480 :
1878 3430 2108 3485 Surrexit

576 3512 606 3566 ᾳ
632 3502 854 3552 mortuis.
893 3502 983 3564 Qui
1007 3502 1038 3552 d
1083 3515 1460 3566 supervacuum
1490 3500 1603 3565 fuit,
1630 3500 1748 3566 quia
1777 3499 1856 3554 eis
1888 3501 2108 3556 nolenti-

577 3565 669 3618 bus
698 3582 757 3619 at:
788 3571 1133 3622 nescientibus
1154 3565 1304 3624 tertia
1335 3571 1418 3622 die
1452 3565 1754 3623 resurrexit.

649 3636 754 3705 Ego
779 3649 944 3690 autem
966 3641 1014 3691 in
1039 3637 1251 3691 Domino
1276 3640 1487 3707 speravi.
1518 3638 1588 3691 llli
1605 3639 1812 3708 quidem
1831 3639 2108 3696 vanitatem

574 3705 868 3778 elisi-nant.
900 3724 1023 3776 ergo
1052 3721 1222 3760 autem
1254 3705 1356 3762 nun
1392 3705 1958 3775 observo'vauitatem,
1991 3715 2108 3778 quia

577 3776 818 3846 adhaeret)
847 3779 1065 3831 veritati.
1098 3778 1222 3829 Nam
1247 3779 1439 3846 sperari
1466 3780 1515 3831 iu
1546 3787 1618 3843 te,
1645 3779 1881 3842 Domine,
1912 3791 1967 3834 et.
1994 3776 2111 3834 ideo

576 3845 835 3898 exsultatio
862 3859 907 3899 et
930 3849 1152 3910 ltrtabor,
1182 3848 1229 3900 id
1258 3845 1358 3910 est,
1391 3849 1619 3916 plenarie
1655 3847 1893 3915 gaudebo
1926 3865 2026 3901 non
2057 3851 2113 3904 iit

579 3929 690 3967 mea
727 3917 923 3984 jusitia
946 3959 960 3981 ,
986 3917 1074 3971 sed
1105 3917 1156 3969 in
1185 3929 1271 3970 tua
1297 3918 1658 3982 misericordia,
1686 3921 1823 3970 sicut
1854 3919 2016 3986 prius.
2048 3920 2112 3974 Et

578 3997 764 4055 inemo
808 3990 1046 4053 gaudebo
1088 3989 1135 4039 iu
1170 3999 1218 4041 te
1239 4031 1253 4054 ,
1279 3989 1523 4055 quoniam
1563 3989 1696 4040 sicut
1728 3988 1890 4041 Adam
1919 3992 2109 4045 elatum

576 4054 854 4120 despexisti
908 4071 960 4110 et
1011 4054 1404 4112 necessitatibus
1462 4057 1638 4111 multis
1690 4060 1989 4125 damnasti,
2039 4059 2110 4114 ita

573 4127 832 4189 respi'xisti
863 4142 946 4178 me.
986 4128 1116 4179 adeo
1151 4127 1507 4194 lnmiiliatum,
1541 4138 1593 4180 ut
1635 4143 1731 4182 nec
1776 4131 2043 4185 voluntate
2081 4147 2108 4185 a

580 4200 629 4244 te
659 4197 998 4248 deviaverim.
1029 4194 1088 4246 Et
1110 4197 1310 4247 salvasti
1339 4198 1553 4248 animam
1578 4213 1734 4250 ineant
1760 4198 1821 4249 de
1849 4203 2114 4252 necessita-

575 4264 735 4326 tibus,
767 4265 815 4318 id
848 4277 957 4330 est,
987 4265 1054 4318 de
1085 4267 1314 4329 peccatis
1342 4267 1584 4319 omnibus
1631 4282 1719 4333 per
1750 4284 1922 4322 veram
1955 4269 2109 4324 inno-

577 4337 796 4406 centiam
829 4337 952 4389 milii
983 4337 1177 4406 datam.
1211 4335 1272 4387 Et
1300 4349 1409 4406 non
1449 4337 1733 4406 conclusisti
1755 4379 1768 4400 ,
1801 4338 1850 4392 id
1880 4351 1980 4406 est,
2013 4355 2107 4394 nec

576 4403 842 4475 permittes
885 4405 1125 4458 concludi
1170 4421 1245 4456 me
1292 4405 1342 4456 in
1389 4405 1613 4457 manibus
1661 4408 1866 4471 inimici,
1909 4403 2100 4475 idest,

574 4469 785 4546 Judaici
810 4475 1003 4546 potiuli,
1023 4486 1086 4525 ut
1109 4488 1318 4540 prorsus
1349 4489 1537 4528 nomen
1561 4492 1732 4530 meum
1763 4469 1983 4546 auferat,
2012 4469 2102 4533 sed

571 4542 786 4593 statuisti
819 4542 926 4611 jam
965 4554 1017 4593 et
1055 4552 1250 4617 statues
1282 4547 1428 4617 pedes
1453 4561 1606 4612 meos,
1641 4547 1686 4599 id
1713 4559 1812 4613 est,
1842 4542 2105 4617 apostolos

577 4625 719 4685 meos
749 4627 844 4681 per
882 4612 1264 4685 quosgradior
1305 4614 1358 4685 in
1399 4615 1506 4685 loco
1548 4612 1888 4683 spatioso,rid'
1915 4630 2011 4685 est,
2055 4622 2104 4672 in

569 4681 752 4756 diffusa
797 4681 1147 4756 multitudine,
1181 4689 1281 4756 tam
1319 4681 1640 4756 ἸΙιιιιίεειηιιιι,
1671 4703 1824 4753 quam
1851 4681 2103 4756 gentium,

572 4758 654 4818 qui
690 4755 754 4805 ab
785 4757 858 4806 eis
887 4754 1100 4806 verbum
1133 4752 1364 4804 veritatis
1392 4753 1628 4807 audient.
1691 4752 1700 4753 ί
1855 4752 1873 4756 ⁷
1906 4786 1911 4791 ι
2038 4812 2046 4818 ,

651 4823 882 4874 Miserere
908 4823 1019 4893 inei,
1051 4820 1204 4874 Deus.
1240 4821 1498 4876 Hactenus
1527 4835 1677 4890 caput
1711 4841 1802 4892 pro
1824 4826 1996 4893 seipso
2026 4827 2105 4880 lo-

570 4901 747 4941 cutum
777 4901 876 4950 est,
909 4891 992 4942 hic
1022 4903 1191 4943 autem
1221 4907 1314 4959 pro
1344 4896 1453 4947 suis
1475 4891 1719 4960 loquitur.
1747 4891 2102 4961 Quasidicat:

577 4962 827 5036 Itoniine,
860 4961 1028 5038 .lionis
1064 4963 1346 5037 .principiis
1386 4965 1552 5017 bonos
1592 4968 1765 5038 exitus
1806 4967 2001 5034 junge,
2053 4975 2106 5019 et

570 5034 701 5080 sicut
731 5034 827 5080 mei
859 5034 907 5079 in
945 5043 1027 5096 me
1064 5034 1174 5094 ipso
1202 5035 1442 5087 misertus
1468 5049 1546 5095 es,
1591 5034 1657 5085 ita
1685 5037 1838 5086 etiam
1881 5052 2106 5088 miserere

573 5099 666 5170 mei
708 5100 755 5170 in
805 5099 952 5150 meis.
1073 5114 1200 5164 opus
1229 5111 1336 5164 est,
1367 5105 1606 5170 quoniam
1637 5105 1863 5169 tribulor,
1914 5106 1960 5158 id
2001 5115 2101 5169 est,

574 5167 887 5242 tiihnlantur
908 5169 1006 5220 mei
1038 5169 1174 5221 intus
1201 5182 1248 5222 et
1278 5167 1529 5235 exterius,
1562 5173 1612 5224 in
1653 5167 1981 5240 quibus'qiiia
2009 5167 2104 5242 ego

572 5250 707 5310 sum,
739 5238 956 5291 tribtilor
982 5249 1033 5291 et
1061 5254 1177 5306 ego.
1215 5242 1276 5291 lit
1303 5242 1398 5292 boc
1429 5241 1568 5304 ideo,
1595 5238 1712 5306 quia
1743 5238 1917 5296 oculus
1945 5238 2101 5310 meu's,

573 5305 621 5356 id
653 5317 752 5372 est,
787 5310 918 5359 ratio
949 5305 1180 5362 meorum
1213 5312 1517 5362 conturbata
1545 5305 1624 5360 cst
1653 5325 1679 5360 a
1714 5328 1839 5376 puro
1867 5305 2102 5366 contuitu

569 5377 825 5448 veritatis,
857 5394 1009 5443 quem
1043 5384 1179 5445 prius
1212 5380 1391 5432 habuit
1419 5382 1469 5430 in
1503 5379 1578 5428 ira
1612 5380 1695 5430 illa
1721 5397 1868 5447 quam
1904 5399 2106 5448 praeva-

571 5446 760 5497 ricator
789 5449 950 5501 Adam
985 5453 1282 5515 promeruit.
1319 5450 1381 5500 Et
1408 5450 1576 5499 anima
1618 5446 1746 5510 iniu,
1788 5451 1834 5500 id
1863 5446 1956 5516 εει,
1983 5469 2102 5506 sen-

574 5517 786 5587 {ttulit-15
817 5534 927 5572 mea
958 5529 1039 5571 est
1065 5524 1218 5571 etiatu
1250 5519 1577 5571 conturbata.
1615 5518 1676 5569 Et
1717 5531 1901 5581 venter,
1926 5525 1972 5574 id
2002 5531 2102 5587 est,

574 5580 696 5632 illud
730 5589 863 5650 quod
914 5590 1116 5642 mollius
1147 5591 1194 5640 in
1237 5590 1385 5649 meis,
1437 5587 1653 5649 scilicet,
1692 5604 1813 5642 caro
1847 5580 1952 5656 ipsa
1998 5580 2098 5653 est,

570 5656 896 5710 conturbata.
933 5659 1105 5726 Neque
1128 5656 1436 5711 scnsualitas
1469 5672 1577 5709 inca
1614 5662 1689 5713 vel
1717 5672 1893 5715 ll0:ll"d
1923 5663 2098 5714 illicita

2175 449 2461 502 peccasset.
2499 441 2561 492 Et
2592 442 2832 494 nimirum
2855 443 2895 494 si
2927 443 3034 496 lucc
3056 448 3227 499 omnia
3253 445 3334 496 eis
3356 455 3480 497 sunt
3510 458 3722 498 contero

2175 509 2316 580 liata,
2358 511 2588 576 quoniam
2619 511 2717 562 vita
2763 511 2870 576 ipsa
2919 527 3174 577 meorum,
3204 529 3324 580 qua!
3363 524 3562 566 eterna
3610 530 3712 564 esse

2174 579 2381 641 debuit,
2416 580 2672 633 defectum
2706 595 2850 650 passa
2885 581 2935 633 in
2975 584 3174 650 dolore,
3222 579 3269 635 id
3302 594 3405 643 est.
3442 586 3493 635 in
3537 585 3612 634 ira
3642 587 3718 636 iils

2179 664 2269 715 pro
2297 665 2395 716 qua
2436 665 2640 715 semper
2672 649 2749 702 eis
2779 650 3054 703 dolendum
3080 649 3194 708 est!
3223 653 3375 717 Quod
3406 653 3551 706 enim
3597 655 3718 706 iram

2175 719 2510 791 gitiseqiiitiir
2533 730 2586 770 ut
2615 720 2822 791 gravius
2843 721 3131 791 videretur,
3159 739 3251 791 pro
3273 722 3350 774 ira
3384 725 3496 787 ipsa
3528 725 3714 788 posuit.

2180 786 2242 838 Et
2281 788 2398 838 anni
2427 803 2683 849 meorum,
2708 788 2794 854 qui
2822 789 3070 843 deberent
3107 786 3225 847 esse
3254 786 3445 845 aeterni
3467 833 3481 854 ,
3516 786 3722 846 defere-

2179 868 2293 908 runl
2320 858 2367 908 iii
2398 858 2681 925 gemitibus,
2718 858 2766 908 id
2793 865 2895 921 est,
2923 860 2972 913 in
2993 861 3174 914 eadem
3208 865 3306 924 ira,
3341 877 3438 925 pro
3465 877 3568 918 una
3595 877 3724 916 sein-

2182 940 2273 996 per
2301 924 2739 990 ingeinisceudum
2769 937 2868 994 est,
2899 928 3037 996 quod
3069 943 3146 983 est
3174 924 3407 993 gravius.
3457 929 3524 983 Et
3553 934 3721 990 sirius.

2180 994 2229 1068 id
2262 996 2705 1068 eSt,_constautia,
2729 994 2962 1052 meorutn
2992 1011 3062 1052 est
3085 1001 3341 1067 inﬁrmata
3371 1015 3468 1068 per
3492 1004 3722 1054 eamdem

2184 1063 2334 1137 iram.
2370 1063 2439 1137 ita
2473 1074 2528 1116 ut
2570 1067 2637 1137 si_l
2680 1067 2732 1117 in
2773 1077 3084 1136 paupertate,
3117 1063 3293 1137 idest,
3331 1063 3384 1122 iri
3412 1071 3566 1122 omni
3596 1071 3722 1123 indi-

2181 1135 2351 1200 κιιιιιὶςι
2393 1135 2567 1201 plena.
2595 1133 2658 1187 Et
2689 1133 2800 1188 ossa
2854 1133 3006 1202 nisa,
3073 1133 3157 1195 id
3217 1133 3337 1202 esi,
3391 1139 3724 1191 intellectua-

2184 1203 2216 1254 li
2242 1217 2298 1254 as
2329 1219 2465 1266 mea,
2492 1220 2607 1274 quin
2650 1215 2762 1257 erat
2805 1210 3118 1274 primipuum
3152 1209 3311 1262 robur
3343 1223 3592 1260 ineorum
3613 1223 3720 1269 ,εει

2183 1276 2508 1324 eoiiturbata.
2556 1273 2618 1324 Et
2662 1288 2758 1342 pro
2799 1275 2878 1326 bis
2918 1277 3158 1330 omnibus
3199 1278 3584 1339 restituendis,
3617 1294 3722 1342 quae

2187 1342 2259 1393 ira
2284 1342 2365 1414 illa
2391 1342 2632 1414 turbavit,
2661 1359 2774 1394 sum
2799 1347 2958 1408 factus
2987 1347 3328 1414 opprobrium,
3357 1346 3408 1398 id
3439 1356 3546 1407 est,
3574 1349 3728 1398 virili-

2188 1419 2265 1463 ter
2294 1411 2405 1463 sine
2430 1413 2570 1482 onmi
2596 1421 2832 1476 respectu
2871 1411 3150 1467 damnatus
3175 1418 3311 1482 apud
3356 1432 3534 1467 omnes
3563 1418 3724 1467 intimi-

2185 1495 2268 1530 cos
2307 1497 2461 1535 meos.
2494 1481 2642 1532 Juxta
2688 1483 2964 1548 quamdam
2994 1484 3459 1538 'l‘ranslatiouetn:
3495 1486 3582 1536 Vel
3618 1505 3722 1537 sum

2188 1550 2346 1613 [actus
2370 1549 2690 1615 approbriiini
2719 1568 2865 1618 super
2885 1568 3050 1605 omnes
3077 1554 3304 1606 inimicos
3347 1572 3509 1619 meos,
3555 1553 3568 1606 i
3590 1558 3601 1604 l
3626 1565 3724 1610 est.

2195 1619 2376 1685 majori
2429 1620 2750 1692 contemptui
2797 1622 3004 1672 habitus
3046 1638 3158 1673 sum
3218 1624 3468 1676 omnibus
3511 1625 3724 1692 in’micis

2196 1691 2344 1757 iuris,
2373 1697 2472 1740 tam
2504 1687 2698 1741 Iudaeis
2721 1706 2874 1754 quam
2904 1693 3206 1757 gentilibus,
3246 1693 3501 1744 militibus
3529 1687 3727 1744 scilirei

2199 1756 2365 1818 i’ilati,
2393 1758 2475 1824 qui
2508 1774 2624 1808 eum
2659 1756 3024 1812 cruciliserunt
3050 1801 3063 1824 ,
3095 1770 3146 1814 et
3192 1761 3327 1814 inter
3359 1763 3602 1814 inimicus
3627 1765 3730 1813 sin-

2195 1825 2642 1904 gulariterftirtus
2673 1844 2782 1904 sum
2824 1830 2966 1881 valde
3006 1832 3328 1904 approbrium
3375 1832 3552 1904 uicinis
3583 1834 3724 1894 meis,

2197 1894 2246 1946 id
2298 1904 2399 1958 cst,
2445 1894 2659 1953 Jndtcis.
2712 1898 2778 1949 de
2822 1894 3045 1961 quorum?
3090 1902 3280 1952 lumbis
3311 1902 3474 1961 exivi,
3503 1910 3559 1952 et.
3613 1903 3725 1951 ideo

2198 1963 2359 2016 factus
2387 1979 2501 2018 sam
2533 1968 2680 2018 timor
2705 1970 2830 2019 notis
2857 1969 2994 2030 meis,
3025 1968 3073 2020 id
3096 1977 3176 2022 εει
3195 2009 3209 2028 ,
3240 1969 3321 2020 bis
3346 1971 3435 2035 qui
3481 1985 3565 2022 me
3594 1973 3728 2026 irin;

2200 2038 2428 2100 perteue
2472 2047 2758 2100 nexerant,
2789 2039 3058 2102 apostolis,
3099 2040 3322 2097 scilicet,
3369 2041 3461 2104 qui
3495 2040 3726 2091 Videnles

2197 2119 2315 2157 eunt
2340 2105 2476 2170 capi,
2512 2107 2692 2158 relicto
2720 2121 2804 2168 eo,
2835 2105 3093 2171 fugerunt.
3128 2107 3189 2160 Et
3217 2107 3288 2158 illi
3321 2111 3482 2158 etiam
3524 2111 3607 2160 alii
3631 2109 3730 2160 dis—

2199 2174 2353 2239 cipuli
2381 2176 2466 2240 qui
2495 2176 2724 2226 uidebant
2754 2189 2848 2234 me,
2881 2176 2927 2227 id
2957 2184 3057 2237 est,
3089 2177 3174 2242 qui
3198 2178 3544 2230 intendebant
3573 2179 3620 2228 in
3652 2195 3731 2229 me

2199 2257 2357 2308 super
2382 2258 2600 2313 egenum
2631 2254 2680 2293 et
2727 2259 3027 2311 pauperem,
3052 2248 3167 2313 quia
3209 2246 3450 2298 viderant
3481 2264 3564 2298 me
3596 2250 3729 2308 prius

2202 2322 2256 2363 ut
2289 2313 2446 2364 Deum
2489 2312 2736 2366 mii-actila
2772 2312 3080 2376 facientem,
3115 2324 3166 2368 et
3194 2317 3499 2367 docentem.
3533 2317 3624 2372 Illi.
3655 2318 3730 2369 in.

2203 2396 2376 2452 quam,
2411 2393 2530 2434 tunc
2560 2381 2793 2452 {tigerunt
2822 2384 2960 2452 foras
2983 2401 3013 2435 ιι
3034 2400 3109 2436 me
3142 2385 3245 2437 Deo
3277 2394 3328 2435 tu
3359 2401 3446 2437 ine
3474 2388 3730 2438 hominem

2203 2450 2496 2518 simplicem
2523 2450 2947 2519 existimandum,
2972 2463 3022 2506 et
3042 2456 3186 2504 datus
3206 2470 3316 2505 sum
3342 2455 3582 2506 oblivioni
3603 2459 3730 2522 apud

2203 2534 2316 2586 eos,
2346 2531 2577 2573 remotus
2605 2538 2634 2572 a
2661 2521 2810 2574 corde
2855 2538 3035 2574 eorum
3066 2535 3309 2589 tanquam
3341 2524 3564 2588 quilibet
3603 2542 3730 2579 mor-

2204 2599 2336 2659 tuus.
2357 2590 2670 2642 Putaverunt
2691 2591 2828 2643 enim
2848 2606 2931 2659 me
2952 2593 3225 2659 subiacere
3249 2593 3345 2658 legi
3379 2595 3725 2647 morientium.

2212 2658 2298 2729 Vel
2330 2660 2396 2710 illi
2434 2661 2520 2726 qtti
2561 2661 2844 2713 dixerunt:
2877 2658 2983 2714 Nos
3024 2658 3316 2725 putabamus
3349 2665 3486 2729 quod
3515 2665 3618 2729 ipse
3662 2681 3733 2715 re-

2205 2727 2496 2798 dempturus
2523 2739 2642 2783 esset
2673 2729 2866 2795 Israel,
2895 2743 2945 2785 ct
2987 2733 3101 2787 ideo
3145 2733 3305 2799 [actus
3334 2727 3446 2784 sitm
3479 2727 3612 2799 apud
3650 2749 3732 2787 eos

2208 2807 2441 2865 tanquam
2481 2817 2563 2853 vos
2606 2803 2874 2867 perditura,
2924 2803 2972 2855 id
3003 2812 3116 2868 est,
3146 2805 3494 2861 eotiiractum,
3539 2802 3584 2853 id
3613 2814 3728 2854 est:

2207 2871 2354 2939 vituit
2383 2869 2460 2923 eis
2497 2871 2746 2939 quidquid
2779 2889 2868 2926 eos
2901 2874 3209 2935 docueram,
3246 2882 3496 2939 tanquam
3540 2875 3730 2924 vilescit

2211 2937 2400 3009 humor
2424 2937 2674 2994 emanans
2702 2943 2766 2996 de
2793 2959 2918 2997 vase
2946 2944 3147 3009 perdito
3171 2981 3186 3002 ,
3222 2943 3272 2992 id
3308 2937 3419 3003 est,
3451 2941 3730 2994 cotifracio.

2208 3008 2354 3072 QllOd
2401 3009 2520 3081 inde
2545 3013 2796 3081 coiitigit,
2824 3008 3058 3078 quoniam
3085 3011 3286 3074 audivi,
3319 3010 3370 3062 id
3405 3024 3508 3068 εει,
3543 3013 3729 3073 patir'no

2212 3088 2287 3130 tcr
2306 3080 2548 3146 sustinui,
2582 3080 2986 3149 vituperationem
3013 3082 3301 3139 multorum,
3329 3081 3377 3132 id
3408 3091 3508 3141 est,
3537 3082 3733 3135 Jndco-

2210 3161 2320 3200 runt
2343 3159 2395 3202 et
2420 3152 2686 3218 gentilium
2726 3152 2943 3204 militum
2972 3152 3388 3203 conimorantium
3432 3153 3482 3202 in
3513 3152 3731 3210 circuitu,

2210 3217 2259 3269 id
2291 3226 2391 3280 est,
2421 3217 2741 3288 diligentium
2790 3222 2957 3274 locum
2986 3231 3038 3274 et
3065 3231 3274 3288 gentem
3296 3260 3311 3280 ,
3343 3230 3396 3271 et
3425 3231 3611 3273 cetera
3639 3232 3732 3272 ter-

2209 3301 2355 3348 rena,
2379 3304 2495 3354 qua:
2520 3307 2568 3340 ιιι
2597 3302 2706 3341 rom
2738 3291 2982 3356 temporis
3004 3293 3351 3352 circumeunt,
3376 3293 3596 3352 scilice',
3620 3291 3730 3356 quia

2208 3357 2275 3408 de
2295 3371 2453 3410 cruce
2484 3375 2584 3410 non
2615 3359 2858 3412 descendi
2906 3376 3021 3414 cuin
3074 3362 3385 3414 insultantes
3432 3361 3555 3411 mihi
3597 3361 3703 3413 dice

2209 3435 2324 3478 rent
2349 3444 2359 3476 :
2390 3425 2528 3481 Vult!
2549 3430 2632 3494 qui
2651 3430 2860 3481 destruis
2885 3432 3115 3492 templum
3149 3432 3260 3495 Dei,
3285 3442 3328 3482 et
3360 3431 3410 3480 in
3434 3431 3598 3481 triduo
3617 3429 3733 3480 ξω

2209 3495 2516 3564 recedi/ictis;
2544 3510 2594 3552 et
2625 3517 2636 3551 :
2671 3499 2727 3552 Si
2757 3499 2920 3554 Filius
2959 3501 3048 3553 Dei
3083 3518 3152 3562 es,
3196 3501 3442 3551 descende
3478 3499 3540 3550 de
3579 3515 3726 3556 cruce,

2208 3574 2263 3617 et
2291 3565 2511 3628 similia;
2536 3579 2588 3622 et
2610 3569 2725 3621 ideo
2745 3583 3127 3623 comminantes
3154 3571 3205 3622 in
3233 3585 3297 3622 eo
3327 3569 3573 3626 circuitu.
3604 3573 3726 3620 ιλιι.

2209 3644 2453 3700 putantes
2485 3654 2566 3689 me
2592 3639 2898 3704 simpliciter
2927 3640 3211 3702 hominem,
3253 3641 3406 3690 simul
3428 3641 3726 3690 conreiiireiit

2209 3707 2383 3776 advers
2421 3723 2470 3758 in
2503 3723 2594 3773 me,
2631 3708 2876 3760 consiliiiti
2908 3721 3021 3760 sunt
3045 3711 3267 3776 accipere
3312 3712 3533 3760 animam
3565 3727 3728 3772 Mil,

2212 3772 2260 3844 id
2282 3786 2393 3844 est,
2423 3787 2477 3826 ut
2509 3791 2590 3829 ine
2624 3778 2996 3844 inteilicereut,
3025 3792 3076 3831 et
3107 3772 3295 3831 nomen
3326 3796 3500 3831 meum
3532 3795 3729 3843 prursiis

2210 3841 2465 3915 delerent.
2495 3845 2595 3898 Sed
2626 3862 2725 3898 non
2760 3841 3069 3914 potuerunt,
3101 3853 3216 3914 qua
3247 3866 3338 3914 ego
3366 3841 3561 3915 sps-ruri
3599 3850 3645 3898 in
3672 3861 3730 3904 te.

2215 3911 2440 3966 Doiiiiiie.
2480 3917 2568 3978 Et,
2599 3917 2705 3968 dixi
2731 3911 2927 3983 {Eripe
2956 3935 3029 3971 me
3056 3911 3130 3969 Vde
3165 3911 3401 3968 manibus
3435 3919 3732 3968 inimicorum

2208 3999 2429 4036 nieorum
2457 3984 2776 4052 Iudaeorum,
2806 3997 2852 4038 et
2875 4004 2904 4038 α
2929 3990 3330 4056 persequentibus
3372 4004 3448 4040 ine
3482 3989 3730 4053 gentibus.

2209 4056 2355 4116 Quod
2387 4057 2544 4109 debes
2571 4056 2758 4117 facere,
2781 4058 2908 4122 quia
2953 4074 3002 4110 es
3036 4057 3168 4109 Deus
3207 4074 3346 4110 meus
3388 4067 3441 4109 ct
3485 4073 3726 4109 meorum.

2215 4123 2270 4173 Et
2291 4136 2447 4177 sortes
2471 4141 2591 4177 mea:
2624 4136 2674 4177 et
2701 4140 2933 4178 nieorum
2958 4137 3079 4179 sunt
3115 4132 3164 4179 in
3204 4128 3432 4179 omnibus
3474 4127 3596 4188 tuis,
3629 4129 3729 4191 qui:

2213 4191 2341 4244 nihil
2376 4195 2630 4261 eligemus
2661 4195 2827 4257 nobis,
2862 4195 2958 4247 nisi
2991 4212 3103 4261 qua:
3133 4197 3195 4247 ad
3240 4212 3324 4248 me
3367 4197 3644 4260 pertinent.
3674 4194 3725 4246 Et

2211 4270 2266 4311 ut
2287 4262 2475 4328 eripias
2501 4278 2603 4326 me,
2628 4264 2828 4316 illustre
2848 4265 3023 4333 {aciem
3045 4276 3181 4316 tuam
3206 4281 3358 4332 super
3382 4279 3601 4332 me,_qm
3625 4267 3729 4314 nolo

2212 4344 2328 4384 esse
2370 4334 2578 4386 libertus
2611 4345 2752 4398 tuus,
2790 4338 2924 4387 sicut
2953 4334 3112 4386 Adam
3142 4337 3276 4397 luit,
3297 4335 3397 4386 sed.
3418 4350 3539 4386 sum
3569 4348 3730 4386 servus

2209 4410 2348 4466 tuus,
2377 4404 2424 4455 id
2459 4414 2559 4461 est.
2603 4405 2668 4456 ita
2708 4406 2934 4457 clariliea
2965 4419 3048 4456 me
3071 4407 3449 4457 resurrectione
3485 4415 3539 4457 et
3564 4417 3722 4456 δρεειι-

2204 4473 2369 4536 sione,
2396 4484 2447 4524 ut
2472 4473 2687 4527 evidens
2708 4475 2775 4527 sit
2803 4490 2886 4526 me
2913 4475 2976 4526 ad
3005 4484 3054 4527 te
3075 4477 3351 4541 pertinere.
3378 4478 3439 4525 tt
3461 4477 3642 4524 εαιυιιιι
3663 4490 3726 4523 me

2205 4544 2303 4607 fac,
2322 4543 2368 4593 id
2385 4552 2483 4607 est,
2500 4559 2642 4595 meos
2663 4557 2997 4610 perseverare
3019 4558 3120 4597 non
3151 4545 3200 4598 iii
3227 4561 3318 4596 sua
3345 4545 3564 4610 iustitia,
3581 4544 3662 4593 Sed
3683 4558 3724 4592 in

2206 4620 2290 4661 tua
2313 4609 2672 4676 misericordia,
2693 4628 2757 4664 ne
2782 4615 3166 4668 confundantur
3186 4625 3382 4666 aeterna
3410 4609 3718 4665 confusione.

2208 4681 2270 4731 Et
2295 4679 2680 4752 deliesfacere,
2710 4682 2954 4749 quoniam
2983 4683 3081 4752 ipsi
3110 4686 3486 4738 invocaverunt
3513 4691 3562 4733 te
3589 4681 3634 4733 in
3656 4695 3722 4736 se.

2208 4749 2495 4823 nonaliud.
2537 4753 2588 4802 lti
2627 4752 2813 4815 quibus
2839 4756 2957 4820 quia
3001 4749 3099 4820 ego
3122 4768 3269 4812 sum,
3299 4766 3399 4818 ego
3433 4752 3721 4823 innocente,

2205 4818 2345 4885 impii
2374 4828 2542 4872 autem
2571 4823 2658 4887 qui
2692 4831 2740 4876 te
2771 4818 2928 4876 Deum
2969 4818 3120 4874 suum
3163 4836 3264 4874 non
3316 4823 3532 4882 iaciunt,
3576 4818 3722 4870 Judaei

2207 4889 2405 4939 scilicet
2453 4904 2820 4958 persequentes
2864 4905 2967 4952 me,
3016 4891 3302 4943 erubescant
3339 4903 3535 4943 :eterna
3564 4887 3722 4958 conlu-

2206 4958 2370 5028 sione,
2397 4971 2443 5028 et
2481 4961 2530 5011 in
2560 4955 2800 5027 priuseut-
2831 4960 3140 5012 deducantur
3169 4961 3220 5012 in
3248 4960 3523 5028 infernum.
3557 4967 3607 5028 et
3640 4955 3720 5028 do-

2206 5024 2312 5078 losa
2356 5027 2486 5079 labia
2515 5024 2692 5082 eurum
2725 5033 2933 5088 tandem
2973 5032 3093 5094 ﬁant
3134 5024 3455 5094 mutanua:
3484 5024 3719 5100 modo}?

2203 5107 2422 5172 quatitur
2461 5101 2767 5172 iniquitatem
2813 5101 3042 5172 adversus
3084 5101 3464 5172 mejustuittjn
3491 5097 3721 5172 ηραδέξ»

2204 5181 2321 5218 ειιιιι
2359 5158 2583 5221 όιειιιιι’;
2628 5169 2743 5220 Non
2792 5168 3026 5220 habemus
3063 5158 3225 5237 regem
3257 5171 3354 5220 nisi
3381 5158 3638 5237 Umorem.
3667 5158 3719 5212 Et

2204 5237 2254 5287 in
2299 5237 2534 5291 abusione
2581 5254 2777 5302 rerum,
2827 5243 2944 5304 quia
2999 5233 3197 5292 inaltiut
3243 5242 3468 5290 retinere
3493 5233 3653 5286 locum
3675 5245 3720 5284 et

2205 5316 2448 5373 gentem,
2499 5324 2651 5374 quam
2701 5307 3069 5360 innocentiam.
3121 5307 3233 5362 Non
3292 5321 3415 5356 varo
3469 5305 3722 5356 attendunt

2205 5385 2396 5442 quanta
2436 5376 2502 5427 sit
2538 5379 2805 5429 multitudo
2834 5377 3110 5431 dulcedinis
3150 5388 3249 5431 tua
3297 5389 3384 5440 per
3429 5389 3510 5425 me
3549 5375 3719 5424 mundo

2206 5445 2475 5512 promissa:
2497 5458 2544 5497 et
2573 5447 2918 5499 ειιιιιειειιιιεε.
2948 5515 2978 5521 _‘
3132 5515 3160 5521 _
3354 5511 3364 5521 _

2277 5516 2440 5574 Quum
2467 5517 2785 5576 abscondisti,
2809 5527 2860 5568 et
2889 5515 3106 5581 reliqua.
3130 5512 3396 5568 Sententia
3425 5514 3478 5563 ιιι
3509 5512 3585 5564 his
3611 5524 3715 5570 qua.

2207 5590 2323 5652 titur
2369 5587 2600 5638 versibus
2641 5590 2823 5642 eadem
2875 5594 3070 5648 manet,
3116 5600 3228 5652 qua:
3279 5596 3332 5638 et
3376 5581 3429 5634 in
3478 5593 3706 5648 superiori

2206 5649 2441 5704 lcetionc.

3861 2514 3863 2633 ι

3861 2900 3863 3043 l

3861 3282 3863 3435 ι
