3912 6230
162 419 267 476 ΕΜ

831 415 895 470 IN
935 413 1341 471 PSALSIOIIUII
1387 413 1634 471 LIBRUM
1677 412 2020 470 EXEGESIS.
2067 441 2138 455 —
2174 412 2412 469 PSALII.
2456 413 2638 468 XXXI.

3250 412 3353 472 642

245 528 546 582 Benedictus
579 523 840 578 Dominus.
870 521 944 576 Ex
961 526 1202 593 omnibus
1232 523 1586 587 superioribus
1612 524 1718 575 sic-
1750 529 1792 584 Λ
1825 523 2106 593 telligcntia
2129 531 2229 576 est.
2259 524 2420 577 Nemo
2450 533 2724 593 praesumit
2751 525 2813 577 ad
2839 526 3156 592 regnandum
3180 526 3244 582 de
3263 543 3357 582 sua

164 607 230 650 ut
261 601 407 664 prius
429 597 551 649 dicit
579 593 873 646 Benedictus
904 594 971 646 sit
999 592 1264 664 Dominus.
1316 595 1375 646 Et
1395 594 1513 664 quia
1537 608 1717 657 Sparse

163 661 316 721 dicta
349 676 498 728 sunt,
532 664 758 718 breviter
800 677 859 713 ea
889 663 1178 727 recolligit,
1209 663 1387 714 dicens
1419 679 1430 713 :
1466 661 1718 724 Quoniam

166 751 271 804 per
298 737 566 802 apostolos
593 747 713 787 suos
753 731 1033 804 iniri/icauit
1073 746 1279 804 omnem
1325 732 1718 804 misericordiam

167 800 344 859 suam
372 821 462 870 per
508 820 589 857 tne
624 801 815 854 uiuudo
853 800 1158 866 exbibitam,
1214 802 1261 854 id
1309 810 1414 864 est,
1465 803 1612 864 meis,
1667 801 1718 852 in

167 875 382 927 civitate
412 876 623 936 munita,
653 872 787 926 sicut
814 874 976 937 prius.

253 943 366 1013 Ego
387 959 568 997 autem.
601 942 845 1013 Domitius
872 939 1079 1005 quidem
1115 939 1717 1013 ntiriﬁcavit_miscricor-

172 1008 324 1070 diam
369 1029 532 1068 suam.
587 1012 652 1065 Ut
699 1012 808 1062 bzec
848 1018 1022 1061 autem
1069 1008 1360 1060 mirilicatio
1404 1009 1582 1064 litaret.
1616 1009 1744 1058 αἰεὶ·

174 1102 274 1153 ego
305 1086 356 1137 in
395 1083 650 1136 evidentia
691 1081 807 1153 re_i_:
841 1079 1083 1153 Domine,
1115 1081 1502 1153 proiectussum
1542 1095 1571 1128 a
1600 1079 1720 1142 {avie

177 1147 446 1206 oculorum
477 1163 701 1204 tuorum.
735 1147 799 1199 Ut
827 1147 945 1214 quid
976 1162 1051 1198 me
1092 1148 1432 1212 dereliquisti."
1455 1150 1608 1210 Quasi
1639 1148 1721 1199 di-

176 1235 270 1274 cat
305 1242 316 1274 :
349 1223 402 1276 In
435 1231 633 1274 tantum
668 1233 751 1272 me
791 1217 1078 1278 Itumiliavi,
1108 1225 1160 1268 et
1200 1217 1357 1282 allligi
1395 1218 1623 1278 permisi,
1670 1226 1723 1267 ut

179 1293 396 1344 viderer
437 1292 676 1357 indignus
719 1301 877 1357 quam
905 1293 978 1357 tu,
1004 1287 1290 1357 respiceres
1312 1285 1460 1357 :rdixi
1488 1285 1606 1348 hoc,
1642 1289 1721 1336 iu-

180 1377 369 1427 quam,
399 1363 451 1412 in
489 1354 689 1412 excessu
732 1356 926 1416 mentis,
969 1354 1018 1406 id
1069 1363 1168 1415 est,
1200 1356 1344 1421 quasi
1391 1360 1584 1407 ecstasi
1621 1371 1723 1427 pr.e

186 1425 385 1497 pavore
413 1428 593 1482 mortis
619 1429 836 1494 positus,
861 1439 1010 1497 quem
1038 1438 1279 1497 pavlirem
1299 1438 1404 1497 non
1436 1439 1496 1497 es
1520 1439 1596 1485 se,
1631 1425 1722 1476 sed

180 1493 249 1552 es
303 1511 480 1553 nostra
529 1493 682 1559 quam
736 1495 990 1560 portabat,
1048 1493 1258 1560 pel'lttIIl
1298 1493 1594 1545 inﬁrmitate
1664 1494 1727 1544 Et

182 1569 306 1630 quia
358 1583 482 1635 ergo
513 1581 592 1619 me
646 1567 693 1616 in
730 1573 924 1635 tantum
966 1562 1250 1635 buntiliavi,
1300 1562 1413 1635 ideo
1454 1561 1723 1635 ertmdisti,

185 1630 442 1699 Domine:
490 1651 651 1686 vocem
695 1631 930 1684 orationis
982 1632 1214 1682 meanid
1261 1640 1340 1682 est
1385 1630 1724 1683 intentionem

181 1711 368 1758 cordis
401 1707 521 1766 mei,
557 1706 671 1756 dunt
702 1703 965 1754 clamarem
993 1700 1058 1750 ad
1087 1708 1132 1752 te
1161 1715 1253 1764 pro
1284 1701 1430 1752 meis.
1461 1701 1518 1751 lit
1552 1711 1608 1751 ιιι
1636 1716 1728 1752 vos

182 1776 433 1828 exaud-at
453 1815 468 1837 ,
501 1775 693 1839 diligite
727 1773 993 1822 Dominum
1013 1809 1028 1833 ,
1059 1771 1220 1839 et_sic
1246 1768 1466 1821 claritate
1495 1770 1557 1820 ad
1581 1784 1722 1831 eum,

1817 590 2039 658 justitia.
2070 605 2226 646 nemo
2249 593 2403 646 etiam
2435 590 2713 657 pra-sumat
2741 596 2804 646 ad
2838 590 3156 658 peccandum
3184 598 3248 650 de
3277 600 3356 650 di-

1824 662 1939 714 vina
1971 663 2356 732 misericordia;
2389 663 2479 716 sed
2511 665 2731 730 quisque
2759 665 3044 716 secundum
3075 667 3209 732 quod
3250 667 3347 719 sibi

1820 731 2057 783 conscius
2087 730 2244 783 fuerit
2271 740 2359 784 aut
2387 732 2559 786 doleat
2597 733 2952 796 corrigendns,
3002 730 3105 787 aut“
3133 736 3358 800 gaudeat

1822 801 2206 866 approbandus.
2256 801 2309 852 Si
2356 816 2412 852 se
2451 803 2690 854 deviasse
2744 803 3018 864 invenerit,
3069 805 3245 856 redeat
3299 814 3353 856 ut

1821 870 2051 939 ambulet
2081 869 2132 921 in
2169 870 2268 919 via.
2298 868 2354 922 Si
2384 871 2433 921 in
2465 873 2544 923 via
2571 881 2690 932 stat,
2717 873 2950 924 ambulet
2978 880 3034 924 ut
3063 876 3352 939 perveniat,

1821 948 1872 990 et
1906 937 1972 990 ita
2004 954 2158 991 nemo
2188 941 2450 1004 superbiat
2472 950 2618 992 extra
2653 941 2808 994 viam.
2843 940 3024 993 Nullus
3050 937 3115 995 sit
3137 942 3282 1008 piger
3303 944 3353 994 in

1824 1008 1923 1059 via.
1959 1009 2127 1060 Prima
2160 1019 2332 1060 autem
2363 1009 2697 1074 intelligentia
2721 1020 2821 1072 est,
2857 1023 2908 1061 ut
2935 1011 3141 1062 noveris
3165 1022 3212 1062 te
3232 1026 3354 1064 esse

1826 1087 2193 1141 peccatorem;
2249 1092 2574 1145 consequens
2621 1094 2742 1130 vero
2792 1078 2946 1146 hujus
2998 1079 3356 1139 intelligentia:

1823 1154 1922 1206 est,
1953 1154 2008 1197 ut
2031 1161 2148 1216 cum
2173 1145 2220 1197 iu
2248 1148 2346 1198 lide
2368 1149 2503 1216 bene
2529 1147 2747 1202 coeperis
2775 1145 2978 1216 operari
3009 1164 3099 1211 per
3120 1151 3358 1203 dilectio.

1825 1230 1966 1276 nem,
1993 1231 2058 1268 ne
2085 1215 2182 1287 hoc
2211 1214 2409 1269 meritis
2436 1216 2537 1269 tuis
2568 1214 2820 1276 ascribas,
2846 1219 2935 1269 sed
2965 1216 3152 1272 divinae
3173 1220 3356 1287 gratim

1825 1287 2098 1337 attribuas.
2128 1286 2188 1335 Et
2211 1287 2283 1337 sic
2307 1299 2405 1336 non
2429 1287 2526 1339 erit
2546 1287 2694 1336 dolo:
2728 1291 2872 1351 inte,
2903 1296 2959 1338 ut
2984 1287 3122 1338 aliud
3155 1286 3354 1340 habens

1827 1356 1876 1424 in
1907 1355 2082 1416 corde,
2124 1353 2260 1406 aliud
2290 1353 2340 1406 in
2367 1370 2480 1415 ore,
2521 1353 2662 1424 sicut
2691 1356 2740 1407 in
2771 1355 2876 1406 illis
2923 1371 3054 1424 quos
3104 1357 3354 1408 Dominus

1828 1423 1878 1474 in
1936 1423 2219 1488 Evangelia
2263 1424 2456 1475 similes
2501 1423 2754 1476 dealbatis
2805 1426 3155 1478 monumentis
3206 1425 3352 1488 dicit,

1827 1492 1947 1556 quia
1975 1493 2302 1545 extrinsecus
2332 1492 2623 1544 hominibus
2644 1504 2895 1558 apparent
2921 1495 3064 1560 justi,
3099 1496 3237 1546 intus
3266 1511 3360 1546 an-

1829 1567 1934 1614 tem
1963 1563 2098 1628 pleni
2128 1573 2247 1613 aunt
2274 1562 2396 1626 dqlo
2425 1571 2477 1613 et
2505 1561 2792 1627 iniquitate.
2824 1562 2953 1616 Veie
2974 1567 3110 1616 enim
3141 1564 3358 1616 dolosns

1831 1640 1932 1692 est,
1961 1631 2070 1694 qui,
2102 1645 2218 1682 cuiu
2243 1630 2304 1682 sit
2329 1631 2554 1698 iniquus,
2590 1630 2861 1694 praetendit
2893 1651 2944 1680 st!
2969 1636 3158 1696 justum
3182 1633 3364 1685 delen—

1829 1698 2002 1749 dendo
2033 1699 2354 1761 iniquitatem
2382 1697 2548 1751 suam.
2583 1697 2642 1750 Et
2663 1699 2777 1765 quia
2803 1711 2964 1752 totum
2990 1717 3079 1764 per
3100 1704 3234 1766 quod
3258 1703 3362 1754 sztl-

1831 1781 2012 1819 vamur
2033 1768 2130 1828 soli
2155 1769 2334 1831 gratia:
2352 1778 2432 1820 est
2453 1770 2838 1827 ascribendum,
2865 1785 2965 1821 non
2993 1770 3060 1821 illi
3083 1780 3206 1822 sunt
3227 1771 3360 1823 beati

183 1861 359 1896 omnes
389 1845 553 1916 sancti
584 1837 710 1916 eius,
748 1852 803 1916 et
839 1840 1056 1916 reliqua.
1092 1837 1184 1890 IIic
1221 1853 1430 1906 quoque
1463 1839 1526 1890 ad
1570 1839 1726 1892 linem
1765 1858 1812 1916 Β
1839 1837 1888 1889 in
1911 1838 2103 1916 quibus
2133 1837 2380 1916 Doluinus
2412 1847 2621 1902 peccata
2653 1853 2754 1888 non
2789 1839 3002 1891 invenit.
3042 1841 3091 1890 In
3122 1841 3366 1893 omoibns

181 1913 453 1968 sententia
480 1911 666 1981 prioris
693 1910 928 1962 lectionis
961 1923 1061 1959 non
1096 1917 1345 1958 mutatur.

632 1997 697 2052 IN
739 1995 1052 2051 PSALMUII
1095 1994 1187 2048 XX
1200 1994 1284 2048 XI.

646 2087 747 2155 Ipsi
782 2085 940 2138 David
975 2083 1284 2136 intellectus.

786 2188 1160 2230 ARGUIENT-UII.

262 2249 446 2304 Oratio
477 2244 734 2308 Ezechiae,
766 2245 886 2314 quia
915 2246 966 2299 in
1008 2245 1310 2314 languorem
1339 2239 1740 2314 obstiperbiam

193 2318 482 2378 inciderit;
516 2312 857 2370 convenibet
906 2313 1111 2368 caeteris
1152 2315 1348 2365 sanctis
1395 2312 1561 2364 simili
1606 2321 1742 2364 statu

189 2388 526 2459 degentibus.

803 2465 1145 2506 εχηΑθῖΑτιο.

275 2525 376 2579 Hic
405 2541 516 2578 cum
544 2523 839 2592 poenitentia:
870 2523 1086 2587 psalmus
1111 2518 1396 2592 sit.‘primo
1435 2516 1598 2592 David
1644 2535 1746 2592 tne-7

199 2598 346 2648 minit
373 2589 577 2663 propter
607 2593 775 2663 titulos
807 2589 1375 2663 DominumgChristunt,
1405 2590 1644 2663 grauiam
1677 2590 1743 2640 ad

195 2659 382 2731 ipsutn'
411 2659 611 2727 respicit
678 2662 916 2732 quidquid
964 2661 1211 2732 ιιιιξηὶιυηεΔ
1249 2659 1339 2732 iste
1368 2659 1602 2732 dicturus
1649 2667 1742 2711 est.

197 2724 394 2788 Deinde
415 2724 700 2785 intellectus
723 2724 832 2783 ideo
858 2731 1100 2798 sequitur,
1129 2730 1245 2794 quia
1289 2724 1476 2798 tiullus
1492 2739 1742 2794 peccatum

196 2806 298 2857 nisi
332 2804 417 2868 qui
460 2801 775 2863 intellexerit,
815 2797 1340 2868 plangitgimeritoque
1367 2797 1588 2863 psalmus
1631 2798 1746 2850 talis

199 2883 278 2926 est
308 2867 630 2936 inscriptione
657 2867 975 2937 pratnotatus.
1014 2867 1107 2920 Ubi
1149 2883 1200 2919 se
1230 2869 1580 2930 deterioratum
1625 2881 1743 2930 pec-

199 2953 345 2994 cator
387 2941 582 2992 tardius
624 2937 886 2998 intellexit,
928 2939 1044 3004 quia
1093 2945 1293 3000 peceala
1334 2949 1444 3000 qua:
1487 2937 1746 2998 confestim

202 3011 352 3080 prodi
397 3006 912 3080 debuerantADomino
941 3022 991 3080 se
1021 3005 1205 3080 diutius
1243 3005 1742 3080 tacuisse_con/'ess_tts

204 3072 283 3133 est
307 3119 320 3139 .
360 3080 566 3132 audiens
590 3093 621 3128 α
651 3077 864 3129 Domino
888 3092 904 3128 :
929 3073 1238 3127 Intellectum
1278 3073 1405 3123 dabo
1435 3072 1519 3123 tibi
1537 3113 1551 3136 ,
1581 3083 1627 3123 et
1661 3072 1743 3123 in-

204 3161 401 3201 struant
428 3159 492 3200 te.
526 3145 590 3199 In
627 3147 790 3216 prima
819 3155 956 3215 parte
997 3143 1175 3213 psalmi
1217 3142 1455 3206 pwnitens
1502 3143 1741 3208 loquitur,

206 3231 464 3284 peccatum
485 3232 628 3268 suum
657 3216 901 3268 evidenter
925 3229 1217 3285 αθιιοεεειιε,
1239 3226 1434 3285 ptsnam
1460 3225 1618 3285 suam
1644 3227 1744 3262 nte-

205 3282 306 3340 rito
351 3287 672 3339 districtionis
723 3282 972 3337 indicens:
1011 3283 1254 3346 Quoniam
1315 3282 1465 3330 noxia
1521 3282 1745 3347 facinora

203 3358 419 3409 credidit
450 3354 724 3408 occulenda
745 3394 757 3413 ,
783 3355 862 3406 ubi
887 3354 1095 3406 breviter
1124 3349 1426 3416 principium
1453 3358 1498 3401 et
1527 3351 1748 3401 narratio

207 3427 512 3478 cantinetur.
538 3422 602 3474 In
634 3425 857 3476 secunda
893 3433 1032 3492 parte
1062 3423 1168 3474 sola
1208 3421 1449 3492 correctio
1485 3426 1581 3492 est.
1615 3418 1750 3492 Nam

210 3511 325 3546 cum
353 3511 404 3545 se
431 3494 636 3560 prapria
663 3485 969 3560 confessione
992 3495 1217 3541 damnavi
1235 3490 1318 3548 rit,
1345 3503 1374 3537 a
1399 3485 1636 3560 Domino
1657 3489 1751 3540 sibi

211 3557 556 3614 crediditesse
576 3557 895 3629 parcendum.
922 3560 1087 3611 Tertia
1114 3567 1250 3621 parte
1279 3557 1598 3629 paenitudinis
1622 3558 1752 3629 bona

210 3623 588 3692 commendans,
613 3632 766 3682 etiam
804 3640 998 3681 sanctos
1029 3628 1079 3679 in
1122 3629 1212 3677 hoc
1240 3626 1423 3675 mundo
1443 3627 1616 3675 asserit
1649 3623 1755 3676 Do-

214 3704 354 3754 mino
388 3702 686 3767 supplicare,
723 3702 771 3750 in
803 3713 898 3763 quo
920 3698 1013 3749 sibi
1046 3696 1222 3748 merito
1248 3701 1457 3746 testatur
1486 3708 1586 3767 esse
1613 3698 1754 3760 refu—

215 3774 376 3839 gium.
404 3765 592 3833 Quarta
625 3765 866 3820 Dominus
892 3769 957 3818 ad
985 3769 1100 3839 ejus
1117 3769 1262 3839 verba
1285 3765 1604 3839 respondens,
1634 3779 1749 3839 spe-

214 3833 384 3891 rantes
423 3844 474 3890 in
503 3854 553 3890 se
588 3839 896 3888 circumdare
932 3833 1272 3887 misericordia
1312 3833 1591 3898 pollicetur.
1637 3837 1759 3896 Quae

215 3922 428 3972 quatuor
472 3917 636 3976 partes
679 3908 950 3976 interjectis
992 3901 1404 3976 diapsalmatibus
1447 3901 1757 3976 dividuntur,

217 3971 317 4030 nisi
338 3971 481 4044 quas
501 3978 550 4028 in
573 3971 958 4028 diuinattanibus
987 3973 1122 4038 sequi
1153 3978 1342 4023 constat
1371 3985 1476 4021 esse
1496 3971 1756 4036 propasiti.

783 4076 1194 4120 COIIMENTARIUS.

294 4134 438 4187 Beati
467 4150 674 4200 quorum
704 4138 920 4188 remissa:
947 4141 1060 4184 sunt
1089 4129 1390 4200 iniquitates.
1411 4126 1761 4200 Commenda-

230 4216 319 4256 tur
370 4197 518 4255 nobis
566 4208 795 4269 psalmus
838 4203 1026 4254 divina:
1071 4197 1250 4267 gratia).
1288 4208 1340 4250 et
1371 4197 1761 4264 justilicationis

225 4284 422 4326 nostrae
448 4275 607 4326 nullis
637 4274 830 4326 nostris
856 4271 1052 4324 meritis
1083 4270 1519 4337 praecedentibus,
1550 4269 1640 4337 sed
1670 4281 1759 4318 so-

230 4346 277 4396 la
308 4343 470 4410 gratia
502 4343 869 4410 praeveniente.
914 4333 1298 4406 Cujus-titulus
1341 4347 1419 4410 est
1470 4333 1763 4410 Intellectus

229 4405 421 4474 Dauid,
458 4405 556 4463 non
583 4413 718 4480 quod
741 4424 791 4466 et
811 4411 895 4464 alii
918 4405 1238 4462 intellectum
1268 4422 1367 4458 non
1399 4405 1759 4480 liabeaut,sed

230 4483 351 4549 quia
385 4483 480 4533 iste
511 4475 824 4548 praecipuum
879 4480 1178 4549 specialiter
1219 4479 1492 4549 quemdam
1517 4475 1758 4549 _intell_e-

227 4541 371 4602 ctum
405 4541 629 4603 maxime
656 4541 894 4602 omnibus
912 4541 1268 4600 'uei'essarium
1300 4548 1482 4610 aperit.
1517 4541 1746 4604 Instruit,

230 4619 496 4678 videlicet,
524 4628 577 4669 ut
603 4635 754 4671 nemo
787 4619 862 4669 vel
894 4617 1180 4667 liberta‘em
1212 4613 1428 4670 arbitrii,
1462 4612 1542 4662 vel
1570 4620 1748 4661 merita

229 4701 348 4748 sua,
395 4686 632 4739 sufﬁcere
661 4688 757 4739 sibi
788 4686 850 4737 ad
889 4682 1467 4746 beatudinetn’credat,
1511 4682 1600 4730 sed
1639 4679 1750 4728 sola

232 4755 403 4822 gratia
434 4756 518 4805 Uei
548 4770 603 4806 se
655 4755 842 4806 salvari
894 4767 1046 4820 posse
1092 4749 1385 4822 intelligat._
1430 4751 1490 4800 Et
1528 4751 1597 4798 ait
1639 4762 1754 4811 pro-

236 4819 394 4891 pheta
428 4823 478 4874 in
510 4823 605 4875 boc
634 4826 833 4888 psalmo
862 4819 1037 4891 contra
1071 4821 1308 4891 populum
1335 4819 1480 4868 tllttm
1509 4829 1755 4881 arrogan-

235 4890 342 4945 tem
361 4892 594 4958 superba:
614 4893 850 4957 cervicis,
876 4890 1220 4958 quijustitiatu
1244 4902 1386 4938 suam
1409 4894 1636 4958 statuere
1663 4899 1756 4958 vo-

239 4962 356 5024 luit,
383 4954 598 5027 justitite
633 4954 807 5014 autem
851 4954 940 5012 Dei
974 4954 1212 5027 subditus
1240 4971 1357 5027 esse
1403 4954 1586 5027 noluit.
1636 4956 1756 5027 quia

240 5023 424 5096 perse
455 5029 642 5084 salvari
692 5044 845 5099 posse
890 5026 1129 5099 credidit,
1161 5025 1360 5099 et_ideo
1402 5025 1618 5099 gratiam
1671 5023 1759 5099 Dei

239 5091 573 5163 contempsit.
605 5091 728 5164 Qui:
755 5113 875 5151 vere
902 5093 1268 5163 dicitur-gratia
1289 5091 1441 5157 gratis
1471 5094 1609 5152 data,
1640 5091 1759 5157 quia

245 5184 352 5221 non
385 5181 500 5218 eant
527 5169 871 5233 praecedentia
893 5165 1163 5220 coitlerunt
1192 5164 1421 5233 merita,
1447 5170 1762 5233 quapropter

243 5245 391 5291 recte
420 5230 652 5288 Paul—mus
683 5239 778 5289 iste
813 5236 1087 5289 intellectus
1130 5234 1290 5285 Dauid
1333 5231 1641 5283 intitulalur.
1695 5230 1766 5282 De

247 5310 347 5360 boc
374 5305 634 5358 iutcllecm
664 5307 792 5358 d.cit
825 5307 1006 5357 beatus
1036 5303 1355 5369 Augustinus
1387 5318 1398 5352 :
1433 5317 1453 5349 ι
1499 5299 1767 5352 Mauil'este

249 5373 722 5444 plaueinteilcctus
750 5383 848 5426 est.
881 5373 1044 5444 Nemo
1066 5370 1229 5444 jactet
1255 5383 1409 5444 opera
1437 5383 1527 5421 sua
1555 5378 1676 5444 ante
1699 5369 1766 5444 qli-

247 5437 393 5498 dein.
423 5442 586 5497 Nemo
615 5445 682 5494 sit
708 5443 851 5509 piger
881 5442 930 5492 iu
951 5437 1105 5493 bonis
1133 5439 1374 5502 operibus
1403 5447 1610 5509 accepta
1634 5437 1767 5509 Alide,

250 5515 374 5578 quia
401 5513 511 5565 sola
540 5505 831 5580 gratia'boc
859 5510 1000 5572 facit,
1027 5519 1078 5580 ut
1113 5509 1247 5562 Deus
1278 5522 1376 5559 non
1408 5507 1585 5580 reddat
1616 5505 1763 5580 debi-

254 5576 358 5634 is...
407 5576 638 5646 pinnam,
668 5582 756 5634 sed
783 5579 944 5632 donet
992 5579 1289 5646 indebitami
1325 5576 1561 5643 gratiam.
1618 5577 1778 5625 Debet

253 5645 558 5710 vindictam,
587 5660 641 5702 et
667 5653 824 5702 donat
852 5646 1240 5714 indulgentiam.
1276 5645 1490 5710 Incipite
1517 5658 1639 5710 ergo
1659 5657 1777 5714 esse

257 5720 310 5772 in
339 5722 440 5770 ﬁde
465 5733 555 5784 per
581 5719 977 5788 indulgentiam.
1002 5711 1028 5764 3
1061 5713 1259 5788 Ilursus
1288 5722 1342 5765 ιιι
1373 5715 1486 5778 plus
1514 5714 1677 5788 addat
1703 5711 1781 5788 .do

259 5779 766 5858 codcm'iulellectti,
795 5787 942 5858 dicit,
968 5784 1257 5842 intellectus
1289 5796 1410 5838 vero
1449 5782 1526 5836 vel
1570 5784 1678 5848 ipsa
1702 5779 1780 5835 in-

1839 1907 1978 1976 enim
2011 1907 2219 1976 invenit,
2248 1906 2371 1976 quia
2398 1922 2565 1957 omnes
2588 1917 2926 1969 peccaverunt.
2956 1918 3000 1959 et
3030 1924 3198 1960 omnes
3224 1917 3367 1976 egent

1838 1975 2001 2042 gloria
2026 1973 2134 2026 Dei.
2163 1976 2215 2028 Si
2246 1974 2318 2027 illi
2344 1989 2470 2028 vero
2507 1977 2603 2026 soli
2648 1985 2768 2028 sunt
2806 1976 2964 2036 beati,
3005 1992 3222 2043 quorum
3254 1973 3282 2028 ἰ
3326 1978 3370 2029 i-

1839 2044 2064 2110 quitates
2093 2052 2215 2114 ante
2253 2047 2474 2114 gratiam
2503 2046 2717 2114 intonsa
2762 2047 3160 2110 superveniente
3203 2051 3368 2114 gratia

1839 2123 1961 2164 sont
2009 2113 2261 2175 remisue,
2292 2113 2339 2164 id
2368 2123 2470 2177 est,
2515 2113 2746 2175 indultae,
2777 2122 2831 2165 et
2858 2129 3130 2180 possumus
3166 2113 3252 2168 hic
3290 2118 3370 2168 di-

1839 2191 1962 2250 cere
2018 2182 2314 2248 iniquitates
2353 2191 2404 2234 et
2447 2181 2718 2250 originalis
2763 2192 2817 2235 et
2862 2185 3082 2236 actualia
3135 2196 3366 2250 peccata,

1837 2248 1982 2321 juxta
2011 2251 2414 2321 quo.I_sequitur
2445 2266 2458 2301 :
2514 2248 2578 2303 Et
2597 2266 2812 2321 quorum
2841 2260 2965 2303 tecta
2995 2263 3109 2303 sunt
3138 2248 3368 2321 peccata.

1842 2320 1945 2390 erit
1973 2319 2212 2390 repetitio
2258 2335 2363 2390 non
2402 2333 2466 2371 ex
2493 2320 2822 2390 necessitate
2855 2319 3263 2381 narrantis,'sed
3315 2334 3371 2374 ut

1841 2387 1907 2441 ex
1918 2390 2145 2453 pressius
2170 2387 2415 2441 Ecclesia:
2435 2389 2729 2454 iniquitates
2753 2391 2984 2441 remissa:
3006 2390 3366 2443 Ostenduntur.

1847 2456 1936 2509 Vel
1968 2459 2010 2510 si
2041 2458 2278 2527 volumus
2307 2457 2675 2522 diversdicare,
2709 2457 3026 2524 accipiemus
3057 2474 3150 2524 per
3176 2460 3374 2527 iniqui-

1845 2535 1981 2579 tates
2009 2526 2302 2596 originalia,
2335 2542 2426 2591 per
2457 2538 2664 2594 peccata
2696 2541 2818 2580 vero
2857 2528 3100 2589 actualia,
3145 2526 3274 2596 qua:
3307 2545 3370 2581 ex

1845 2597 2049 2663 pr0pria
2108 2596 2521 2663 transgressione
2568 2596 2718 2648 nobis
2768 2597 2959 2658 insont,
2999 2611 3048 2649 et
3085 2599 3369 2650 secundum

1846 2661 1946 2715 hoc
1971 2661 2276 2728 simpliciter
2296 2663 2517 2717 dicetur.
2553 2663 2625 2716 Illi
2655 2679 2782 2716 vero
2830 2676 2953 2717 sunt
2994 2664 3120 2717 beati
3164 2683 3372 2732 quorum

1841 2733 2122 2796 iniquitates
2148 2735 2197 2784 in
2227 2733 2563 2801 originalibus
2588 2743 2703 2784 sunt
2731 2750 2965 2794 remissis,
2999 2733 3044 2784 i-l
3073 2745 3174 2800 est,
3207 2735 3376 2788 indul-

1848 2811 1951 2864 tie;
1979 2811 2032 2854 et
2057 2816 2278 2869 quorum
2327 2814 2531 2867 peccata
2582 2804 2802 2855 actualia
2846 2813 2969 2856 sunt
3010 2814 3161 2860 tecta.
3197 2805 3246 2856 id
3273 2816 3373 2868 est,

1847 2871 2038 2924 abolita
2065 2887 2155 2937 per
2183 2874 2422 2940 gratiam.
2452 2873 2607 2937 'I‘egit
2650 2872 2781 2924 Deus
2829 2883 3056 2938 peccata.
3106 2873 3223 2936 quia
3273 2888 3373 2927 non

1846 2941 1959 2994 vult
2009 2944 2210 3005 punire.
2252 2942 2364 2992 Non
2409 2943 2516 2992 vult
2544 2954 2604 2993 ea
2633 2955 2970 3008 COSIIOxCCI‘C,
3019 2942 3135 3007 quia
3181 2943 3378 2994 mavult

1846 3010 2137 3084 ignoscere.
2170 3012 2230 3059 Iit
2257 3011 2379 3088 ideo
2402 3017 2528 3061 tecta
2555 3021 2917 3088 suntpeccatn.
2949 3011 3105 3088 Tecta
3146 3011 3379 3088 quidem,

1852 3095 1952 3131 non
1985 3087 2037 3128 ut
2065 3078 2259 3140 vivant,
2291 3078 2380 3130 sed
2413 3089 2467 3131 ut
2517 3093 2618 3130 non
2651 3079 2940 3132 vidi-antur.
2992 3078 3191 3131 Avertit
3236 3080 3373 3134 enim

1851 3147 1988 3201 Deus
2017 3146 2200 3200 faciem
2227 3162 2372 3199 suam
2400 3162 2428 3198 a
2459 3148 2699 3213 peccatis.
2727 3163 2826 3200 non
2852 3159 2906 3201 ut
2924 3149 2984 3200 ad
3011 3165 3103 3200 nos
3125 3162 3238 3202 eam
3264 3165 3378 3204 ver-

1852 3227 1946 3270 tat.
1978 3216 2102 3269 Iletn
2132 3227 2259 3268 tecta
2289 3227 2402 3267 sunt
2434 3229 2653 3282 peccata,
2705 3233 2804 3269 non
2835 3228 2887 3269 ut
2918 3218 3233 3282 nesciantur,
3285 3221 3374 3273 sed

1850 3301 1950 3337 n0u
1985 3288 2318 3351 iinputenlur.
2350 3286 2497 3350 Quod
2524 3289 2696 3338 statim
2721 3288 3075 3354 subsequitur.
3105 3288 3260 3352 Quasi
3298 3290 3377 3342 di—

1849 3362 1937 3408 Cat
1964 3373 1975 3405 :
2011 3357 2168 3406 ﬂecte
2199 3359 2405 3408 allirtuo
2431 3357 2566 3423 quod
2599 3357 2667 3409 llIl
2696 3368 2815 3409 sunt
2841 3359 2988 3420 beati,
3033 3373 3242 3424 quarunt
3281 3358 3374 3409 ini-

1851 3428 2063 3490 quitates
2094 3433 2135 3475 et
2164 3437 2359 3489 peccata
2396 3437 2508 3476 sunt
2547 3434 2690 3476 tecta.
2735 3425 2863 3478 Nam
2901 3429 2986 3479 ille
3025 3426 3104 3478 vir
3143 3440 3261 3478 vere
3298 3437 3382 3479 est

1852 3497 2036 3558 beatus,
2065 3495 2204 3560 cujus
2229 3493 2473 3544 Dominus
2504 3509 2600 3544 nan
2625 3495 2884 3562 imputabit
2907 3505 3178 3562 peccatum,
3205 3495 3251 3545 id
3275 3503 3372 3557 est,

1853 3563 1904 3616 in
1932 3578 2083 3630 quem
2117 3566 2363 3614 Dominus
2390 3576 2489 3631 nco
2528 3563 2809 3631 vindicabit
2851 3562 3059 3631 aliquod
3109 3573 3374 3631 peccatum

1854 3629 1975 3684 ante
1997 3635 2236 3698 gratiam,
2266 3631 2375 3682 site
2400 3629 2670 3699 drigiuale,
2701 3635 2815 3686 sive
2838 3629 3060 3694 actuale,
3086 3629 3252 3698 neque
3282 3635 3382 3685 ali-

1855 3703 1994 3768 quod
2026 3712 2137 3766 post
2165 3703 2401 3768 gratiam,
2441 3702 2561 3768 quia
2590 3701 2632 3751 si
2663 3702 2784 3768 quid
2826 3703 3058 3765 peccavit
3103 3714 3216 3767 pust
3266 3718 3383 3766 pero

1857 3781 2059 3836 ceptatn
2092 3773 2328 3836 gratiam,
2361 3785 2460 3820 non
2489 3779 2558 3820 est
2589 3785 2640 3819 in
2664 3771 2841 3834 spiritu
2869 3773 2974 3836 ejus
3003 3769 3170 3830 dolus,
3203 3772 3250 3821 id
3277 3778 3382 3830 est,

1859 3841 1909 3892 in
1939 3840 2095 3892 eorde
2124 3839 2255 3906 ejus,
2280 3840 2396 3901 quia
2420 3853 2520 3888 non
2542 3836 2773 3889 defendit
2797 3847 3065 3904 peccatum
3096 3852 3266 3900 suum,
3290 3840 3379 3892 sed

1863 3909 2124 3961 Ituniilitcr
2154 3914 2446 3959 comitetur.
2478 3908 2531 3956 In
2557 3907 2762 3958 illurtttn
2790 3908 2926 3958 enim
2955 3908 3137 3973 spiritu
3163 3922 3282 3961 vere
3303 3918 3383 3959 est

1861 3978 2032 4037 dolus,
2063 3979 2148 4045 qui
2176 3977 2417 4044 iactando
2462 3976 2645 4028 merita
2694 3975 2975 4028 defendunt
3022 3988 3228 4041 peccata
3269 3991 3383 4028 sua.

1862 4048 1989 4112 Quia
2019 4063 2134 4100 cum
2162 4048 2359 4111 jUSlllla
2388 4056 2534 4096 sonet
2557 4048 2805 4107 exterius,
2851 4045 3093 4109 iniquitas
3140 4045 3264 4096 latet
3289 4046 3385 4095 ,ιιι-

1864 4120 2043 4170 terius.
2079 4119 2128 4167 In
2159 4131 2397 4182 quorum,
2439 4114 2653 4174 scilicet,
2704 4123 3028 4182 peccatorum
3079 4112 3386 4166 defensione

1864 4188 2054 4238 I’rustra
2105 4181 2360 4244 laborant,
2409 4185 2527 4248 quia
2558 4183 2688 4232 dum.
2709 4195 2766 4233 se
2798 4191 2852 4233 ut
2879 4181 3199 4248 iniquitatem
3242 4198 3386 4236 suam

1870 4265 2244 4321 recognoscant
2275 4254 2455 4304 nolunt
2486 4249 2776 4313 bumiliare,
2807 4252 2896 4302 sed
2924 4251 3249 4305 defendendo
3274 4269 3386 4304 eam

1864 4337 1920 4376 se
1942 4325 2192 4385 exaltare,
2220 4323 2503 4373 destruitur
2531 4335 2711 4373 eorum
2743 4321 3008 4381 fortitudo,
3049 4322 3168 4386 quia
3219 4323 3390 4373 nullus

1868 4393 1916 4445 in
1946 4407 2000 4443 se
2029 4393 2175 4443 fortis
2213 4400 2310 4455 est,
2349 4390 2440 4443 sed
2479 4389 2528 4454 in
2568 4390 2805 4442 Domino.
2851 4391 3004 4444 Juxta
3055 4389 3217 4439 illud:
3253 4387 3389 4439 Nam

1867 4464 2019 4512 virtus
2049 4464 2098 4512 in
2119 4461 2406 4527 inﬁrnutate
2452 4461 2725 4526 perﬁcitur.
2762 4461 2937 4510 I’otest
2978 4471 3182 4523 quoque
3229 4455 3383 4518 istud,

1787 4517 1830 4573 Ο
1855 4535 2076 4594 setlicet,
2125 4517 2231 4580 Nec
2275 4541 2344 4580 est
2385 4517 2655 4592 in'spiritu
2687 4530 2791 4596 ejus
2826 4517 3113 4594 dolum-per
3143 4539 3200 4578 se
3241 4534 3292 4578 ct
3326 4517 3391 4578 de

1853 4599 1956 4648 alio
1985 4601 2192 4660 accipit,
2225 4607 2278 4648 ut
2309 4610 2373 4648 ita
2403 4596 2603 4647 dicatur
2633 4612 2644 4645 :
2677 4595 2764 4647 Ille
2808 4610 2885 4647 Vtr
2933 4607 3013 4648 est
3059 4595 3258 4656 beatus,
3305 4596 3391 4647 cui

1856 4683 1956 4717 non
1986 4666 2318 4731 imputabitur
2347 4674 2635 4733 peccatum.
2673 4666 2735 4717 Et
2763 4666 2849 4717 ille
2889 4665 3045 4717 etiam
3089 4666 3289 4725 beatus,
3334 4664 3392 4733 in

1854 4737 1999 4804 cujus
2028 4728 2206 4798 spiritu
2233 4752 2330 4787 non
2347 4728 2429 4787 'est
2453 4738 2615 4786 dolus.
2652 4735 2814 4786 llabet
2842 4736 2939 4785 alia
2969 4733 3260 4804 'I‘ranslatio
3286 4750 3298 4784 :
3324 4728 3390 4784 In

1858 4801 1941 4856 ore
1965 4808 2094 4874 ejus,
2124 4810 2272 4869 juxta
2297 4809 2432 4873 quod
2461 4805 2671 4871 spiritus
2699 4819 2790 4870 pro
2816 4815 2963 4865 voce,
3006 4802 3157 4855 sicuti
3201 4801 3390 4868 placet,

1860 4878 1942 4926 ltic
1961 4877 2234 4935 accipitur.

1933 4943 2178 5006 Quoniam
2202 4943 2357 5007 tacui,
2399 4943 2807 4993 inveteraverunt.
2835 4940 2943 4995 Hoc
2970 4939 3094 4992 dicit
3141 4938 3391 5006 propheta

1862 5026 1964 5065 non
1993 5022 2202 5079 propter
2229 5025 2305 5072 se,
2340 5013 2431 5062 sed
2454 5013 2503 5063 in
2535 5025 2756 5076 persona
2794 5011 2927 5063 illius
2949 5007 3389 5079 superbipopuli,

1864 5076 2044 5135 comi-a
2077 5095 2232 5144 quem
2287 5080 2336 5131 in
2388 5080 2486 5131 boc
2515 5081 2719 5148 psalmo
2748 5079 2992 5147 loquitur.
3022 5077 3179 5142 Quasi
3208 5076 3344 5148 dicat
3374 5092 3388 5128 :

1864 5153 1919 5206 In
1943 5149 2126 5212 spiritu
2151 5149 2362 5214 quidem
2390 5146 2530 5202 illius
2550 5152 2636 5216 qui
2666 5152 2842 5202 beatus
2863 5156 2964 5208 est,
2994 5162 3093 5198 non
3115 5146 3384 5216 estdolus,

1865 5220 1955 5272 sed
1986 5219 2035 5270 in
2059 5213 2175 5270 meo
2204 5218 2386 5282 Spiritu
2411 5228 2487 5270 est
2511 5213 2682 5281 dolus,
2705 5218 2821 5284 quia
2843 5215 2974 5269 tacui
3000 5213 3136 5280 quod
3158 5213 3388 5284 clamau-

1869 5290 1989 5342 dum
2019 5286 2132 5349 luit,
2176 5295 2229 5338 et
2258 5287 2474 5340 clamavi
2503 5288 2638 5352 quod
2672 5282 2939 5338 tacendum
2993 5285 3084 5335 luit
3124 5291 3231 5352 tata
3282 5282 3390 5348 die,

1872 5359 1923 5412 id
1947 5366 2047 5420 est,
2070 5356 2298 5409 assidue.
2321 5357 2478 5408 Tacui
2495 5351 2652 5417 enim,
2681 5355 2817 5406 unde
2843 5355 3163 5421 proﬁcerem;
3193 5351 3390 5403 clama-

1873 5433 1942 5490 vi,
1976 5427 2116 5478 unde
2159 5426 2458 5478 deﬁcerem.
2510 5424 2664 5475 Tacui
2715 5425 3117 5484 confessionem,
3167 5421 3386 5490 clamavi

1875 5488 2371 5566 prtesumptionem;
2404 5493 2537 5544 tacui
2568 5502 2776 5566 peccata
2797 5535 2820 5557 ,_
2844 5493 3062 5566 clamavi
3096 5488 3392 5566 merita._Et

1877 5560 1994 5620 ideo
2017 5560 2405 5615 inveteraverunt
2429 5575 2538 5611 ossa
2575 5577 2703 5614 mea.
2729 5563 2852 5612 Nam
2875 5560 2916 5612 si
2941 5570 3162 5612 tacerem
3187 5560 3395 5623 merita,

1876 5645 1929 5688 et
1957 5637 2235 5685 clamarem
2261 5640 2469 5698 peccata
2490 5669 2503 5692 ,
2538 5639 2658 5681 tunc
2707 5632 3076 5698 inuovaﬁrenlur
3112 5641 3232 5698 ossa
3259 5641 3398 5692 mea,

1882 5706 1930 5758 id
1954 5711 2050 5762 est,
2089 5697 2387 5752 virtus’uiea
2417 5703 2627 5751 robusta
2647 5708 2784 5752 esset
2809 5700 2858 5751 in
2885 5697 3125 5760 Domino,
3152 5697 3268 5764 quia
3301 5698 3398 5749 boc

1886 5773 2041 5830 modo
2089 5767 2347 5823 invenirer
2379 5769 2430 5823 in
2474 5783 2558 5823 me
2591 5770 2844 5823 inﬁrmus.
2886 5767 3016 5833 Quia
3048 5776 3221 5820 autem
3261 5769 3402 5822 tacui
