3912 6230
161 332 297 388 853

855 332 917 387 IN
964 330 1372 387 PSALMOBUM
1410 329 1663 385 LIBRUM
1706 328 2057 384 EXEGESIS.
2098 356 2164 367 -—
2205 328 2445 401 PSAth.
2488 328 2721 384 XXXIII.

3264 310 3364 365 654

164 442 405 495 vissima
431 455 580 496 cinna
626 452 809 509 panem
853 439 1205 509 benedictum,
1249 448 1302 493 et
1340 453 1431 492 ore
1459 453 1556 509 suo
1572 454 1723 492 com-
1749 438 1799 497 Δ
1826 451 1891 490 ne
1906 435 1982 509 ab
2009 437 2121 503 ejus
2147 433 2400 509 deviando
2420 420 2700 509 voluntate.
2734 423 2841 509 lioc
2867 438 2929 492 ad
2960 437 3108 509 de-se
3146 436 3353 509 humili-

166 514 491 565 mendatum
520 504 747 577 porrexit
787 508 1053 575 discipulis
1096 508 1204 562 suis
1258 509 1437 571 dicens
1470 526 1480 559 :
1509 504 1608 560 llic
1654 520 1725 562 est

164 584 397 649 sanguis
418 596 573 641 meus,
605 578 1193 649 comniendando‘nobis
1216 578 1555 649 humilitatem
1577 584 1723 635 suam

168 646 415 713 scilicet,
430 659 487 701 ut
507 660 558 702 et
581 648 771 700 humile
791 660 979 712 corpus
995 646 1110 712 ejus
1129 648 1522 700 comeileremus
1538 662 1720 713 aggra-

170 728 191 767 I
210 719 407 771 ulando
435 718 547 785 ejus
569 718 842 778 nativitati,
866 725 919 769 et
946 720 1255 783 sanguinem
1283 716 1398 783 ejus
1429 714 1723 785 biberemus

170 782 566 841 conformando
588 800 681 838 nos
700 784 814 853 ejus
838 785 1085 853 passioni,
1111 782 1405 841 Pracidebat
1422 790 1626 853 quoque
1655 782 1722 839 ad

170 860 321 908 ostia
342 850 795 927 portcrliistorialis
819 850 1026 923 quidem
1049 850 1205 927 David
1230 850 1465 927 realiter:
1484 850 1722 913 Christus

174 940 319 978 vero
344 924 644 977 humiliabat
664 938 720 976 se
749 925 797 975 in
821 938 1003 975 omnes
1026 924 1384 977 tribulationes
1414 924 1463 975 in
1495 932 1717 991 tantum,

176 1004 245 1046 ut
285 996 444 1047 etiam
493 994 840 1060 turpissimam
880 1004 1098 1045 mortem
1144 994 1315 1045 crucis
1339 994 1639 1055 sustineret,
1659 1007 1722 1060 et

180 1064 291 1115 hoc
318 1066 381 1116 ad
404 1067 533 1117 ostia
556 1074 741 1131 portas.
764 1063 826 1113 Et
842 1061 952 1114 hmc
965 1070 1085 1114 sunt
1106 1074 1346 1114 accessus
1367 1071 1417 1114 et
1436 1062 1635 1114 initimn
1656 1063 1719 1117 ad

179 1134 348 1184 Iidem
374 1143 623 1195 nostram,
641 1134 883 1183 nativntas
900 1132 1095 1183 scilicet
1125 1131 1335 1192 Christi,
1354 1144 1404 1183 et
1423 1132 1594 1197 passio
1608 1131 1721 1198 ejus

176 1213 238 1253 ct
264 1216 430 1255 mors.
453 1201 557 1254 Nisi
581 1201 717 1254 enim
739 1199 974 1252 Christus
1002 1209 1153 1251 natus
1174 1209 1331 1259 esset.
1359 1201 1590 1252 mortalis
1616 1216 1717 1253 non

178 1281 361 1333 eSset;
393 1274 435 1323 si
465 1271 695 1322 mortalis
724 1286 825 1321 non
853 1280 1009 1331 esset,
1042 1284 1140 1323 non
1182 1279 1470 1322 moreretur
1503 1287 1515 1332 ;
1548 1271 1589 1321 si
1617 1286 1718 1323 non

181 1350 511 1403 moreretur,
542 1355 643 1393 non
696 1347 1026 1405 resurgeret;
1053 1340 1093 1390 si
1126 1353 1227 1390 non
1274 1348 1590 1405 resurgeret.
1617 1354 1718 1393 non

178 1409 521 1469 ascenderet,
546 1416 596 1461 et
622 1418 831 1461 cetera.
848 1405 1031 1461 Satine
1051 1407 1206 1459 etiam
1232 1405 1553 1459 decurrebant
1572 1412 1721 1473 super

178 1478 397 1529 barbam
442 1480 550 1546 ejus
582 1478 740 1530 David
786 1476 993 1542 quidem
1046 1475 1345 1537 historialis,
1375 1477 1581 1540 Christo
1630 1492 1713 1530 ve-

180 1560 248 1597 ro
280 1548 516 1613 mystice.
541 1546 727 1601 Saliva:
756 1556 925 1598 autem
949 1554 1067 1598 sunt
1098 1559 1396 1613 puerorum,
1419 1546 1573 1613 barba
1597 1559 1718 1599 vero

181 1606 445 1667 virorum.
505 1615 571 1668 Et
628 1617 784 1667 verba
824 1614 1032 1682 quidem
1095 1606 1177 1666 illa
1242 1606 1431 1681 quibus
1471 1606 1719 1669 Dominus

177 1683 586 1736 commendabat
611 1683 954 1736 humilitatem
979 1698 1125 1735 suam
1152 1683 1329 1737 dicens
1360 1701 1371 1739 :
1402 1682 1515 1735 Nisi
1564 1700 1720 1737 man-

178 1752 487 1805 rlucaveritis
506 1768 705 1806 carnem
722 1768 899 1813 meam,
916 1763 959 1804 et
978 1753 1191 1806 biberitis
1220 1755 1507 1822 sanguinem
1537 1752 1716 1818 meum,

176 1836 288 1874 non
318 1824 556 1875 habebitis
580 1826 727 1877 vitam
759 1824 809 1874 in
838 1824 1010 1883 vobis;
1059 1822 1305 1875 iuiantilia
1339 1823 1643 1877 videbantur
1669 1834 1723 1877 et

179 1890 553 1957 impossibilia,
608 1892 699 1944 sed
744 1892 795 1943 in
844 1892 967 1957 ipsis
1006 1893 1272 1960 tegebatur
1292 1891 1458 1945 virtus
1514 1907 1718 1960 magna,

175 1962 307 2025 quia
334 1974 423 2026 per
444 1976 504 2014 ea
536 1961 873 2029 spiritualiter
915 1960 1227 2013 admouebat
1258 1974 1351 2011 nos
1378 1962 1567 2013 imitari
1618 1965 1716 2029 bu-

177 2030 458 2082 militatem
490 2026 621 2097 ejus,
652 2040 705 2081 ut
734 2028 811 2081 sic
839 2030 1240 2097 ascenderemus
1269 2031 1333 2081 ad
1359 2030 1470 2097 ejus
1508 2026 1720 2084 celsitu-

175 2099 385 2150 dinem.
416 2100 500 2150 Sic
519 2093 733 2165 quidem
762 2098 995 2151 Christus
1022 2094 1311 2151 Inmutavit
1352 2093 1541 2150 vultum
1572 2115 1720 2153 suum

176 2181 360 2235 coram
387 2166 688 2230 Abimeleclt,
722 2168 769 2218 id
798 2176 878 2221 est
904 2166 953 2219 in
980 2170 1255 2235 prmsentia
1278 2166 1502 2221 Iudaica:
1534 2168 1717 2235 plebis.

175 2234 290 2287 Sed
320 2237 440 2303 quia
465 2238 560 2302 ipsi
589 2234 999 2289 immutationem
1023 2237 1193 2289 Vultus
1226 2238 1359 2302 ejus.
1388 2238 1439 2289 id
1466 2234 1565 2301 est,
1589 2252 1715 2290 cou-

175 2306 479 2358 versionem
500 2307 737 2374 legalium
755 2306 1197 2357 observantiarum
1225 2308 1273 2357 iu
1298 2306 1604 2357 sacrificium
1626 2322 1718 2359 no-

177 2388 306 2425 vum
333 2389 433 2427 non
456 2384 829 2441 cognoverunt,
861 2384 1305 2439 contempserunt,
1334 2384 1385 2426 et
1410 2374 1720 2429 dimiserunt

172 2457 301 2493 eum
331 2458 346 2506 ;
378 2444 488 2511 ipse
510 2460 631 2496 vero
654 2459 745 2511 per
767 2444 1185 2509 pra-dicationem
1212 2442 1565 2511 apostolorum
1593 2444 1720 2498 abiit

170 2512 245 2563 ad
276 2510 478 2579 gentes.
506 2510 799 2579 Apud'quas
822 2526 945 2565 vero
966 2512 1150 2579 ubique
1172 2526 1359 2565 novum
1381 2510 1715 2578 sacriﬁcium,

172 2588 235 2633 et
262 2582 380 2646 ejus
411 2584 673 2634 humilitas
699 2582 809 2647 ipSo
830 2584 1047 2646 jubente
1066 2582 1378 2634 celebratur.
1414 2581 1475 2634 Et
1498 2593 1718 2649 possunt

173 2650 340 2714 plane
370 2650 583 2719 intelligi
617 2650 921 2702 Ahimelech
968 2653 1047 2703 vel
1104 2650 1261 2703 Achis
1288 2661 1339 2705 et
1366 2665 1580 2718 regnum
1604 2652 1718 2717 eths

174 2734 275 2783 per
305 2719 442 2781 illos,
474 2719 538 2773 de
565 2720 749 2787 quibus
778 2721 982 2786 legitur,
1007 2720 1141 2787 quod
1165 2734 1282 2773 cum
1312 2720 1550 2787 Christus
1577 2737 1720 2772 com-

175 2789 456 2840 mendaret
486 2790 825 2844 humilitatem
862 2804 1007 2843 suam
1028 2786 1225 2842 dicens
1260 2808 1270 2840 :
1299 2786 1412 2841 Nisi
1440 2788 1720 2842 manduca-

176 2858 348 2925 t'eritis
372 2873 569 2911 carnem
592 2873 771 2920 meam,
795 2868 837 2909 et
862 2858 1075 2911 biberitis
1094 2860 1386 2925 sanguinem
1409 2874 1587 2922 meum,
1618 2875 1718 2912 non

178 2924 425 2978 habebitis
457 2930 606 2978 vitam
634 2930 684 2977 in
715 2928 865 2993 vobis,
905 2924 1235 2980 scandaliza’ti
1266 2927 1372 2979 fere
1397 2927 1716 2993 septuaginta

177 2999 287 3047 duo
340 2996 581 3049 abierunt
616 3006 919 3049 retrorsum.
964 2998 1121 3049 Achis
1160 2998 1295 3047 enim
1348 2996 1718 3062 interpretatur

176 3066 433 3130 quomodo
476 3066 585 3117 est?
614 3066 902 3130 Quomodo,
931 3078 1122 3126 autem,
1164 3065 1375 3118 verbum
1418 3070 1498 3117 est
1537 3067 1717 3117 obstu—

181 3142 446 3197 pescent's
492 3145 545 3187 et
595 3136 895 3202 ignorantis.
930 3136 992 3187 Et
1044 3136 1115 3187 illi
1149 3136 1293 3200 quasi
1341 3135 1715 3199 obstupesccu-

178 3211 259 3254 tes
280 3212 332 3255 et
353 3205 651 3271 ignorantes
671 3203 916 3256 dixerunt
940 3223 950 3255 :
988 3205 1247 3270 Quomodo
1274 3214 1477 3271 possunt
1495 3202 1599 3255 hinc
1622 3204 1712 3267 lie-

177 3272 270 3323 ri?
300 3271 541 3339 Nunquid
577 3274 881 3327 abscissurus
926 3284 997 3325 est
1032 3274 1303 3341 particulas
1343 3275 1404 3324 de
1430 3278 1579 3324 Carne
1605 3282 1714 3335 sua,

176 3351 222 3391 et
256 3344 471 3395 daturus
500 3344 637 3394 nobis
666 3345 731 3393 ad
770 3344 1073 3395 bibendum-7
1108 3342 1311 3409 ,ilentes
1333 3356 1455 3395 vero
1492 3343 1557 3393 ad
1588 3357 1715 3406 quas

178 3410 295 3475 ipse
324 3422 601 3464 contentus
638 3428 664 3461 a
702 3411 896 3465 Judzeis
924 3410 1050 3463 abiit
1076 3422 1215 3465 recte
1254 3412 1607 3479 intelliguntur
1628 3426 1717 3478 per

180 3480 302 3531 illos
332 3479 402 3533 tle
449 3483 635 3548 quibus
667 3484 1043 3547 subsequenter
1080 3481 1270 3533 dicitur
1299 3498 1311 3531 :
1344 3479 1408 3531 Et
1457 3489 1716 3548 conversus

176 3549 247 3599 nd
269 3549 558 3616 duodecim_
579 3550 726 3603 dixit.
778 3548 1020 3616 Nunquid
1050 3558 1094 3601 et
1124 3566 1205 3601 vos
1246 3549 1391 3599 vultis
1417 3550 1553 3600 abire
1582 3551 1604 3600 Ρ
1650 3547 1717 3600 Et

174 3620 483 3683 respondens
518 3613 697 3671 Petrus
750 3634 838 3684 pro
866 3613 1112 3680 omnibus,
1142 3619 1307 3670 dixit:
1370 3616 1603 3679 Domine,
1650 3619 1719 3669 ad

175 3702 325 3751 quem
350 3688 528 3740 ibimus
551 3688 573 3739 7
604 3686 761 3740 Verba
788 3698 895 3740 vitm
919 3700 1115 3740 eterna!
1144 3688 1310 3751 habes,
1342 3701 1456 3738 caro
1484 3700 1614 3737 etum
1636 3688 1717 3736 ni-

178 3756 251 3826 {nt
303 3758 529 3823 prodest,
583 3760 785 3826 spiritus
829 3769 992 3809 autem
1037 3759 1265 3823 vivi/ient.
1324 3756 1479 3819 Quisi
1536 3755 1713 3809 dicat:

180 3824 354 3879 Verba
386 3838 470 3879 tua
499 3824 776 3881 carnaliter
826 3828 1085 3881 intellecta
1128 3829 1253 3879 nihil
1278 3834 1523 3890 prosunt,
1556 3826 1716 3891 spiri-

178 3897 392 3949 tualiter
431 3912 554 3949 vero
576 3910 786 3961 accepta
823 3898 1103 3949 viviiicam.
1138 3896 1338 3949 Titulus
1376 3896 1528 3947 aliter
1549 3908 1716 3960 expo-

178 3966 345 4016 nitur.
395 3966 628 4017 Psalmus
666 3966 786 4029 iste,
829 3967 875 4015 id
914 3975 1013 4027 est,
1054 3968 1305 4029 Operatio,
1339 3979 1453 4031 quze
1497 3977 1717 4030 sequen-

178 4035 322 4087 tibus
351 4038 522 4087 verbis
550 4046 775 4097 notatur,
823 4034 1225 4099 commendatio,
1251 4035 1470 4094 scilicet,
1504 4032 1711 4083 humili-

179 4108 328 4164 tatis,
350 4109 425 4155 vel
450 4104 561 4155 laus
582 4118 804 4171 sequens
824 4112 905 4156 est
929 4104 1032 4155 veri
1060 4103 1241 4165 David,
1261 4103 1471 4163 Christi,
1494 4100 1711 4167 sciliCi-t,

177 4173 467 4239 signiﬁcata
534 4170 667 4224 tunc
706 4189 821 4223 cum
889 4172 1165 4223 historialis
1222 4170 1378 4222 David
1440 4172 1715 4239 immutavit

179 4237 374 4292 vultum
402 4258 549 4293 suum
576 4256 742 4293 coram
770 4242 936 4305 Achis,
967 4252 1021 4293 ut
1056 4257 1209 4305 supra
1230 4242 1423 4292 dictum
1455 4249 1555 4291 est.
1584 4237 1713 4292 Illud

178 4315 323 4363 enim
364 4312 627 4379 negotium
676 4318 877 4380 signum
919 4312 1012 4365 fuit
1048 4310 1368 4380 Operatiouis
1402 4310 1553 4373 hujus
1604 4311 1712 4362 veri

183 4380 345 4433 David
381 4399 391 4431 :
426 4384 513 4435 Vel
556 4379 889 4449 potest’totus
918 4386 1097 4434 titulus
1125 4379 1400 4447 allegorice
1423 4381 1631 4449 exponi,
1660 4389 1714 4431 ut

1827 508 1947 559 tatis
1967 505 2472 559 commendationem
2498 506 2620 559 dicit
2638 506 2893 568 Christus.
2912 509 3008 560 hoc
3027 506 3181 561 etiam
3204 508 3360 563 debet

1822 584 2007 644 carere
2036 575 2253 643 quilibet
2290 574 2633 638 Christianus,
2665 586 2719 627 ιιι
2748 575 2905 629 homo
2929 579 3017 643 qui
3050 590 3141 643 per
3170 591 3355 644 super-

1824 642 1962 713 biam
1996 642 2161 698 iactus
2184 650 2263 696 est
2287 644 2544 713 diabolus,
2576 659 2668 711 per
2690 642 3035 699 humilitatem
3082 645 3170 698 ﬂat
3199 642 3359 713 ango-

1823 712 1921 765 lus.
1950 713 2186 766 Christus
2228 714 2367 765 enim
2396 710 2674 767 iactus’est
2702 714 2875 779 homo,
2926 724 2979 767 ιιι
3026 714 3181 768 homo
3212 710 3363 771 ﬂeret

1821 782 2056 851 angelus.
2108 781 2173 835 Ut
2211 782 2445 849 quisquis
2473 787 2643 836 autem
2678 784 2841 850 possit
2874 784 2985 837 ﬂeri
3017 784 3253 851 angelus,
3305 784 3357 840 in

1822 849 2113 904 humilitate
2141 851 2313 903 cordis
2351 852 2578 914 niaucat,
2601 860 2655 903 ut
2683 849 2889 920 semper
2908 855 3019 906 sive
3041 849 3358 920 prosperetis

1823 928 1904 971 tur
1946 936 2005 974 ea
2054 920 2242 987 quibus
2294 920 2535 979 vivimus.
2588 920 2700 974 sive
2761 924 3145 986 perturbentur,
3191 923 3271 975 vel
3317 922 3367 974 si

1820 989 2037 1049 tribuat.
2076 990 2186 1043 sive
2214 989 2434 1053 auferat,
2469 990 2738 1043 Dominum
2770 990 3071 1052 beneilicat,
3113 992 3230 1053 quia
3259 996 3359 1045 etsi

1821 1058 1919 1111 ista
1960 1058 2281 1122 auferuntur,
2336 1061 2445 1121 ipse
2486 1068 2658 1113 tamen
2702 1072 2801 1111 non
2844 1060 3097 1113 aufertur.
3133 1058 3196 1113 Et
3233 1061 3356 1125 quid

1820 1129 1887 1179 sit
1942 1127 2253 1181 benedicere
2305 1126 2573 1181 Dominum
2630 1129 2767 1180 omni
2822 1136 3072 1195 tempore;
3131 1130 3361 1186 ostendit

1818 1196 1999 1250 dicens
2030 1215 2042 1248 :
2070 1197 2277 1266 Semper
2306 1200 2416 1249 laus
2463 1204 2571 1264 (μισ
2600 1200 2698 1249 erit
2728 1200 2785 1250 nt
2831 1207 2916 1249 ore
2944 1205 3045 1250 nnn
3102 1201 3359 1266 corporis.

1820 1267 2076 1342 sedAm‘eo,
2098 1267 2145 1317 id
2191 1276 2289 1325 est,
2321 1266 2485 1342 magis
2513 1267 2641 1318 mihi
2696 1272 2928 1342 proprio,
2959 1268 3009 1342 id
3048 1274 3147 1324 est.
3191 1270 3241 1321 lu
3267 1282 3361 1321 om

1819 1336 2010 1387 cordis.
2042 1338 2101 1387 Et
2148 1346 2223 1388 est
2256 1337 2492 1401 repetitio
2517 1375 2530 1393 .
2561 1340 2601 1405 si
2652 1338 2711 1405 ad
2739 1336 2875 1389 idem
2906 1336 3173 1390 referatur
3201 1353 3213 1399 ;
3265 1354 3365 1405 po-

1823 1411 1921 1455 test
1951 1420 2072 1457 ver.»
2094 1405 2204 1456 Iieri
2232 1406 2515 1463 diversum,
2548 1404 2590 1455 si
2622 1404 2683 1454 ad
2718 1406 2946 1457 membra
2978 1408 3053 1458 sic
3084 1404 3358 1462 referaturt

1824 1470 1929 1541 Ego
1956 1475 2161 1541 quidem
2190 1475 2471 1525 benedicam
2498 1472 2768 1526 Dominum
2808 1475 2859 1526 in
2902 1476 3279 1541 omnitempore
3310 1478 3359 1530 iu

1820 1557 1903 1595 me
1927 1554 1978 1611 et
2018 1555 2171 1617 etiam
2215 1544 2264 1595 in
2298 1545 2467 1596 meis:
2499 1544 2613 1608 quia
2644 1544 2755 1595 laus
2803 1546 2912 1617 ejus
2930 1556 3124 1617 semper
3166 1546 3266 1599 erit
3308 1548 3361 1599 in

1820 1627 1904 1663 ore
1934 1622 2060 1674 meo,
2094 1613 2141 1681 id
2192 1622 2292 1681 est,
2324 1622 2578 1675 meorum,
2629 1618 2684 1663 ut
2708 1612 2865 1680 supra
2890 1612 3105 1666 dictum
3136 1623 3233 1667 est.
3296 1617 3361 1669 Et

1820 1696 1921 1747 quo
1978 1679 2132 1734 modo
2187 1679 2453 1733 Dominum
2506 1682 2556 1732 in
2611 1684 2747 1732 omni
2780 1679 3020 1747 tempere
3065 1684 3355 1749 benedical,

1752 1775 1796 1835 Β
1820 1750 2049 1835 ostendit
2074 1751 2556 1835 Subsequeoter,‘ut
2580 1760 2677 1835 nos
2727 1751 2965 1835 instruat.
2997 1751 3151 1817 Quasi
3176 1753 3355 1835 dicat;

1821 1816 1921 1872 Per
1945 1822 2041 1873 hoc
2067 1822 2203 1871 omni
2233 1816 2448 1887 tempore
2472 1820 2756 1871 béneticam
2786 1816 3075 1882 Dominum,
3103 1822 3218 1887 quia
3242 1826 3357 1876 ani-

1820 1904 1907 1959 ma
1932 1904 2040 1959 mea
2055 1889 2183 1959 nihil
2213 1889 2313 1941 sibi
2352 1887 2663 1959 arrogaldt,_
2688 1889 2816 1959 nihil
2847 1888 2913 1943 de
2959 1901 3017 1942 se
3056 1901 3357 1959 prtesutnet,

1818 1956 1909 2011 sed
1940 1957 2247 2019 laudabitur,
2288 1960 2337 2011 id
2368 1966 2468 2021 est,
2499 1956 2809 2027 laudabilem
2832 1971 2891 2012 se
2927 1956 3217 2027 reputabit;
3257 1956 3359 2017 nini

1822 2028 1990 2095 inse,
2035 2029 2156 2097 quia
2192 2038 2331 2082 esset
2378 2026 2766 2097 vituperabilis,
2792 2027 2883 2080 sed
2914 2028 2963 2079 in
2994 2026 3247 2091 Domino,
3310 2034 3359 2087 id

1818 2104 1918 2165 est,
1944 2112 2037 2165 per
2060 2096 2164 2150 hoc
2188 2099 2356 2150 solum
2385 2139 2396 2157 ,
2420 2097 2538 2164 quia
2568 2096 2678 2149 Iisit
2697 2110 2843 2163 spem
2869 2111 3015 2151 suam
3042 2099 3091 2151 in
3118 2099 3359 2158 Domino.

1822 2164 1883 2235 Et
1912 2164 2024 2230 vos,
2054 2166 2199 2235 quasi
2256 2168 2394 2219 dicat
2421 2181 2521 2218 non
2561 2167 2622 2235 iu_
2668 2166 2853 2235 nobis,
2907 2166 3000 2220 sed
3044 2169 3096 2220 in
3142 2168 3362 2225 Domino

1819 2233 2012 2305 laudari
2052 2233 2103 2289 et
2156 2235 2361 2299 gloriari
2410 2233 2673 2305 quaeratis.
2730 2234 2794 2290 Ut
2821 2250 3029 2305 semper
3081 2238 3356 2295 Dominum

1820 2302 2157 2368 benedicatis,
2180 2302 2488 2370 laudabitur,
2514 2303 2745 2371 inquam,
2772 2302 3067 2359 enima'mea
3096 2309 3146 2360 in
3182 2308 3355 2362 Domi:-

1818 2388 1901 2424 no.
1936 2375 1999 2427 Et
2021 2374 2119 2445 hoc
2144 2374 2373 2445 audiant
2410 2389 2534 2445 aure
2568 2374 2809 2445 audiendi
2842 2386 2941 2428 non
2994 2376 3230 2445 Quilibet,
3263 2383 3354 2434 sed

1819 2445 2085 2507 mansueti,
2109 2443 2158 2496 id
2183 2453 2282 2507 est,
2302 2444 2375 2497 illi
2392 2444 2475 2511 qui
2495 2444 2673 2496 volunt
2691 2452 2807 2497 esse
2830 2443 3093 2498 mansuEta
3114 2451 3359 2503 animalia

1819 2521 1923 2565 non
1949 2511 2311 2575 immansueta,
2339 2514 2601 2574 videlicet.
2644 2514 2821 2566 volunt
2848 2514 3039 2569 habere
3083 2516 3357 2579 Dominum

1818 2592 2079 2654 sessorem
2123 2588 2178 2654 ‘e_t
2228 2590 2502 2654 rectorem,
2547 2596 2621 2654 ne_
2660 2584 3061 2654 praecipitentur.
3112 2586 3355 2654 Audiam,

1820 2645 2050 2716 inquam,
2075 2657 2119 2702 et
2145 2646 2393 2711 latenter.
2411 2652 2460 2703 id
2488 2645 2585 2712 est,
2612 2645 2898 2714 imitentur,
2918 2662 3019 2705 non
3042 2645 3355 2709 contristent.

1819 2719 1922 2770 tur.
1954 2718 2282 2771 lmmansueti
2319 2721 2453 2772 enim
2482 2718 2566 2787 qui
2613 2720 2678 2771 de
2703 2734 2760 2773 se
2789 2735 3103 2785 presumere
3156 2729 3360 2786 volunt,

1819 2794 1873 2840 et
1900 2788 2109 2853 gloriati
2146 2788 2195 2841 in
2245 2802 2320 2853 se,
2356 2804 2456 2842 non
2506 2794 2553 2840 iu
2590 2789 2829 2851 Domino,
2884 2804 3002 2843 cum
3058 2794 3274 2848 audiunt
3304 2806 3359 2849 ut

1819 2858 2037 2931 quisque
2081 2866 2279 2931 tantum
2326 2864 2526 2911 hctetur
2566 2859 2616 2910 in
2665 2860 2907 2925 Domino,
2941 2876 3043 2913 non
3095 2864 3359 2931 lmtantur‘,

1818 2925 1910 2977 sed
1936 2929 2330 2981 contristantur.

1890 2991 2213 3067 Magni/licata
2266 2995 2530 3047 Dominum
2574 2998 2784 3067 niecitmi.
2820 2991 2910 3067 llic
2958 2998 3076 3052 facit
3122 3004 3362 3067 apustm.

1820 3061 1973 3126 pham
2008 3068 2056 3116 in
2088 3066 2228 3130 ipsris
2258 3072 2575 3117 mansuetos.
2620 3067 2663 3129 ρ
2686 3066 2776 3119 ιιιδῖ
2810 3066 2945 3118 dicat
2992 3083 3003 3117 :
3055 3061 3175 3133 Vos,
3206 3078 3356 3129 mall-

1818 3135 1975 3195 sueti,
2009 3134 2278 3205 audientes
2305 3133 2425 3205 huc,
2456 3142 2509 3185 et
2539 3134 2797 3196 laetantes,
2829 3136 3158 3205 magni/itote,
3178 3139 3231 3193 id
3252 3153 3354 3204 est.

1820 3203 2143 3255 veneramini
2180 3212 2233 3255 et
2278 3204 2541 3275 exsultite
2586 3212 2677 3255 vus
2714 3203 3031 3275 humiliaudo
3060 3203 3348 3275 Dominam,

1817 3282 1923 3343 non
1952 3279 2189 3341 seorsum
2222 3275 2314 3343 per
2339 3273 2633 3343 superbiant
2660 3314 2675 3335 ,
2715 3274 2848 3325 sicut
2876 3274 3101 3329 hznretici
3132 3273 3348 3343 faciunt,

1818 3340 1907 3390 sed
1938 3340 2147 3403 meeum,
2178 3340 2378 3392 scilicet
2408 3348 2508 3391 uno
2558 3342 2609 3393 in
2641 3345 2987 3407 separatione.
3018 3346 3109 3398 sed
3148 3348 3198 3401 in
3228 3340 3352 3401 ιιιιίεᾶ

1820 3414 1947 3481 tate.
1977 3407 2083 3461 lioc
2110 3409 2237 3461 dicit
2261 3410 2373 3481 ipse
2400 3418 2599 3481 amator
2620 3424 2763 3481 vera
2792 3411 3059 3477 sapientia
3088 3414 3344 3481 Christus,

1818 3478 1904 3544 qui
1934 3493 2034 3531 non
2074 3478 2459 3530 Coamatoribds
2479 3480 2588 3531 suis
2618 3480 2816 3533 invidet
2842 3519 2855 3542 ,
2890 3483 2981 3533 sed
3027 3492 3209 3537 otnues
3240 3478 3349 3543 vult

1820 3559 2022 3613 rapere,
2056 3554 2110 3599 ut
2136 3546 2214 3599 sui
2254 3547 2357 3599 sint
2385 3558 2725 3601 coamatorcs.
2766 3549 2893 3613 Quia
2922 3558 3023 3603 non
3064 3554 3139 3605 sic
3168 3555 3219 3608 In
3251 3557 3347 3612 hoc

1817 3626 2102 3691 amonem
2126 3616 2257 3691 sient
2298 3616 2348 3669 in
2376 3618 2561 3691 vitioso
2576 3627 2639 3691 et
2677 3620 2812 3691 turpi
2839 3626 3037 3691 amore
3060 3622 3211 3691 hujus
3243 3638 3346 3680 sae-

1818 3687 1940 3747 Culi,
1961 3686 2053 3760 ubi
2080 3685 2299 3760 quisque
2323 3686 2465 3739 solus
2488 3687 2614 3760 ﬁuit
2642 3687 2836 3760 videre,
2869 3697 2922 3742 et
2964 3689 3105 3744 solus
3126 3685 3342 3760 'amare',

1817 3755 2059 3820 quoniam
2089 3754 2179 3807 illa
2222 3768 2342 3808 vera
2389 3756 2642 3823 sapientia
2672 3758 2912 3812 omnibus
2952 3764 3247 3818 amantibus
3288 3754 3347 3820 se

1818 3832 1898 3897 est
1926 3825 2238 3887 communis,
2268 3833 2321 3876 et
2350 3833 2519 3897 tamen
2566 3825 2766 3897 integra
2796 3830 2971 3879 manet
3015 3832 3248 3897 singulis.
3282 3837 3347 3888 Et

1819 3894 1937 3945 ideo
1959 3903 2011 3947 et
2032 3907 2125 3945 uos
2155 3890 2491 3959 quoscunque
2515 3894 2906 3962 quibuscunque
2924 3890 3151 3952 valeuitis
3179 3905 3347 3958 modis

1816 3964 1880 4037 ad
1914 3963 2047 4037 hunc
2075 3976 2305 4015 amorem
2322 3962 2594 4037 uobiscum
2620 3973 2801 4037 rapere
2822 3966 3095 4037 debemus.
3126 3972 3346 4037 scilc‘et,

1819 4031 2096 4104 hortando,
2141 4030 2390 4104 rogando,
2436 4033 2666 4104 rationes
2708 4034 2989 4104 reddendo.
3036 4038 3097 4089 Et
3126 4030 3347 4104 qualiter

1817 4101 2224 4168 magniiicandus
2249 4101 2317 4153 sit
2342 4101 2588 4153 Dominus
2618 4100 2743 4154 dicit
2774 4118 2785 4153 :
2831 4100 3346 4165 Essutteuttts'rtmten

1814 4172 1943 4236 ejus,
1976 4168 2313 4222 humilitatem
2357 4174 2512 4238 quam
2543 4171 2787 4235 prfecepit
2814 4174 3094 4237 servando,
3125 4178 3343 4232 tenden-

1818 4250 1894 4290 les
1918 4241 1969 4289 in
1992 4240 2229 4305 idipsum,
2262 4238 2309 4291 id
2341 4252 2438 4303 est,
2472 4240 2574 4290 non
2602 4241 2663 4290 ad
2692 4240 3113 4307 deatruietio‘ueni,
3152 4248 3242 4299 sed
3273 4248 3341 4305 ad

1814 4308 2146 4361 concordiam
2167 4309 2395 4369 unitatis,
2418 4308 2676 4373 videlicet,
2705 4320 2757 4360 ut
2787 4310 2918 4363 sicut
2939 4324 3125 4379 corpus
3149 4316 3344 4371 Ultriin

1817 4380 2006 4431 mansit
2051 4379 2306 4440 integrum
2365 4380 2499 4431 inter
2552 4390 2732 4429 manus
2785 4384 3212 4446 persecuturum,
3273 4387 3344 4440 ita

178 4463 257 4501 ac
281 4452 521 4503 dicitur:
557 4439 801 4505 i’salmus
824 4454 919 4504 iste
941 4464 1019 4501 est
1048 4450 1201 4501 David
1229 4439 1361 4514 veri,
1395 4439 1712 4500 hab-itus’ab
1744 4439 1793 4497 D
1815 4448 1972 4499 etiam
2020 4439 2227 4500 ntaneat
2269 4449 2524 4514 integrum
2568 4448 2702 4497 inter
2733 4439 2914 4500 manus
2963 4439 3343 4512 professorum.

178 4535 245 4571 co
286 4528 407 4571 tunc
435 4537 546 4572 cum
575 4525 679 4588 ipse
727 4522 1003 4571 inmutauit
1042 4522 1222 4569 vultum
1270 4534 1435 4578 suum,
1467 4520 1714 4588 vertendo

180 4590 233 4638 in
262 4590 573 4643 sacriﬁcium
596 4586 971 4643 Melchisedech
1000 4602 1172 4639 coram
1200 4586 1517 4645 Abiiuelecli,
1543 4596 1596 4634 ut
1624 4602 1709 4636 su-

180 4671 274 4722 pra
307 4659 503 4711 dittum
530 4668 625 4712 est.
662 4660 752 4709 Est
778 4658 914 4709 enim
956 4671 1052 4707 vos
1083 4656 1265 4721 capitis
1288 4654 1336 4706 in
1364 4652 1461 4705 hoc
1493 4663 1708 4719 pSa'mo,

177 4729 559 4779 commendans
588 4729 732 4779 nobis
761 4741 931 4779 veram
954 4725 1068 4793 ejus
1098 4725 1453 4775 humilitatem.
1482 4725 1713 4787 Quapro-

179 4802 301 4861 pter
324 4797 555 4862 psalmus
593 4797 725 4849 bene
767 4797 1007 4847 convenit
1040 4795 1206 4845 titulo.
1252 4793 1305 4845 In
1338 4798 1485 4844 ιιιιιῗο
1573 4794 1710 4864 enim

176 4864 373 4917 dicitur
407 4882 419 4916 :
453 4868 575 4917 Cum
622 4866 893 4917 immutavit
921 4867 1108 4916 vultum
1137 4874 1301 4914 suum.
1330 4864 1381 4913 In
1416 4875 1514 4928 qua
1544 4862 1713 4912 vultus

183 4934 551 4988 immutatione
577 4936 706 4988 iacta
736 4945 818 4987 est
848 4934 1150 4986 humilitatis
1201 4931 1599 4992 commendatio,
1649 4932 1713 4981 de

180 5017 284 5069 qua
310 5005 479 5070 agitur
520 5006 571 5056 in
600 5006 695 5057 hoc
745 5006 958 5069 psalmo.
1010 5004 1069 5053 Et
1096 5014 1175 5053 est
1214 5000 1357 5067 quasi
1387 5001 1559 5052 dieat:
1606 4999 1713 5067 Ego

180 5074 269 5137 qui
296 5073 537 5124 benedixi
566 5074 833 5125 Dominum
872 5073 935 5123 ad
986 5082 1188 5135 tempus
1228 5076 1277 5120 iu
1330 5070 1577 5137 legalibus
1629 5083 1713 5119 sa-

180 5139 396 5191 crtliciis
420 5143 704 5193 secundum
726 5146 894 5195 Aaron
940 5143 1201 5197 institutis,
1228 5140 1509 5191 benedicam
1540 5137 1712 5187 Domi—

181 5224 302 5259 nam
319 5211 370 5260 in
393 5210 526 5260 omni
555 5220 788 5276 tempore,
809 5210 855 5260 id
878 5220 976 5274 est,
1008 5211 1318 5261 :rternaliter
1346 5220 1435 5275 per
1458 5207 1710 5259 sacrilicia

180 5278 470 5333 secundum
486 5279 861 5331 Melchisedech
880 5280 1128 5331 instituta.
1156 5278 1301 5332 Unde
1325 5279 1517 5329 dictum
1546 5284 1622 5326 est
1641 5291 1712 5327 se-

178 5350 401 5400 cundum
412 5344 1002 5400 ordiaemblelchisedech
1025 5362 1042 5399 :
1068 5358 1117 5397 tu
1137 5340 1364 5398 sacerdos
1385 5348 1435 5398 in
1450 5351 1705 5397 internum.

186 5416 276 5472 Vel
326 5422 499 5472 aliter.
543 5416 743 5467 Primus
799 5415 964 5468 Adam
1019 5416 1281 5469 benedixit
1329 5414 1599 5468 Dominum
1646 5416 1709 5467 ad

184 5486 389 5553 horam,
429 5487 649 5546 scilicet,
703 5482 823 5535 dum
876 5488 1097 5550 perstitit
1143 5487 1192 5537 iu
1248 5485 1575 5546 humilitate;
1614 5498 1711 5550 ego

180 5566 353 5608 autem
386 5558 646 5609 secundus
692 5556 889 5605 scilicet
913 5555 1072 5606 Adam
1113 5554 1394 5606 benedicant
1441 5554 1712 5605 Dominum

184 5640 273 5693 per
298 5626 590 5677 custodiam
618 5624 916 5693 humilitatis
956 5626 1005 5673 in
1034 5628 1166 5675 omni
1195 5634 1432 5691 tempore,
1488 5624 1706 5687 scilicet,

184 5691 235 5749 et
262 5704 384 5749 ante
407 5696 702 5764 passionem
726 5705 773 5741 et
802 5696 852 5743 iu
876 5691 983 5756 ipsa
1007 5696 1264 5759 passione,
1291 5710 1385 5749 nec
1436 5694 1707 5762 cogitatio-

1816 4515 2031 4581 Legitur
2057 4518 2193 4567 enim
2223 4519 2355 4583 quod
2404 4532 2521 4567 cum
2572 4516 2620 4567 in
2671 4518 2909 4582 passione
2959 4516 3160 4573 Domini
3204 4526 3344 4578 circa

1817 4596 2090 4648 VCSpCI‘am
2140 4585 2189 4635 in
2244 4596 2519 4650 parassete
2566 4585 2922 4651 frangerentur
2965 4601 3116 4643 crura
3162 4604 3343 4647 co‘rum

1815 4655 1900 4715 qui
1950 4668 2066 4705 cum
2095 4666 2158 4705 eo
2188 4652 2420 4705 cruciﬁxi
2462 4663 2599 4715 Sunt,
2635 4668 2687 4706 ιιι
2718 4657 2869 4707 ριιιιιι
2911 4658 2974 4711 ab
3003 4660 3098 4711 llac
3138 4662 3345 4720 miseria

1818 4723 2183 4783 liberarentur,
2216 4737 2366 4775 crura
2412 4724 2523 4790 ejus
2564 4729 2664 4777 non
2697 4740 2754 4775 su
2780 4724 2814 4775 ιι
2845 4724 3003 4777 fracta
3032 4768 3045 4786 ,
3079 4738 3193 4793 qua
3225 4746 3343 4785 eum

1818 4803 2024 4845 ventum
2052 4802 2189 4844 esset
2215 4794 2279 4843 ad
2306 4809 2444 4854 eum,
2472 4793 2671 4858 placide
2692 4808 2808 4843 eum
2836 4796 3100 4850 «spirasse
3132 4800 3345 4853 iuve‘uo-

1816 4865 2131 4937 I'I‘IIII..MQII0d
2178 4872 2351 4914 autent
2390 4878 2578 4937 corpus
2604 4864 2718 4927 ejus
2767 4875 3016 4937 remansit
3043 4866 3342 4937 integrum,

1817 4933 1933 5005 ideo
1955 4934 2143 5005 factum
2167 4942 2265 5005 est,
2288 4942 2343 5005 ut
2365 4946 2453 5005 per
2478 4934 2571 5005 huc
2592 4942 2857 5005 notaretur
2874 4934 3007 5005 quod
3041 4936 3090 5005 in
3126 4933 3344 5005 οιῖιτρσω

1816 5001 2021 5066 ejus,_id
2050 5010 2148 5062 est,
2187 4998 2438 5070 Ecclesia,
2464 5002 2644 5054 scissio
2674 5014 2773 5050 nou
2802 5008 2941 5052 esset
2972 4998 3231 5070 iacienda,
3252 5011 3343 5061 sed

1817 5072 1985 5121 unitas
2016 5069 2291 5123 servanda.

1889 5137 2139 5210 Exquisita
2166 5136 2452 5192 Dominum.
2498 5136 2618 5191 Dico
2642 5138 2954 5207 magnlﬁcdte
2982 5138 3268 5210 Dominum,
3299 5160 3349 5200 et

1817 5208 1866 5260 ia
1899 5211 1993 5259 hoc
2024 5208 2266 5258 habetote
2289 5224 2372 5261 ine
2398 5210 2446 5260 iu
2472 5210 2785 5271 exemplum,
2811 5209 2926 5274 quia
2954 5222 3050 5273 ego
3076 5212 3215 5263 aliud
3240 5208 3341 5265 oon

1814 5276 2026 5343 quaesivi
2052 5291 2078 5325 a
2105 5275 2341 5337 Domum,
2368 5278 2456 5329 sed
2487 5278 2743 5342 exquisivi,
2776 5281 2821 5329 id
2850 5286 2949 5338 est,
2975 5283 3204 5341 exceptis
3230 5283 3349 5335 aliis

1817 5345 2041 5412 primitiis
2068 5347 2327 5414 omnibus,
2359 5348 2522 5398 solum
2557 5348 2715 5399 Deum
2744 5346 3009 5413 praemium
3034 5353 3270 5414 quasivi,
3297 5366 3343 5405 et

1816 5416 1931 5467 ideo
1961 5413 2205 5467 Dominus
2224 5416 2470 5467 exaudivit
2499 5431 2572 5465 me
2593 5430 2694 5467 non
2722 5414 2967 5477 exterius,
2991 5418 3081 5469 sed
3106 5413 3340 5472 interius.

1816 5483 1951 5537 Talis
1993 5497 2131 5535 enim
2198 5486 2476 5550 exquisitio
2522 5486 2577 5536 iit
2628 5486 2893 5549 exterius,
2944 5501 3046 5538 non
3100 5488 3336 5549 interius,

1816 5556 2055 5624 quareet
2081 5556 2358 5606 exauditio.
2396 5555 2558 5606 Intret
2600 5555 2752 5620 igitur
2782 5556 2998 5624 quisque
3038 5569 3127 5607 cor
3165 5571 3337 5619 suum,

1816 5635 1867 5677 ct
1913 5622 2033 5672 inde
2074 5625 2341 5673 avaritiam
2385 5624 2631 5689 expellat,
2663 5634 2712 5675 et
2736 5622 2918 5677 omnes
2945 5640 3122 5690 pravas
3150 5636 3340 5677 concu-

1819 5692 1866 5759 pi
1885 5694 2113 5755 iceutias,
2150 5703 2200 5745 et
2238 5696 2312 5746 sic
2347 5694 2618 5748 Dotnznuui
2648 5705 2701 5749 ut
2744 5694 3051 5750 exaudiatur
3082 5696 3337 5764 exquirat.
