3912 6230
590 452 694 512 639

1057 459 1259 519 BEDE
1302 466 1732 520 VENERAHILIS
1768 466 1911 522 (li‘P.
1957 460 2127 521 PARS
2164 464 2226 517 ll.
2266 465 2451 520 SECT.
2496 466 2650 539 ll.~—
2682 467 2879 523 DUBIA
2924 468 3009 523 ET
3048 465 3314 525 SPUIllA.

3678 466 3768 516 6ϋο

593 575 691 629 lius
710 575 808 649 illo
836 590 987 643 ouem
1008 579 1177 649 sancti
1221 588 1619 649 martyres_non
1651 576 1920 649 viderunt.
1949 586 2001 631 et
2042 586 2117 630 ta-
2145 581 2190 637 Α
2222 578 2414 649 nonad
2444 578 2694 649 salutem,
2719 578 2811 634 sed
2839 580 2902 649 ad
2932 579 3346 639 devocationcm,
3377 580 3621 645 ronfund
3640 590 3764 631 ιηιιτ

648 659 711 697 en
738 644 801 695 ad
829 660 945 699 eum
974 644 1249 703 videndum
1274 644 1544 699 moriendo
1570 647 1744 700 venire
1771 648 2120 701 studuerunt?

621 712 723 765 luic
764 727 890 781 ergo
934 724 1110 771 cantet
1155 717 1325 768 anima
1364 727 1560 778 nostra,
1590 725 1763 768 cantet
1804 729 1991 780 corpus
2022 731 2117 769 no-

589 793 776 843 strum.
810 791 982 843 catttet
1012 793 1062 836 et
1103 796 1196 836 cor
1226 792 1481 838 nostrum.
1523 784 1771 851 Loquitur
1814 792 1986 837 autem
2036 786 2120 839 hic

590 860 1003 919 caputnostrum
1035 852 1257 919 primum
1304 869 1395 918 pro
1434 869 1492 907 se
1515 852 1712 913 dicens.
1740 867 1841 905 non
1886 855 2119 908 malevo-

591 917 748 989 lentia
778 918 1009 986 Optandi,
1034 917 1123 974 sed
1155 917 1478 985 prmsCientia
1507 921 1881 989 pr0phetandi:
1912 921 2119 977 Domine

589 985 766 1052 Pater.
784 990 963 1059 judico
992 999 1218 1059 nocentes
1260 1007 1358 1059 me,
1390 991 1438 1042 id
1466 985 1565 1053 est.
1592 985 1798 1045 Jndzeos
1838 1006 1920 1043 me
1965 1003 2118 1057 caput

590 1058 1066 1118 nocerevolentes.
1090 1060 1177 1124 qui
1193 1058 1475 1130 iudiciaria
1496 1069 1746 1125 potestate
1770 1073 1860 1112 sua
1883 1059 2117 1130 iudicant

590 1140 675 1196 pte
704 1138 996 1196 nocentem,
1030 1143 1131 1181 non
1173 1128 1515 1182 discernendo
1562 1142 1645 1182 me
1690 1144 1779 1195 per
1806 1128 2017 1196 poenam
2052 1132 2117 1183 ab

591 1195 783 1262 impiis.
809 1195 986 1250 Judica
1021 1205 1101 1249 tua
1127 1196 1396 1263 iudiciaria
1425 1206 1678 1264 potestate
1706 1195 2032 1262 per’causam
2064 1210 2115 1252 ut

594 1274 859 1327 nocentes,
888 1281 969 1319 me
996 1276 1166 1319 autem
1196 1280 1244 1318 ιιι
1280 1268 1609 1319 innocentem
1644 1283 1654 1316 :
1687 1266 1748 1317 da
1772 1266 1888 1317 illos
1918 1267 2115 1321 scilicet

590 1333 640 1391 in
684 1337 959 1400 reprobum
1008 1349 1214 1391 sensum
1259 1346 1471 1401 propter
1500 1350 1645 1389 suam
1688 1335 1999 1401 nequitiam,
2035 1354 2117 1390 me

587 1413 761 1460 autem
809 1406 1055 1461 resusrita
1098 1415 1306 1470 propter
1335 1418 1500 1457 meam
1532 1404 1898 1457 innocentiam.
1932 1403 1994 1457 Et
2022 1407 2112 1458 int-

586 1483 861 1542 pugnantcs
908 1490 1003 1536 me,
1052 1473 1098 1525 id
1154 1483 1233 1525 est
1280 1487 1441 1535 meos,
1490 1482 1543 1525 et
1584 1488 1682 1525 non
1712 1484 2112 1541 expugnantes:

588 1542 809 1609 gentiles
838 1542 947 1595 sive
974 1542 1228 1609 quoslibet
1259 1558 1512 1610 expugna,
1544 1542 1591 1595 id
1636 1550 1715 1595 est
1754 1542 2116 1597 invictoriosos

586 1618 637 1667 et
671 1612 957 1664 itieificaces
998 1612 1176 1671 redde,
1206 1620 1262 1662 ut
1293 1626 1391 1663 non
1425 1611 1518 1677 ipsi
1556 1619 1871 1680 expugnent,
1897 1613 1986 1665 scd
2019 1614 2112 1677 ipsi

588 1691 984 1747 expugnentur,
1038 1692 1089 1730 ut
1132 1689 1523 1733 com‘ertautur.
1570 1678 1714 1733 Sicut
1758 1680 1897 1749 enim
1939 1684 2116 1749 judica

588 1749 735 1819 prius
760 1751 1009 1815 accipitur
1039 1750 1086 1803 in
1119 1750 1276 1811 malo,
1304 1749 1371 1801 ita
1404 1766 1629 1819 expugna
1672 1752 1751 1802 hic
1782 1750 1831 1802 iit
1864 1748 2021 1805 bono.
2055 1751 2117 1803 Et

588 1816 807 1871 refertur
837 1820 929 1871 hoc
957 1819 1018 1871 ad
1046 1833 1249 1882 corpus,
1281 1818 1412 1870 sicut
1438 1816 1561 1871 illud
1592 1829 1642 1870 et
1664 1828 1834 1884 caput.

2220 647 2415 698 salubri
2445 648 2641 701 scilicet
2682 648 3001 702 conlusione.
3034 650 3285 700 Conlusio
3315 650 3454 700 enim
3486 650 3593 699 alia
3628 650 3761 699 salu-

2220 714 2345 775 bris,
2391 716 2489 769 alia
2520 731 2641 771 non.
2688 717 2763 772 illi
2794 732 2919 771 vero
2943 717 3327 770 confunduntur
3355 718 3554 769 salubri
3589 718 3764 770 confu~

2216 785 2386 846 sione,
2417 788 2503 851 qni
2532 786 2597 839 de
2625 799 2843 838 numero
2874 786 3153 839 infidelium
3187 797 3458 839 transeunt
3490 787 3542 839 in
3580 802 3759 839 nume.

2218 866 2330 905 rum
2361 854 2606 917 ﬁdelium,
2631 855 2708 908 vel
2738 856 2803 908 de
2834 870 3050 907 numero
3074 867 3463 921 persecutorum
3497 856 3551 907 iu
3582 872 3761 909 nam

2216 934 2328 973 runt
2361 924 2736 986 membrorum,
2763 932 2819 975 ut
2849 924 2963 975 fecit
2993 923 3198 976 Paulus.
3231 924 3292 975 Et
3317 926 3598 977 sciendum
3641 927 3753 989 quia

2215 991 2422 1056 quidam
2457 992 2708 1043 malorum
2754 993 2821 1043 ita
2848 994 3148 1059 junguntur,
3182 1005 3233 1043 ιιι
3274 1007 3300 1042 a
3334 992 3561 1045 Domino
3606 1008 3755 1060 sepa-

2218 1071 2398 1112 rentur
2426 1069 2478 1112 et
2506 1062 2847 1119 damnentur;
2876 1063 3085 1128 quidam
3118 1076 3241 1112 vero
3274 1062 3362 1123 ita,
3397 1072 3453 1113 ut
3479 1065 3540 1114 ad
3576 1063 3754 1113 Donn-

2216 1142 2335 1198 num
2380 1138 2764 1181 convertuntur.
2814 1131 2875 1182 Et
2914 1130 2983 1183 de
3025 1129 3103 1182 liis
3146 1130 3229 1198 qui
3270 1141 3650 1182 Convertuntur
3681 1133 3756 1182 hic

2217 1196 2433 1275 primum
2462 1199 2623 1262 dicit,
2651 1198 2847 1275 deinde
2884 1200 3021 1252 dicet
3063 1199 3128 1253 de
3165 1196 3301 1251 aliis.
3330 1201 3751 1275 _Confun_dau‘tur,

2216 1267 2441 1333 inquam,
2470 1276 2740 1333 quaerentes
2767 1269 2981 1319 animum
3021 1284 3201 1332 meam,
3235 1280 3284 1321 et
3330 1267 3394 1319 ita
3428 1270 3755 1320 confundan-

2217 1343 2295 1386 tur
2326 1344 2378 1385 ut
2419 1345 2753 1400 revereantur,
2786 1338 2833 1388 id
2861 1346 2959 1398 est,
3002 1338 3343 1389 extimescant
3372 1346 3588 1403 peccata
3639 1352 3751 1399 sua,

2215 1404 2261 1455 id
2291 1414 2368 1455 est
2398 1415 2730 1457 revereantur
2750 1405 2939 1471 justos,
2964 1422 3065 1457 non
3095 1408 3343 1458 habentes
3372 1406 3492 1473 quid
3522 1407 3608 1459 eis
3630 1420 3751 1457 cou-

2217 1474 2487 1525 tradicant.
2520 1473 2583 1525 Et
2610 1485 2891 1525 avertamur
2931 1490 2958 1524 a
3010 1473 3398 1540 persequendo,
3444 1476 3511 1526 ita
3564 1485 3624 1525 ιιι
3664 1476 3750 1538 qui

2215 1542 2354 1607 prius
2382 1552 2501 1594 ante
2527 1540 2747 1605 fuerant,
2780 1543 2881 1594 sint
2907 1554 3166 1594 refrorsum
3194 1558 3347 1595 secus
3384 1545 3539 1609 pedes
3579 1544 3748 1595 Domi-

2216 1610 2289 1673 ni,
2319 1611 2516 1663 scilicet
2540 1616 2623 1674 qui
2654 1610 2856 1662 fuerant
2886 1612 3258 1674 pra-cedentes,
3292 1614 3393 1663 sint
3421 1613 3743 1678 saltss-queo-

2215 1687 2311 1739 tes,
2352 1688 2403 1730 et
2449 1689 2805 1743 persecutores
2844 1680 2945 1730 sint
2993 1680 3378 1743 prtedicatores.
3427 1682 3740 1736 Acerrantar.

2215 1747 2441 1814 inquam,
2465 1757 2509 1798 et
2533 1750 2923 1814 confundantur,
2956 1750 3024 1799 ita
3047 1757 3100 1799 ιιι
3121 1750 3203 1814 qui
3232 1763 3365 1801 nunc
3385 1754 3754 1813 suntcogitatt'

2215 1824 2283 1867 tes
2323 1816 2443 1866 mihi
2472 1827 2517 1867 et
2551 1818 2679 1868 meis
2708 1818 2869 1877 mala,
2901 1818 3003 1868 sint
3032 1818 3153 1867 milii
3184 1817 3540 1870 desiderantes
3569 1820 3739 1879 bona;

654 1887 976 1961 Appreltende
1009 1902 1147 1938 arma
1171 1896 1217 1938 et
1250 1896 1438 1938 scutum
1468 1903 1486 1939 :
1514 1898 1558 1939 et
1598 1903 1805 1953 exsurge
1831 1890 1879 1940 in
1907 1889 2111 1961 adjuto-
2146 1903 2189 1961 Β
2219 1887 2301 1961 qui
2328 1894 2505 1961 a_ute_m_
2530 1886 2578 1937 id
2610 1885 2811 1961 nolunt,
2836 1887 2957 1961 [iant
2987 1896 3215 1961 tanquam
3247 1886 3423 1961 pulvis,
3448 1898 3500 1938 et
3523 1888 3738 1952 reliqua.

584 1956 713 2006 rium
744 1956 882 2009 milii.
919 1956 1039 2008 Dico
1067 1972 1315 2021 expugna,
1338 1966 1389 2007 et
1416 1966 1468 2006 ut
1497 1970 1777 2022 expugnes,
1801 1956 2111 2024 apprehende

587 2040 728 2082 arma
757 2035 859 2077 tua.
904 2026 1037 2077 Ecce
1078 2039 1319 2089 inagnum
1360 2024 1709 2089 speetaculum
1743 2027 1919 2079 videre
1950 2027 2110 2080 Dettm

584 2102 859 2146 armatum.
892 2092 1039 2147 Smit‘
1068 2102 1237 2145 autem
1269 2108 1409 2144 arma
1442 2093 1527 2144 Dei
1571 2094 1917 2159 principaliter
1942 2098 2109 2149 anima

584 2160 747 2229 ipsius
796 2162 1044 2217 Dominici
1086 2162 1305 2213 hominis
1351 2162 1431 2215 hic
1462 2162 1807 2230 agentis,qua
1850 2164 1959 2231 ipse
1989 2181 2111 2219 usus

584 2230 754 2301 estad
783 2231 1115 2301 debellandos
1162 2232 1330 2283 aerias
1373 2239 1677 2295 potesmtes,
1728 2230 1878 2284 velut
1914 2236 2109 2301 potenti

581 2299 799 2353 framea.
834 2300 1114 2354 Saeculat‘ia
1140 2314 1343 2367 quoque
1372 2310 1489 2353 sunt
1518 2317 1658 2352 arma
1695 2301 1892 2352 Domini
1918 2299 2111 2355 anima:

580 2367 866 2435 justorum.
895 2383 947 2422 et
978 2380 1166 2421 nostrae
1198 2368 1350 2420 etiam
1383 2370 1589 2430 animai,
1620 2369 1685 2420 ita
1709 2371 1913 2435 quidem
1943 2371 1983 2421 si
2017 2385 2110 2423 nos

584 2437 718 2493 bene
764 2437 1153 2503 profecerimus,
1199 2438 1245 2488 id
1277 2446 1372 2499 est,
1406 2439 1445 2487 si
1494 2440 1600 2502 ipse
1649 2438 1787 2499 prius
1834 2440 2112 2493 armai‘eiit

584 2519 683 2561 nos
708 2517 869 2585 scuto
908 2506 1045 2585 iidei,
1075 2516 1133 2585 et
1170 2506 1311 2585 galea
1352 2506 1553 2583 salutis,
1582 2514 1635 2585 et
1661 2506 1831 2585 gladio
1877 2507 2107 2585 spiritus,

583 2576 719 2642 quod
744 2584 825 2629 est
855 2577 1067 2629 verbum
1100 2574 1207 2628 Dei.
1241 2575 1327 2626 llis
1347 2574 1484 2626 enim
1516 2574 1870 2641 spiritualibus
1900 2585 1952 2629 et
1983 2578 2110 2627 invi-

582 2644 822 2698 aibilibus
847 2647 1002 2698 armis
1030 2654 1194 2697 armat
1232 2643 1477 2697 Dominus
1506 2654 1681 2695 contra
1731 2643 1907 2697 hostes
1948 2646 2111 2708 Spiri-

583 2714 747 2766 tnales
791 2725 841 2766 et
886 2714 1170 2767 invisibiles
1197 2715 1397 2764 animas
1439 2722 1660 2773 uestras,
1690 2724 1743 2762 ut
1774 2713 1967 2778 possint
1994 2728 2109 2767 etsc

583 2781 695 2849 ejus
720 2798 882 2846 arma,
910 2794 962 2835 et
988 2782 1174 2835 deinde
1202 2780 1666 2849 appreltenditeas,
1696 2795 1809 2846 qua!
1835 2781 1978 2846 quasi
2010 2783 2107 2834 im-

589 2848 809 2921 mobiles
844 2867 937 2921 per
980 2866 1036 2905 se
1080 2860 1229 2921 erant
1270 2848 1661 2921 adbcllaudum
1685 2851 1822 2921 velut
1850 2864 2012 2921 arma.
2046 2852 2109 2905 Et

514 2920 535 2978 ί
586 2920 745 2973 utitur
769 2918 924 2975 eis—ut
954 2920 1159 2986 frameis
1198 2928 1252 2980 et
1288 2919 1351 2970 ad
1394 2918 1727 2971 debellandos
1772 2918 2026 2983 inimicos,
2057 2932 2109 2974 et

581 2991 645 3041 ad
677 3006 767 3043 nos
792 2990 1161 3045 defendendos.
1186 2988 1331 3053 Quod
1352 2988 1519 3040 aut'em
1548 2987 1739 3048 subdit,
1782 2988 1844 3039 Et
1890 3000 2104 3051 scutum,

584 3074 685 3114 non
715 3070 793 3112 est
830 3060 1117 3128 appositum
1147 3067 1200 3110 ut
1222 3058 1505 3128 diversum.
1536 3056 1645 3108 Non
1674 3056 1810 3128 enim
1840 3057 1924 3128 ita
1947 3068 2026 3110 est
2057 3061 2107 3112 iu

585 3127 665 3181 bis
692 3125 1229 3195 armis‘s‘piritualibus
1257 3126 1391 3178 sicut
1435 3126 1483 3177 in
1511 3125 1881 3195 corporalibus,
1917 3126 1964 3177 in
1994 3130 2109 3195 qni-

585 3200 680 3257 itus
706 3194 1032 3264 gladiusno-n
1060 3204 1138 3248 est
1164 3204 1387 3255 scutum,
1416 3206 1807 3264 nequescutum
1836 3194 1994 3248 lorica
2016 3194 2101 3251 vel

584 3262 749 3332 galea,
776 3268 892 3333 quia
933 3267 995 3318 in‘
1025 3265 1103 3317 Itis
1153 3272 1234 3317 est
1272 3264 1530 3316 identitas.
1564 3262 1753 3317 Eadem
1800 3266 1935 3317 enim
1978 3266 2105 3321 lides

585 3334 846 3391 invenitur
886 3334 1128 3388 vocaliter
1165 3333 1319 3386 lorica
1361 3340 1413 3385 et
1450 3342 1671 3385 scutum.
1714 3333 1927 3386 Scututn
1966 3337 2101 3401 ideo,

584 3401 699 3471 quia
745 3405 883 3472 ignea
921 3405 1020 3459 tela
1064 3403 1343 3471 nequissimi
1371 3402 1601 3469 repellit;
1632 3402 1786 3454 lorica
1816 3418 1957 3465 vero,
1985 3407 2105 3471 quia

584 3471 813 3525 nostrum
859 3475 1069 3529 interius
1115 3490 1142 3525 a
1193 3471 1559 3526 tentationibus
1604 3472 1769 3522 munit
1815 3471 2101 3527 diabolicls.

550 3593 557 3599 .
589 3541 678 3596 Vel
706 3543 821 3609 quia
852 3559 991 3597 arma
1020 3544 1256 3596 dicuntur
1285 3540 1349 3593 ab
1372 3538 1528 3591 armis
1556 3540 1902 3605 protegendis,
1937 3552 2107 3606 potest

582 3613 742 3678 accipi
767 3627 1025 3665 armorum
1049 3610 1326 3677 descriptio
1350 3622 1440 3676 per
1462 3609 1837 3671 excellentiam,
1862 3615 2103 3673 quoniam

581 3691 784 3732 scutum
825 3682 1055 3747 maxime
1096 3692 1268 3731 armos
1318 3678 1555 3747 protegit.
1599 3678 1985 3744 Apprelieudet,
2029 3683 2107 3735 in-

582 3762 759 3813 quam,
791 3744 952 3801 arma.
990 3749 1051 3802 Et
1082 3749 1179 3819 hoc
1206 3744 1447 3819 modotu
1472 3744 1554 3819 qui
1585 3749 1724 3811 prius
1750 3747 2009 3802 videbaris
2030 3751 2106 3819 ja-

583 3830 705 3869 cere
734 3819 1136 3889 malis,ea=surge
1166 3818 1215 3889 iu
1246 3816 1842 3889 notitiamplurimorttm
1872 3826 1988 3889 tuos

582 3899 724 3954 arma
776 3887 856 3939 illa
898 3886 1251 3949 defendendo,
1280 3896 1333 3938 et
1362 3886 1597 3938 inimicos
1635 3888 1997 3954 expugnando.
2045 3888 2108 3940 Et

562 3953 754 4030 ’ltoc‘iit
783 3959 1087 4030 odjutorium
1114 3956 1256 4020 mihi,
1283 3955 1331 4007 id
1360 3963 1724 4030 estineorunt.
1783 3953 1788 3954 ⁷
1951 4026 1961 4030 _
2039 3995 2051 4003 .

652 4022 871 4090 E/Tund'e
896 4034 1157 4094 [r.-.meam,
1188 4034 1230 4077 et
1251 4022 1487 4076 conclude
1512 4024 1745 4094 adversus
1772 4040 1852 4075 eos
1880 4026 1962 4091 qui
1990 4042 2105 4093 per—

580 4107 850 4158 sequuntur
871 4092 1094 4149 mentio
1133 4097 1313 4146 anima:
1353 4106 1474 4144 mea:
1500 4106 1519 4144 :
1546 4092 1697 4161 Salus
1736 4102 1819 4144 tua
1846 4110 1935 4161 ego
1975 4092 2103 4149 sum.

584 4162 851 4231 Exsurge,
886 4166 1091 4233 inquam
1113 4206 1125 4225 ,
1158 4173 1213 4215 ut
1240 4177 1485 4233 exsurﬁgas
1524 4160 1721 4225 effunde
1754 4160 1989 4229 frameam
2012 4205 2026 4227 ,
2056 4166 2105 4218 id

580 4240 681 4301 est,
711 4232 1081 4298 multiplicetur
1107 4246 1350 4301 numerus
1384 4232 1663 4301 iustorum,
1710 4244 1763 4282 ut
1792 4234 1979 4301 ubique
2006 4234 2108 4286 sint

582 4298 753 4359 ell'usi,
780 4314 997 4366 quorum
1025 4301 1125 4351 vita
1149 4309 1227 4352 est
1255 4300 1444 4352 framea
1474 4308 1558 4350 tua
1580 4300 1645 4351 ad
1672 4298 1995 4354 inittticorum
2020 4306 2108 4354 dc-

586 4368 932 4446 pressionem,
962 4378 1014 4421 et
1040 4378 1238 4446 tuorum
1268 4368 1659 4446 protectiouetn.
1706 4368 1769 4446 fit
1805 4384 1894 4435 per
1924 4370 2107 4423 horum

586 4435 967 4490 multitudinem
999 4436 1257 4501 conclude,
1286 4436 1335 4489 id
1377 4443 1474 4497 est,
1505 4435 1886 4495 conclusionem
1915 4450 1968 4492 et
1998 4455 2108 4492 niu-

586 4502 833 4572 nitiopem
862 4504 939 4557 fac
965 4506 1195 4569 adversus
1230 4520 1312 4573 eos
1336 4504 1424 4573 qui
1448 4517 1802 4572 persequuntur
1823 4523 1917 4573 nte,
1950 4508 1999 4561 id
2028 4517 2109 4561 est

522 4615 528 4621 .
585 4553 1307 4642 ista;gessissegess
1330 4553 1788 4630 stissimo;
1814 4553 2109 4631 suis};
2133 4553 2184 4613 Ι)

584 4638 857 4698 όωιιιοιιίἰε
881 4638 990 4697 sive
1020 4644 1069 4696 in
1100 4638 1345 4713 terrenis,
1369 4652 1417 4695 et
1447 4644 1521 4695 sic
1563 4645 1796 4698 volentes
1826 4660 1915 4699 eos
1956 4648 2113 4713 devo-

586 4728 724 4776 care,
748 4721 891 4767 etest
917 4712 1094 4768 dicere
1125 4730 1136 4764 :
1163 4711 1357 4767 Tantus
1378 4713 1463 4766 list
1490 4727 1735 4767 numerus
1758 4716 2029 4780 bonorum,
2059 4726 2114 4769 ut

587 4782 867 4839 adversarii
890 4792 1126 4850 stupeant
1146 4792 1197 4851 et
1218 4792 1547 4837 reveresiitur
1570 4798 1671 4837 non
1700 4785 1949 4837 habentes
1974 4786 2113 4851 quod

587 4851 737 4919 nobis
766 4852 1136 4906 contradicant.
1169 4850 1452 4913 Conclude,
1483 4854 1713 4919 inquam,
1738 4863 1793 4905 et
1817 4852 1898 4903 dic
1926 4854 1977 4905 in
1996 4850 2113 4906 revi-

584 4917 758 4973 dentia
786 4921 880 4981 rei,
910 4922 980 4973 ita
1019 4921 1217 4975 scilicet
1252 4932 1308 4975 ut
1349 4917 1651 4983 intelligam,
1680 4920 1863 4972 animt:
1902 4936 2023 4973 mete
2059 4928 2115 4975 et

588 5000 821 5059 nieorum
841 5006 864 5059 ε
894 4988 998 5053 dic,
1028 4992 1255 5059 inquam.
1284 4989 1444 5052 istud,
1476 4987 1585 5059 Ego
1619 5003 1731 5059 sunt
1759 4992 1892 5042 saltis
1931 4998 2041 5059 tua,
2062 5000 2114 5043 et

588 5071 690 5108 non
720 5055 888 5125 aliud,
917 5055 1147 5113 videlicet
1194 5068 1247 5112 ut
1285 5059 1397 5112 sive
1440 5055 1712 5113 subveniat
1756 5059 1966 5125 angelus
2004 5058 2114 5121 sive

588 5126 767 5188 homo.
798 5124 864 5180 de
910 5137 959 5179 te
1005 5142 1209 5194 semper
1252 5127 1419 5181 dicam
1453 5127 1568 5179 :Tu
1597 5141 1655 5179 es
1700 5124 1847 5180 salus
1880 5141 2017 5181 mea.
2050 5128 2113 5181 Et

586 5194 788 5266 etiamsi
819 5195 927 5249 lucc
946 5196 1437 5266 terrenaconteraut
1460 5196 1585 5266 Inibi
1615 5194 1824 5266 aliquod
1849 5196 2111 5260 solatium.

586 5264 753 5343 dicam
771 5266 897 5343 quia
926 5273 977 5343 tu
1005 5278 1063 5318 es
1088 5264 1236 5318 salus
1253 5278 1365 5343 mea
1384 5270 1407 5328 ,‘
1432 5265 1555 5343 quia
1575 5273 1629 5316 tu
1658 5281 1741 5343 me
1769 5264 1849 5343 bis
1876 5266 2113 5343 cotisola-

587 5336 658 5387 ris
688 5335 738 5387 in
770 5335 865 5390 bac
894 5333 1024 5401 vita,
1050 5347 1168 5400 qua
1193 5342 1273 5384 est
1300 5332 1463 5401 quasi
1509 5332 1607 5397 via,
1650 5334 1735 5385 ubi
1784 5334 1893 5387 hac
1937 5335 2113 5390 omnia

584 5402 777 5523 {legant
804 5418 920 5487 esse
960 5400 1217 5457 stabulum
1264 5400 1467 5463 viatori,
1498 5414 1600 5453 nou
1642 5409 1881 5471 tanquam
1926 5403 2113 5458 domus

604 5488 647 5523 l8
691 5488 702 5523 Ι
728 5489 755 5523 a
780 5489 878 5523 0H.

604 5472 878 5529 tabitatori.

653 5544 1033 5611 Confundantur
1083 5548 1131 5593 et
1192 5548 1499 5593 revereatur
1559 5549 1830 5611 quarenles
1891 5541 2110 5595 anitnant

584 5610 765 5664 meum.
792 5613 1087 5665 Aoertautur
1111 5619 1377 5661 retrorsum
1411 5618 1458 5662 et
1496 5610 1864 5679 confundantur
1897 5612 2110 5679 cogitan-

584 5688 654 5740 tes
678 5682 795 5729 mihi
818 5682 969 5733 mala.
995 5680 1115 5733 Ideo
1147 5686 1264 5743 pcto
1289 5688 1343 5730 ut
1370 5680 1671 5739 concludas,
1698 5687 1752 5731 et
1770 5679 1958 5732 anima:
1980 5692 2109 5732 mea

587 5746 703 5797 talia
733 5747 901 5808 dicas.
930 5757 988 5801 nt
1017 5762 1106 5812 per
1136 5746 1232 5799 hoc
1259 5758 1549 5812 querentes
1594 5750 1816 5801 animam
1859 5763 2027 5802 meam
2055 5755 2110 5802 et

587 5830 839 5883 nieorum.
872 5830 973 5885 non
1000 5818 1062 5868 ad
1095 5815 1452 5883 imitationem,
1477 5817 1567 5873 sed
1598 5816 1660 5870 ad
1688 5816 2105 5887 damnationem;

2222 1948 2313 2023 ilic
2354 1954 2533 2019 incipit
2559 1969 2712 2014 agere
2740 1955 2802 2005 de
2837 1948 2944 2006 illis
2974 1948 3138 2018 malis,
3172 1948 3254 2021 qui
3289 1956 3352 2006 ita
3378 1948 3666 2023 junguntur
3694 1970 3742 2005 ut

2208 2022 2539 2075 damnentur.
2591 2024 2969 2075 Potestaetiam
3018 2027 3151 2090 quod
3206 2022 3489 2090 ttrchdii,
3544 2027 3743 2077 scilicet

2211 2090 2595 2155 Confuntlantur
2621 2092 2889 2159 cegituntes
2919 2093 3037 2142 mihi
3067 2096 3217 2154 mala,
3250 2093 3501 2145 adversus
3529 2096 3738 2147 eosdem

2170 2210 2173 2213 η
2208 2160 2389 2212 referri
2433 2160 2528 2211 lioc
2556 2160 2710 2213 modo
2742 2178 2752 2210 :
2784 2160 2855 2211 Illi
2886 2162 3090 2226 quidem
3126 2172 3404 2213 avertantur
3446 2172 3735 2214 retrorsum.

2211 2227 2285 2279 Ex
2318 2228 2555 2294 opposito
2596 2241 2769 2281 autem
2816 2246 2914 2283 non
2955 2232 3118 2281 solum
3148 2232 3415 2293 facientes,
3463 2234 3553 2284 sed
3587 2233 3738 2282 etiam

2208 2299 2477 2363 cogitantes
2506 2308 2894 2364 perseveranter
2924 2299 3055 2349 nulla
3077 2301 3195 2351 mihi
3222 2311 3272 2351 et
3301 2302 3451 2361 meis,
3482 2302 3739 2364 accipiant

2207 2367 2341 2431 quod
2401 2376 2701 2429 merentur;
2741 2369 3113 2435 confundantur
3175 2369 3375 2421 scilicet
3434 2368 3737 2422 confusione

2206 2444 2421 2487 a'terna.
2468 2435 2610 2487 Nunc
2659 2446 2828 2487 autem
2879 2438 3079 2489 interim
3127 2438 3243 2501 ﬁant
3293 2448 3531 2504 tanquam
3580 2440 3736 2502 pulvis

2206 2514 2318 2555 ante
2339 2505 2515 2571 {aciem
2537 2506 2681 2555 venti.
2717 2504 2886 2557 Pulvis
2909 2516 3057 2555 terra:
3087 2507 3233 2556 lacile
3253 2506 3487 2556 aufertur
3510 2521 3539 2557 ,ι
3564 2517 3733 2567 vento,

2208 2572 2293 2625 ltic
2336 2584 2507 2624 autem
2552 2588 2644 2639 per
2673 2584 2880 2624 ventum
2913 2574 3161 2638 accipitur
3191 2575 3486 2638 quicunque
3516 2577 3737 2626 carnalis

2208 2650 2379 2691 motus
2408 2652 2457 2693 et
2488 2642 2702 2692 tentatio
2727 2642 2803 2693 vel
2833 2644 3094 2708 suggestio
3117 2644 3390 2695 diabolica.
3420 2642 3595 2694 Pulvis
3619 2658 3737 2695 vero

2208 2721 2504 2775 peccatores
2544 2710 2816 2773 dicuntur,
2844 2721 3079 2761 circulos
3119 2710 3336 2763 humore
3381 2711 3665 2763 allectionis
3686 2724 3737 2763 et

2207 2777 2714 2845 mi:ericordia3,'qui
2740 2780 2887 2832 facile
2913 2781 3227 2831 subruumnr
3255 2795 3282 2832 a
3315 2794 3470 2831 νιιιιιυ
3500 2782 3734 2833 elationis

2206 2859 2255 2899 et
2288 2847 2602 2903 tet'ttatiouis.
2637 2850 2697 2901 Et
2725 2849 2992 2900 estdicere
3027 2866 3036 2899 :
3071 2850 3220 2902 Tales
3246 2851 3369 2901 liant
3400 2860 3455 2900 ut
3481 2850 3543 2900 ad
3573 2865 3636 2900 nu
3661 2852 3734 2900 los

2206 2928 2379 2970 tuotus
2423 2933 2608 2984 pravos
2646 2918 2955 2975 subsiSlaut.
2989 2919 3077 2970 sed
3110 2920 3353 2971 omnibus
3392 2921 3596 2969 cedant.
3649 2918 3733 2970 Vel

2206 2986 2362 3037 etiam
2394 2999 2446 3038 ιιι
2475 3002 2502 3039 a
2546 2988 2771 3054 quolibet
2823 2996 2975 3038 vento
3009 2988 3128 3038 Ιιςυιει
3151 2991 3262 3038 time
3294 2988 3553 3039 doctrinae
3593 2986 3734 3039 facdo

2207 3056 2589 3121 Subvertantur,
2623 3055 2701 3107 vel
2743 3055 3185 3109 circumferuntur.
3225 3056 3284 3107 Et
3324 3058 3386 3107 ad
3436 3059 3533 3107 linc
3556 3057 3620 3107 sit
3647 3072 3734 3109 eos

2208 3135 2466 3177 coarctans
2493 3126 2564 3191 (id
2591 3137 2665 3177 est
2690 3128 3028 3190 compellens,
3063 3135 3115 3174 ut
3145 3127 3303 3191 magis
3336 3126 3735 3191 prmcipitcntnr}

2208 3195 2411 3262 angelus
2437 3194 2633 3245 Domini
2658 3209 2863 3262 pravus,
2884 3206 3121 3262 perquos
3150 3196 3303 3246 etiam
3342 3195 3591 3246 υυιιιιιιιις
3617 3210 3732 3261 ope-

2208 3260 2371 3317 ratur.
2402 3263 2553 3316 Juxta
2596 3263 2715 3331 illud
2746 3279 2757 3314 :
2794 3261 2931 3313 Fecit
2972 3260 3211 3315 Dominus
3256 3264 3608 3315 imntissiunem
3654 3260 3735 3331 per

2207 3333 2407 3398 angelos
2436 3333 2611 3384 malos.
2641 3329 2754 3382 Fiat
2781 3346 2983 3398 quoque
3010 3333 3107 3393 via,
3139 3332 3184 3383 id
3218 3344 3315 3395 est,
3347 3344 3450 3384 tota
3480 3333 3579 3383 vita
3604 3329 3733 3394 pra-

2210 3414 2329 3469 sens
2350 3402 2549 3453 illorum
2572 3400 2797 3464 tenebrte,
2816 3400 2863 3451 id
2884 3412 2981 3467 est,
3003 3402 3283 3469 ignorantia
3308 3403 3560 3453 veritatis.
3575 3399 3636 3453 Et
3658 3403 3733 3453 ιιι-

2210 3468 2417 3534 bricmn,
2435 3472 2484 3523 id
2505 3478 2582 3523 est
2604 3471 2652 3523 in
2677 3470 2823 3536 lapsu
2845 3473 3015 3523 omnis
3028 3468 3251 3522 carnalis
3270 3472 3729 3536 concupiscentia;

2208 3536 2272 3589 ad
2302 3538 2399 3591 ltoc
2428 3555 2603 3591 rursus
2631 3539 2695 3591 sit
2725 3554 2807 3591 eos
2838 3555 3157 3607 persequens.
3192 3540 3238 3590 id
3289 3554 3371 3591 est
3419 3539 3733 3604 compellens

2206 3609 2411 3675 angelus
2444 3608 2643 3661 Domini
2666 3622 2872 3676 pravus.
2900 3609 3074 3660 Potest
3101 3610 3255 3676 etiam
3280 3610 3364 3658 hic
3393 3622 3575 3660 versus
3606 3619 3731 3660 tutus

2209 3678 2270 3727 ad
2301 3675 2686 3730 similitudinem
2716 3678 2877 3729 solam
2906 3678 3013 3729 dici
3038 3676 3105 3727 ita
3140 3693 3150 3726 :
3187 3675 3296 3727 Vita
3332 3678 3541 3728 illorum
3572 3678 3635 3729 sit
3662 3678 3727 3729 si-

2209 3746 2349 3799 milis
2379 3746 2450 3799 illi
2482 3749 2565 3812 qui
2598 3748 2647 3798 itt
2679 3746 2956 3798 tenebroso
2981 3757 3031 3798 et
3073 3746 3269 3797 lubrico
3293 3745 3410 3798 loco
3443 3757 3730 3812 persecuta.

2210 3828 2318 3866 rem
2359 3816 2582 3881 patitur.
2628 3814 2712 3881 qui
2750 3815 2956 3878 quidem
3000 3815 3049 3866 iu
3082 3815 3317 3866 maximis
3343 3816 3596 3881 angustiis
3624 3830 3730 3869 ver-

2208 3892 2371 3946 satur,
2398 3887 2514 3951 quia
2547 3897 2641 3936 nec
2663 3892 2717 3951 ut
2744 3884 2910 3935 lucem
2938 3894 3205 3949 eaSpectet
3229 3884 3321 3936 sibi
3348 3885 3663 3936 conceditur.

2279 3950 2524 4015 Quoniam
2553 3950 2705 4021 gratis
2745 3956 3103 4005 absconderant
3139 3954 3259 4004 mihi
3289 3955 3543 4005 interitum
3578 3954 3733 4018 laquei

2207 4023 2285 4075 sui
2316 4038 2648 4090 :supervacue
2670 4026 3083 4089 exprobrauerunt
3128 4024 3348 4074 animant
3401 4039 3581 4073 meum.
3622 4023 3733 4074 Ideo

2207 4093 2325 4145 dico
2364 4102 2420 4144 ut
2449 4094 2564 4147 talia
2593 4094 2669 4145 eis
2696 4093 2953 4152 eveniant,
2978 4092 3219 4160 quoniam
3262 4091 3403 4158 digni
3436 4102 3594 4153 sunt;
3622 4090 3732 4157 quia

2209 4163 2361 4229 gratis
2382 4204 2395 4222 ,
2430 4162 2477 4213 id
2523 4172 2627 4223 est,
2656 4176 2770 4229 cum
2801 4161 2923 4211 nihil
2965 4163 3084 4213 ntali
3116 4165 3250 4222 apud
3283 4176 3375 4213 eos
3408 4164 3729 4217 meruissem.

2211 4228 2314 4281 imo
2344 4233 2500 4282 multa
2526 4232 2657 4283 bOua
2687 4228 2851 4281 [θοι-ευ
2874 4245 2944 4290 ιιι,
2976 4240 3205 4281 mortuos
3226 4246 3407 4283 eorum
3441 4231 3733 4281 suscitando

2209 4311 2259 4349 et
2313 4300 2543 4351 infirmos
2589 4299 2816 4351 Samiudo
2849 4316 2861 4352 :
2892 4309 3060 4351 tamen
3108 4298 3495 4359 absconderant,
3548 4298 3595 4350 id
3636 4306 3732 4358 est,

2210 4367 2483 4433 abscouse,
2518 4378 2762 4434 quantum
2802 4370 2863 4421 ad
2902 4384 2989 4433 se,
3030 4379 3339 4435 paraverunt
3382 4369 3633 4420 interitum
3662 4368 3734 4417 la-

2208 4438 2341 4505 quei.
2367 4437 2550 4505 Laquei
2578 4437 2692 4490 dico
2720 4439 2797 4489 sui
2840 4453 2942 4491 non
2976 4440 3095 4502 mei,
3128 4440 3176 4491 id
3203 4447 3301 4502 est,
3331 4441 3523 4491 multas
3561 4452 3735 4490 causas

2211 4517 2550 4565 contexerunt
2572 4548 2586 4571 ,
2618 4509 2749 4560 sicut
2783 4506 2993 4574 laqueus
3020 4510 3341 4568 contexitur,
3374 4523 3469 4572 per
3495 4522 3625 4571 quas
3653 4521 3738 4559 vo-

2211 4577 2415 4630 luerunt
2442 4593 2525 4631 me
2567 4579 2847 4642 illaqueare
2887 4578 2949 4629 ad
2979 4580 3266 4640 interitum,
3298 4587 3351 4628 ut
3378 4578 3603 4628 mundus
3628 4586 3739 4641 post

2212 4660 2295 4698 me
2324 4662 2425 4698 non
2463 4649 2625 4699 abiret
2656 4664 2666 4697 :
2696 4648 2786 4699 sed
2817 4645 2905 4699 ille
2934 4647 3146 4712 laqueus
3185 4649 3274 4698 fuit
3312 4660 3469 4703 suus.
3495 4646 3613 4712 quit
3643 4646 3734 4710 ipsi

2213 4714 2384 4780 potius
2413 4715 2671 4783 illaqueati
2710 4725 2831 4770 sunt
2869 4715 2933 4767 ad
2980 4716 3277 4768 interiorem
3312 4713 3598 4783 interitum.
3634 4714 3735 4776 Ego

2213 4796 2334 4835 vero
2360 4780 2648 4848 rosuri-esi,
2676 4795 2727 4835 et
2764 4785 2986 4839 mundus
3016 4792 3130 4848 post
3171 4797 3254 4834 me
3281 4780 3424 4833 abiit.
3458 4786 3737 4834 Absconde—

2210 4860 2348 4921 runt,
2371 4852 2599 4921 inquam,
2615 4854 2886 4906 interitum.
2907 4852 3003 4921 cui
3026 4865 3151 4921 vero
3174 4851 3594 4921 absconderunt?
3615 4851 3738 4903 ιιιιὲ

2212 4918 2409 4973 scilicet
2435 4918 2815 4976 absconderunt
2853 4920 3009 4975 corda
3050 4918 3277 4983 ipsorum
3310 4919 3736 4973 sbseoudentiam

2210 4990 2563 5057 cognoscenti,
2603 4991 2691 5058 qui
2722 4990 3057 5043 tamen.inter
3096 5002 3186 5042 eos
3211 5002 3354 5040 eram
3386 4990 3571 5041 siindis
3600 4990 3739 5054 igno-

2212 5059 2365 5111 ranti.
2391 5059 2454 5111 Et
2481 5058 3127 5128 exprobraueruntonimam
3150 5074 3327 5119 meam,
3353 5060 3404 5110 id
3426 5069 3527 5118 est.
3553 5072 3738 5128 oppug-

2212 5128 2323 5181 lria
2363 5128 2522 5181 multa
2544 5124 2832 5181 intulerunt
2870 5126 2987 5179 vitae
3027 5143 3175 5188 meae,
3221 5140 3272 5179 et
3316 5128 3415 5181 hoc
3455 5140 3637 5177 vacuo.
3681 5124 3737 5177 Et

2211 5212 2508 5264 supervacue
2538 5197 2766 5265 quidem,
2798 5204 3045 5264 quantum
3071 5197 3133 5249 ad
3171 5197 3269 5249 hoc
3297 5196 3502 5263 quidem
3528 5194 3737 5257 objece-

2212 5277 2352 5331 runt,
2374 5281 2489 5331 qua:
2509 5282 2611 5319 non
2632 5265 2819 5333 solide,
2841 5268 2917 5319 vel
2946 5277 2998 5319 ut
3024 5266 3131 5333 ipse
3151 5266 3374 5327 dixerat,
3402 5271 3735 5333 acceperunt.

2215 5333 2275 5389 Ut
2307 5329 2428 5388 illud
2453 5335 2591 5387 :‘Hic
2612 5334 2758 5397 dixit,
2785 5332 2997 5388 Possum
3021 5329 3268 5387 destruere
3294 5332 3530 5401 temptant
3552 5329 3662 5401 Dei,
3690 5340 3741 5383 et

2192 5404 2428 5476 reliqua.
2450 5404 2865 5476 Quantumenim
2894 5408 2955 5457 ad
2987 5406 3173 5473 ipsum,
3194 5399 3417 5476 solidum
3441 5400 3537 5476 fuit
3562 5399 3660 5452 hoc
3684 5412 3733 5453 et

2213 5469 2516 5538 perfectum,
2545 5473 2664 5540 quia
2712 5473 2820 5539 ipse
2854 5469 3017 5539 tertiq'
3037 5476 3119 5524 die
3158 5470 3446 5540 resurrexit.
3477 5469 3734 5534 Quantum

2210 5555 2334 5599 vero
2369 5542 2435 5595 ad
2476 5538 2615 5607 ipsos
2654 5538 2743 5609 qui
2765 5542 2830 5596 de
2861 5544 3050 5609 templo
3076 5538 3367 5593 Salomonis
3396 5540 3735 5609 boc‘aceepe-

2210 5622 2346 5675 runt,
2393 5606 2507 5665 non
2535 5609 2627 5663 fuit
2672 5606 2767 5664 hoc
2809 5606 3057 5670 solidum.
3102 5608 3192 5660 sed
3239 5621 3476 5660 vacuum.
3509 5606 3736 5675 Vaccula

2210 5672 2347 5759 enim
2397 5679 2605 5747 proprie
2642 5680 2850 5759 dicitur,
2882 5680 3088 5751 quando
3117 5692 3217 5729 non
3264 5686 3343 5759 est
3370 5677 3616 5733 solidum.
3647 5672 3734 5725 sed

2210 5757 2347 5803 tutus
2372 5763 2552 5800 cavum
2574 5758 2673 5803 est.
3262 5757 3289 5770 “

2288 5817 2459 5873 Veniat
2489 5817 2561 5871 illi
2590 5817 2794 5888 laqueus
2819 5834 2962 5886 quem
2998 5817 3213 5886 ignorat,
3244 5816 3405 5884 captio
3429 5827 3582 5883 quam
3624 5807 3739 5865 ak-
