3912 6230
206 437 310 493 661

904 442 965 496 IN
1008 442 1412 498 PSALMORUM
1456 441 1706 498 LIBRUM
1744 441 2091 496 EXEGESlS.
2136 471 2202 483 —
2241 442 2479 500 PSALM.
2522 445 2756 502 XXXIV.

3293 450 3396 507 6b?

201 557 381 624 abradit
410 557 744 624 apprehendat
766 572 894 618 etuti,
917 568 962 610 et
985 557 1033 608 in
1063 559 1291 621 laqueum
1318 557 1462 608 cadat
1497 558 1547 606 in
1571 555 1750 622 ipsum.
1786 559 1829 612 Α
1858 552 1954 614 nis,
1988 557 2043 624 ill.
2082 565 2174 617 pro
2216 553 2324 624 vita
2364 569 2517 622 quam
2545 555 2782 608 conferre
2824 570 3096 618 veneram,
3129 564 3346 611 mortem
3376 577 3389 622 ;

207 622 352 696 Ecce
390 622 546 696 digna
589 642 737 693 pmna
767 635 818 679 et
856 627 1112 692 condigna
1143 627 1386 677 vindicta.
1424 625 1586 696 Valde
1613 625 1751 696 enim

199 691 423 770 dignum
447 691 529 749 'est
555 691 610 748 ut
637 696 854 761 unisque
876 709 1115 760 peccator
1137 696 1522 770 constringatur
1545 694 1748 770 tunicu-

201 761 272 830 lis
302 776 632 829 peccatorum
662 779 890 824 suorum,
916 775 962 815 et
990 774 1045 815 ut
1071 766 1288 830 quisque
1315 761 1496 816 eisua
1523 761 1750 830 nequitia

201 829 505 887 damnetur.
536 835 600 908 iit
618 845 696 887 est
719 835 897 908 dicere
923 851 933 883 :
961 832 1058 908 Ipsi
1087 829 1295 908 quidem
1321 833 1573 908 absconse
1602 829 1750 908 para.

200 911 398 955 verunt
427 904 547 955 milii
585 904 834 955 interitum
864 902 1049 969 laquei,
1080 913 1132 954 et
1161 903 1414 955 absconse
1441 903 1669 952 incidam
1700 902 1748 952 in

199 975 453 1025 errantem
479 974 734 1039 laqueum.
770 970 958 1024 Littera
996 980 1166 1023 autem
1194 972 1269 1024 sic
1291 973 1568 1029 exponitur
1598 987 1610 1021 :
1645 971 1748 1022 La-

198 1053 382 1104 queus,
418 1042 467 1093 id
497 1050 605 1101 est.
640 1042 867 1108 nequitia
897 1056 1075 1093 eorum
1101 1056 1200 1104 qua
1231 1055 1313 1091 me
1339 1040 1621 1105 illaqueare
1659 1055 1749 1090 vo-

199 1109 417 1162 luerunt
446 1112 507 1163 ad
540 1112 824 1174 interitum,
855 1124 1008 1172 quam
1041 1109 1276 1175 ignorant
1302 1110 1397 1160 sibi
1431 1111 1746 1161 nocituram.

198 1177 360 1231 Juxta
392 1181 511 1232 illud
543 1197 553 1231 :
582 1180 824 1232 Craterum
851 1180 1001 1230 nescit
1024 1179 1206 1242 impius
1230 1194 1281 1229 se
1309 1179 1494 1242 puniri,
1522 1179 1615 1229 nisi
1635 1193 1747 1230 cum

197 1250 468 1315 manifeste
495 1251 584 1301 luit
619 1248 752 1317 quod
795 1248 968 1300 nolens
995 1248 1287 1313 perpetravit
1312 1248 1495 1317 volens.
1520 1247 1630 1317 Ille,
1663 1247 1743 1298 in-

195 1330 382 1381 quam.
413 1315 802 1381 laqueusﬁveniat
829 1317 902 1369 illi
933 1317 1137 1383 populo,
1172 1318 1223 1368 id
1250 1326 1330 1369 est
1359 1315 1663 1368 refundatur
1694 1317 1744 1369 io

195 1399 325 1437 eum
358 1390 552 1441 scilicet
583 1396 638 1440 ιιι
665 1386 714 1439 in
740 1402 843 1452 quo
875 1387 998 1438 inihi
1038 1386 1199 1438 voluit
1226 1400 1434 1445 nocere,
1470 1397 1740 1437 noceatur.

198 1452 270 1504 Et
300 1460 510 1519 exponit
554 1457 686 1510 istud
732 1457 951 1508 dicens:
989 1455 1048 1506 Et
1095 1455 1259 1522 captio
1299 1470 1445 1519 quant
1487 1456 1744 1506 abscondit

193 1527 541 1590 apprchrndat
568 1542 698 1585 eum,
723 1525 770 1576 id
802 1535 897 1585 est,
932 1524 1174 1592 iniquitas
1203 1525 1285 1575 illa
1317 1538 1468 1588 quam
1493 1523 1743 1577 absconsc

198 1596 403 1645 paravit
437 1596 560 1647 mihi
593 1597 728 1646 velut
761 1594 1050 1658 ignoranti,
1084 1606 1137 1645 ut
1165 1609 1247 1647 tne
1277 1601 1484 1660 Caperct
1506 1633 1518 1650 .
1551 1608 1741 1655 appre-

192 1660 384 1714 hendat
413 1681 545 1724 eum,
576 1673 629 1716 et
672 1665 736 1715 ita
763 1663 1102 1731 apprehendat
1137 1679 1247 1715 eum
1289 1672 1342 1712 ut
1385 1663 1532 1713 cadat
1559 1664 1622 1731 in
1663 1662 1741 1712 la-

191 1746 401 1794 queum,
427 1749 527 1785 non
555 1734 732 1792 alium,
761 1730 850 1785 sed
881 1733 1043 1798 ipsum
1069 1733 1307 1785 eumdem
1338 1746 1490 1799 quem
1522 1730 1742 1783 abscon-

187 1800 273 1849 dit
299 1801 447 1861 mihi.
482 1804 529 1854 id
558 1812 654 1866 est,
697 1818 779 1854 me
810 1812 1112 1866 resurgente
1141 1799 1344 1868 propria
1379 1801 1623 1864 iniquitas
1647 1813 1739 1852 sua

187 1869 260 1920 sit
308 1871 356 1921 ei
384 1871 447 1921 ad
492 1887 793 1937 perpetuum
824 1886 999 1923 casum
1047 1879 1097 1924 et
1143 1870 1551 1921 damnationem.
1586 1869 1732 1932 Quod

186 1947 277 1989 cst
307 1939 499 1992 dietum
540 1942 601 1991 ad
643 1941 1050 1992 similitudinem.
1105 1939 1190 1994 Sic
1221 1939 1358 1992 enim
1399 1948 1478 1990 est
1507 1939 1731 2004 nequitia

187 2007 470 2078 cujusque.
505 2012 648 2063 Sicut
671 2009 712 2061 si
736 2011 1087 2078 qttislpararrt
1114 2010 1263 2060 alicui
1313 2007 1553 2078 poeulum
1579 2023 1733 2060 vene-

186 2077 266 2146 ni.
299 2087 354 2129 et
383 2089 497 2140 post
519 2077 672 2129 intqu
699 2075 890 2131 oblitus
921 2078 1120 2132 biberet
1148 2077 1282 2132 idem
1301 2075 1325 2146 ςξ
1344 2088 1432 2128 aut
1462 2075 1504 2128 si
1531 2086 1734 2141 pararet

185 2143 281 2194 alii
317 2150 538 2216 loveam,
565 2157 616 2200 et
651 2149 901 2201 incideret
934 2150 980 2199 in
1018 2163 1156 2210 eain,
1189 2143 1652 2216 quianecesseest
1679 2156 1732 2198 ut

183 2214 331 2278 quod
364 2215 496 2266 aliud
527 2219 833 2280 corrumpit,
863 2217 983 2268 illud
1016 2218 1152 2270 unde
1184 2214 1435 2282 procedit,
1466 2225 1516 2266 et
1548 2214 1599 2266 in
1629 2231 1733 2280 quo

183 2285 552 2350 pr'ncipaliter
603 2296 681 2337 est
723 2286 946 2338 luminis
992 2295 1310 2352 corrumpat.
1354 2283 1526 2336 PoteSt
1555 2294 1729 2338 autem

183 2354 364 2410 s'aptit)
395 2369 483 2419 per
509 2369 563 2406 se
606 2357 786 2418 accipi,
823 2363 877 2406 nt
906 2371 1007 2405 non
1056 2357 1121 2407 sit
1150 2354 1410 2418 expositio
1440 2353 1644 2416 prioris,
1665 2360 1730 2406 rct

187 2421 368 2474 taliter
397 2425 496 2474 dici
533 2441 543 2475 :
572 2423 819 2476 Similiter
849 2425 1021 2488 captio
1062 2426 1133 2476 illi
1165 2422 1390 2488 captioni
1423 2436 1574 2488 quam
1605 2421 1730 2475 mihi

183 2493 395 2559 paravit
426 2495 637 2557 populus
667 2493 773 2558 ille,
791 2494 1143 2559 apprehendat
1168 2508 1287 2546 cum
1313 2492 1532 2552 scilicet,
1552 2502 1606 2543 ut
1629 2493 1727 2544 sic-

183 2567 243 2607 ut
285 2558 338 2610 in
373 2563 646 2614 festivitate
673 2558 898 2626 paschali
923 2579 1039 2613 cum
1085 2563 1312 2628 undique
1337 2560 1728 2626 convenissent,

179 2629 411 2698 occulte,
447 2640 500 2680 ut
540 2648 619 2682 tne
657 2644 932 2698 caperent,
968 2639 1332 2689 tractaverunt.
1365 2629 1432 2681 ita
1477 2629 1726 2698 inconsi—

179 2695 293 2768 tnih
325 2697 409 2750 d:e
439 2713 552 2750 cum
588 2695 812 2765 undique
839 2701 1178 2754 c0nvenerint
1199 2740 1212 2762 ,
1244 2716 1270 2752 a
1303 2699 1420 2752 Tito
1454 2707 1504 2751 et
1536 2697 1728 2768 Vespa-

177 2765 339 2814 siano
369 2770 900 2832 comprehendantur.
934 2770 1133 2821 Czetera
1165 2786 1264 2821 non
1301 2778 1585 2821 mutantur.

252 2836 436 2885 Anima
462 2849 628 2888 autem
660 2853 765 2888 mea
792 2839 1055 2888 exsultabit
1084 2839 1133 2889 in
1162 2839 1369 2890 Domino
1395 2856 1406 2887 :
1435 2846 1480 2888 et
1513 2838 1726 2888 delecta-

179 2902 317 2953 bitur
348 2921 494 2967 super
540 2908 748 2958 salutari
797 2922 922 2967 meo.
972 2907 1089 2958 Illos
1137 2908 1342 2972 quidem
1386 2906 1727 2972 apprehendat

177 2974 370 3042 captio,
401 2984 453 3026 et
489 2976 675 3026 cadant
704 2975 755 3028 in
787 2975 1060 3042 laqueum,
1088 2979 1256 3029 anima
1283 2988 1446 3028 autem
1489 2991 1597 3026 mea
1624 2990 1724 3029 non

177 3040 356 3112 dicant
407 3046 634 3108 optando
679 3046 823 3112 quasi
857 3040 1045 3097 dubius
1077 3056 1129 3097 ut
1157 3047 1402 3104 exsultet,
1435 3045 1525 3097 sed
1555 3058 1725 3097 enun-

179 3110 365 3180 tiatii'e
395 3112 562 3163 dic-ant
593 3110 879 3180 ersultabit,
914 3130 1012 3164 non
1041 3114 1104 3166 de
1134 3132 1190 3168 se
1222 3113 1607 3177 prazsumendo,
1633 3114 1724 3166 sed

173 3179 228 3248 in
277 3177 514 3231 Domino.
560 3180 624 3232 Et
665 3185 820 3235 etiam
867 3177 1206 3246 delectabitur,
1241 3183 1400 3244 idest
1443 3184 1720 3248 plenariam

177 3247 416 3319 laetitiam
445 3249 672 3303 habebit.
702 3253 848 3317 Quod
895 3263 1038 3304 notat
1067 3269 1156 3319 per
1186 3252 1296 3305 tunc
1324 3247 1453 3312 duo,
1480 3251 1596 3315 quia
1627 3265 1723 3301 ex-

172 3316 362 3368 snltari
385 3321 620 3381 corporis
641 3316 739 3382 est,
765 3322 1007 3374 delectari
1033 3316 1152 3376 vero
1178 3323 1384 3374 animai.
1412 3319 1718 3384 Exsultabit,

173 3384 412 3449 inquam,
458 3397 503 3437 et
551 3389 900 3452 delt-ctabitur,
945 3406 1046 3443 non
1099 3395 1147 3443 in
1191 3406 1265 3455 se,
1297 3392 1385 3443 sed
1416 3392 1465 3442 in
1509 3389 1722 3442 salutari

173 3469 309 3526 gito,
355 3458 402 3506 id
434 3465 546 3526 est.
580 3457 631 3510 in
663 3459 1053 3512 resuscitatione
1098 3461 1214 3511 data
1262 3461 1359 3512 sibi
1411 3461 1658 3526 desuper,
1689 3473 1718 3511 a

178 3521 352 3575 Verbo
399 3524 596 3578 scilicet
649 3529 992 3589 personaliter
1038 3529 1136 3580 sibi
1182 3531 1344 3581 unito.
1390 3527 1496 3581 Nec
1544 3521 1713 3580 solum

169 3593 346 3644 anima
384 3610 490 3645 mea
517 3596 808 3659 exsultabit,
838 3597 927 3650 sed
957 3598 1110 3648 etiam
1138 3611 1328 3662 corpus
1356 3613 1525 3649 meum
1548 3637 1562 3658 ,
1595 3601 1713 3662 quia

169 3663 346 3713 antnia
369 3677 482 3714 ossa
505 3679 632 3722 mea.
664 3667 711 3718 id
735 3675 815 3727 est
842 3680 1023 3720 onmes
1045 3667 1362 3723 robustiores
1390 3667 1524 3719 inter
1547 3679 1711 3730 tneos,

170 3732 272 3779 e.si
301 3745 427 3783 euro
460 3748 560 3784 non
591 3737 746 3797 dicat,
795 3737 913 3802 quia
965 3736 1166 3800 spiritus
1211 3736 1408 3804 quidem
1454 3744 1712 3804 promptus

169 3807 264 3872 est,
296 3815 416 3872 caro
450 3812 614 3853 autem
641 3806 840 3868 inﬁrma
871 3821 888 3855 :
913 3820 1049 3868 ossa,
1082 3807 1310 3872 inquam,
1347 3815 1551 3871 propter
1589 3820 1714 3871 gau-

170 3870 316 3940 dintn
361 3869 427 3920 de
465 3883 556 3934 Spe
587 3874 976 3926 resurrectionis
1016 3876 1112 3926 sibi
1153 3869 1198 3926 in
1249 3891 1331 3927 me
1350 3869 1497 3940 data,
1529 3869 1712 3937 dicent,

173 3937 412 4002 Domine,
442 3941 550 4005 quis
581 3940 628 3991 in
669 3945 882 4008 angelis,
914 3951 1002 3994 aut
1048 3945 1095 3993 in
1142 3937 1492 4006 arcliangelis,
1527 3951 1615 3994 aut
1662 3946 1712 3996 in

171 4008 619 4080 patriarcliispvel
670 4012 958 4076 prophetis.
992 4014 1106 4064 sive
1152 4016 1200 4062 in
1240 4014 1468 4080 gentium
1505 4011 1604 4062 diis
1635 4021 1715 4064 est

167 4076 352 4128 sinatis
379 4079 489 4129 tut?
515 4078 695 4131 Nullus
724 4083 916 4146 utique.
950 4080 1012 4132 Et
1041 4082 1223 4132 merito
1245 4076 1346 4134 hoc
1372 4081 1574 4141 dicent..
1593 4081 1714 4147 quia

171 4153 230 4198 tu
261 4155 316 4197 et
355 4148 513 4214 eripis
541 4163 631 4201 eos
660 4149 724 4202 de
763 4151 1134 4202 tentationibus
1163 4151 1510 4211 diabolorum,
1539 4158 1591 4201 et
1631 4164 1714 4203 me

168 4214 336 4288 eripis
363 4217 428 4268 de
450 4219 694 4288 manibus
725 4219 1070 4285 inimicorum,
1101 4221 1235 4288 quod
1267 4220 1344 4274 sic
1368 4220 1492 4272 dicit
1517 4237 1526 4269 :
1551 4216 1627 4271 Tu
1657 4233 1714 4270 es

169 4285 391 4344 eripiens
440 4287 635 4352 inapem
684 4290 924 4355 populum
973 4285 1129 4341 tilum
1160 4291 1224 4342 de
1250 4304 1326 4352 se,
1359 4289 1556 4343 scilicet
1586 4289 1713 4345 nihil

172 4364 577 4427 prwsutnentem
601 4358 661 4408 de
686 4374 835 4408 manu
864 4359 1121 4426 fortiorum
1143 4364 1250 4427 ejus
1274 4376 1290 4411 :
1321 4359 1370 4411 id
1400 4368 1502 4421 est,
1531 4358 1598 4411 de
1622 4373 1713 4424 p0-

171 4422 576 4494 tes‘taterdiaboli
596 4436 653 4494 et
675 4422 979 4491 angelorum
1009 4429 1140 4492 ejus,
1164 4422 1251 4494 qui
1277 4429 1516 4481 lortiores
1540 4422 1663 4480 Sunt
1695 4445 1706 4479 :

167 4491 291 4555 quia
315 4491 440 4544 olim
472 4492 562 4544 toti
592 4493 818 4546 humano
845 4497 1022 4561 generi
1040 4491 1438 4561 praeit—aluerunt
1469 4498 1517 4550 in
1546 4495 1710 4550 Adam

168 4565 391 4632 decepto
411 4601 426 4625 ,
458 4563 704 4632 etradliuc
731 4565 1037 4632 quibusdam
1070 4567 1368 4628 przevalent,
1400 4581 1531 4632 quos
1562 4566 1710 4616 blan-

168 4631 258 4680 dis
303 4630 725 4697 suggestionibus
765 4631 872 4684 suis
915 4634 1197 4698 decipiunt.
1247 4637 1306 4686 tit
1351 4630 1504 4687 etiam
1555 4633 1714 4700 eripis

168 4712 297 4749 vere
318 4716 544 4766 egenum,
577 4701 662 4767 qui
694 4701 790 4753 sibi
821 4701 1018 4754 scilicet
1048 4704 1171 4754 ndtil
1206 4719 1414 4769 prorsus
1439 4702 1707 4767 attribuit;

165 4776 214 4818 et
251 4779 432 4840 verum
459 4785 749 4840 pauperem,
779 4772 863 4834 qui
893 4785 1010 4822 cum
1040 4774 1237 4824 scilicet
1264 4772 1407 4825 dives
1435 4783 1593 4834 esset,
1621 4788 1710 4840 pro

165 4834 416 4908 Omnibus
462 4852 651 4905 pauper
694 4839 856 4891 fictus
887 4851 967 4892 est
995 4856 1010 4893 :
1037 4857 1067 4890 a
1096 4840 1441 4908 dn'ipientibus
1479 4858 1590 4894 cum
1610 4834 1632 4905 ,’
1659 4842 1708 4894 id

167 4911 278 4964 est.
300 4903 646 4976 deputestate
674 4909 778 4958 illo!
793 4924 877 4960 um
899 4909 982 4975 qui
1007 4903 1324 4962 conabantur
1346 4911 1570 4976 diripere
1591 4903 1708 4964 eum

164 4988 193 5024 a
225 4981 280 5024 te
297 4973 390 5044 ,Διό
419 4983 497 5025 est
525 4988 766 5035 separare
787 5017 800 5038 ,
835 4973 1068 5031 dicentes
1102 4996 1112 5030 :
1148 4977 1280 5030 Deus
1317 4973 1512 5044 reliquit
1556 4996 1710 5042 eum;

165 5051 218 5094 ct
258 5057 269 5090 :
304 5039 427 5114 Non
448 5052 519 5114 est
561 5043 640 5094 hic
669 5045 816 5114 homo
854 5060 886 5095 a
918 5046 1041 5110 Deo,
1082 5056 1138 5100 et
1178 5057 1366 5100 cartera
1410 5039 1548 5099 talia.
1594 5039 1711 5114 Agit

164 5120 346 5164 autem
380 5110 555 5182 hicde
582 5127 638 5165 se
666 5112 776 5181 ipso
808 5114 856 5163 in
901 5116 1048 5169 tertia
1101 5131 1340 5182 persona,
1389 5125 1441 5167 et
1484 5110 1709 5169 ostendit

166 5180 432 5252 quomodo
455 5180 742 5252 diriperent
761 5197 878 5234 etnn
901 5183 1079 5234 dicens
1103 5180 1115 5234 ὲ
1140 5184 1306 5237 Testes
1328 5186 1506 5252 iniqui,
1533 5185 1579 5236 id
1605 5196 1706 5251 est,

167 5249 241 5301 illi
277 5257 523 5303 testantes
547 5251 613 5302 de
655 5266 740 5305 me
777 5252 970 5319 iniqua,
1012 5261 1265 5320 surgentes
1303 5249 1486 5308 conira
1516 5270 1598 5317 me
1623 5249 1704 5305 in;

96 5328 106 5337 ·
169 5320 486 5390 terrogabant
517 5337 592 5371 me
621 5335 711 5386 per
746 5334 973 5388 pinnam,
1005 5323 1222 5383 scilicet,
1253 5323 1626 5390 colapltizando
1657 5332 1709 5375 ct

168 5389 508 5458 conspuendo
535 5405 638 5452 me,
670 5404 731 5441 ea
759 5405 870 5455 qua
897 5391 1185 5458 ignorabam
1215 5405 1332 5458 ego.
1369 5389 1501 5456 Quid
1531 5405 1706 5444 autem

172 5455 480 5519 ignorabat?
501 5458 736 5525 Nunquid
760 5455 950 5525 aliquid
976 5455 1349 5527 ignorabat-qui
1372 5455 1526 5512 etiam
1549 5462 1704 5512 corda

174 5536 566 5597 persecuturum
617 5527 838 5588 videbat,
882 5537 936 5581 et
973 5532 1120 5584 dolos
1156 5546 1334 5582 eorum
1367 5529 1707 5597 pnesciebat?

174 5589 360 5659 Utique
387 5596 512 5666 nihil
554 5598 842 5666 ignorabat,
871 5613 975 5651 non
1005 5610 1251 5666 quantum
1288 5589 1701 5653 ad'vindicatio-

171 5677 311 5723 nent,
343 5663 434 5715 sed
460 5663 703 5730 quantum
733 5667 796 5718 ad
826 5663 1269 5719 commissionem.
1431 5719 1433 5722 .

244 5729 592 5784 lletribuebant
631 5735 767 5785 mihi.
799 5733 1192 5805 interrogabant
1242 5753 1336 5799 me,
1382 5739 1610 5805 inquam,
1653 5746 1704 5789 ct

171 5799 345 5854 interri
366 5813 547 5872 gentes
576 5804 903 5860 retribucbunt
941 5799 1059 5859 ini/ti
1089 5806 1220 5857 mala
1253 5799 1464 5861 tantum.
1492 5823 1582 5876 pro
1614 5809 1699 5859 bo—

1859 619 2186 691 pro‘bnnore
2215 619 2591 688 blasphetnias,
2632 639 2723 691 pro
2765 625 3016 678 medicina
3063 627 3292 681 i'ulnera.
3328 619 3390 681 Et

1853 688 2218 762 retribuebant
2239 692 2422 742 anima:
2452 708 2572 744 mem
2599 688 2690 758 pro
2719 695 3029 748 fecitnditate
3057 697 3387 762 sterilitatem,

1851 760 1968 825 quia
1991 771 2107 810 cum
2138 760 2308 811 anima
2339 775 2452 813 mea
2480 763 2542 812 ad
2574 762 2672 816 hoc
2698 763 2944 826 venisset,
2971 775 3020 815 et
3052 766 3307 818 laboraret
3330 760 3384 819 ut

1851 840 1943 879 eos
1969 841 2278 890 conspersos
2319 828 2483 882 imbre
2511 831 2651 883 verbi
2682 831 2770 884 Dei
2809 833 2939 886 bene
2971 832 3162 886 iaceret
3204 835 3384 887 fructi-

1854 896 2008 948 licare
2037 905 2087 947 et
2117 895 2328 960 fertiles,
2360 899 2454 964 ipsi
2485 900 2814 962 praebuerunt
2843 902 2892 952 in
2919 917 2976 954 sc
3005 904 3165 954 solam
3192 903 3388 954 sterili-

1852 972 2026 1028 tatem,
2055 967 2304 1037 quianon
2339 968 2473 1032 passi
2503 977 2626 1022 sunt
2653 982 2710 1022 se
2734 973 3026 1037 regenerari
3051 987 3140 1036 per
3165 984 3266 1033 me,
3294 977 3383 1024 sed

1850 1045 2154 1106 manserunt
2182 1034 2254 1085 illi
2279 1034 2392 1087 licoi
2421 1037 2635 1106 similes,
2665 1040 2716 1092 in
2746 1034 2847 1106 qua
2878 1034 3124 1093 Dominus
3152 1044 3386 1094 esuriens

1849 1102 2046 1176 nullum
2080 1103 2322 1166 fructum,
2350 1105 2446 1157 sed
2483 1107 2590 1158 sola
2619 1107 2738 1159 folia
2767 1102 2964 1162 invenit
2995 1128 3006 1160 :
3040 1110 3156 1176 quia
3185 1111 3237 1162 in
3264 1125 3382 1164 ver-

1847 1168 2133 1243 bis_eornm
2166 1175 2533 1243 numerositas,
2564 1177 2614 1228 in
2644 1177 2789 1228 lactis
2813 1193 2934 1231 vero
2957 1168 3208 1243 paucitas.

1917 1237 2026 1308 Ego
2053 1252 2237 1294 autem.
2271 1242 2366 1315 Ipsi
2403 1244 2610 1315 quidem
2640 1260 2751 1309 qua:
2781 1237 3070 1312 ignorabam
3107 1249 3383 1315 interregn-

1847 1306 2104 1381 bant‘me,‘
2128 1319 2178 1361 et
2218 1311 2348 1361 mala
2393 1306 2482 1377 pro
2525 1306 2662 1365 bonis
2703 1306 3029 1369 retribuebant
3055 1335 3071 1378 ς
3096 1333 3184 1381 ego
3220 1306 3384 1369 aniens

1846 1393 1958 1428 cum
1986 1379 2106 1430 mihi
2137 1381 2329 1432 molesti
2358 1383 2427 1431 sic
2456 1395 2636 1443 essent,
2668 1393 2720 1435 et
2747 1385 2984 1437 omnibus
3014 1379 3184 1438 modis
3214 1385 3262 1438 in
3297 1402 3380 1437 me

1843 1447 2107 1517 saevirent,
2140 1448 2497 1502 tantummodo
2525 1452 2765 1504 induebar
2792 1453 2973 1517 cilicio,
3007 1453 3054 1505 id
3077 1464 3175 1517 est,
3199 1455 3377 1508 occul-

1843 1516 2014 1585 iabam
2045 1517 2272 1569 divinam
2311 1520 2589 1584 potentiam
2627 1535 2816 1583 meam,
2849 1533 2900 1575 et
2942 1516 3108 1576 solum
3131 1516 3379 1585 cilicium,

1844 1582 1892 1633 id
1923 1594 2000 1635 est
2045 1582 2324 1639 mortalem
2374 1601 2605 1649 carnem,
2645 1606 2744 1657 qua
2790 1582 3168 1657 Circumdabar,
3215 1595 3289 1647 eis
3331 1582 3380 1646 in

1841 1665 1993 1728 quem
2041 1657 2286 1728 saevirent
2337 1658 2669 1725 objiciebam.
2722 1661 2774 1713 Si
2824 1663 2960 1714 enim
3010 1664 3095 1716 ille
3144 1664 3227 1728 qui
3280 1679 3379 1716 uno

1844 1722 2143 1794 verbo‘solo
2185 1722 2477 1792 quzerenies
2503 1741 2562 1779 se
2589 1742 2797 1794 capere,
2833 1731 2884 1782 in
2928 1739 3119 1782 terram
3148 1722 3374 1791 prostra-

1845 1789 1940 1863 _vi_t,
1971 1789 2214 1863 divinamf
2238 1793 2518 1863 potentiam
2561 1789 2804 1851 exercere
2834 1789 3252 1863 persecutoribus
3284 1815 3375 1852 Vo-

1841 1856 2044 1925 luisset,
2078 1861 2212 1915 haud
2240 1856 2464 1915 dubium
2494 1866 2616 1928 quin
2649 1868 2760 1919 solo
2778 1856 2915 1921 'butu
2957 1882 3142 1922 omnes
3171 1869 3373 1922 interli-

1837 1940 1956 1980 cere
1985 1933 2251 2004 potuisset.
2282 1932 2561 2004 sciendum
2589 1949 2712 1987 vero
2739 1938 2874 2002 quod
2910 1938 3134 1992 cilicium
3166 1938 3229 1992 de
3260 1939 3376 2004 pilis

1833 2011 2103 2074 caprarum
2148 2010 2200 2052 et
2230 2001 2495 2074 medorum
2529 2004 2578 2055 lit
2599 2045 2612 2068 ,
2639 2014 2687 2058 et
2719 2001 2811 2074 per
2852 2021 3060 2074 capram
3089 2017 3142 2062 et
3171 2001 3374 2063 haedum

1836 2076 2043 2144 propter
2075 2070 2640 2144 letoretnsigniﬁcritur
2679 2070 2968 2141 peccatum.
3004 2078 3198 2130 Dicitur
3247 2091 3371 2144 ergo

1833 2136 2020 2214 intristi
2071 2153 2192 2192 caro
2234 2136 2626 2214 cilicium,iquia
2658 2136 2863 2214 pinnam
2905 2148 3103 2212 peccati
3133 2136 3376 2214 pertulit,

1833 2206 1952 2282 licet
1980 2217 2265 2282 peccatum
2298 2225 2400 2262 non
2430 2206 2716 2263 admiserit.
2753 2206 3051 2282 Caro-enim
3083 2206 3198 2282 ejus
3227 2206 3367 2268 mor;

1834 2274 2088 2348 talisiuit,
2121 2289 2170 2328 et
2204 2279 2252 2329 in
2301 2288 2699 2348 pmttaitantutu,
2738 2281 2853 2348 qnii
2896 2284 3008 2336 sine
3051 2274 3261 2348 peccato
3290 2292 3379 2337 est

1831 2342 2015 2416 similis
2039 2357 2230 2398 nostra».
2260 2342 2420 2400 carni.
2445 2347 2597 2400 Ju\t.t
2621 2342 3001 2416 illud'Apostoli
3034 2342 3211 2402 {Misit
3235 2349 3368 2404 Deus

1832 2409 2025 2485 Filium
2045 2431 2189 2466 suum
2215 2417 2266 2467 in
2292 2417 2666 2471 similitudinem
2689 2409 2851 2471 carnis
2877 2420 3080 2485 peccati,
3104 2428 3155 2470 ut
3174 2421 3235 2473 de
3257 2435 3368 2485 pec-

1830 2492 1938 2532 cato
1965 2482 2224 2555 damnaret
2251 2495 2505 2553 peccatum
2536 2489 2584 2538 in
2627 2504 2792 2549 carne,
2831 2482 2884 2540 id
2908 2498 3008 2551 est,
3037 2500 3091 2540 ut
3121 2503 3210 2555 per
3237 2482 3370 2543 mor-

1833 2559 1936 2601 tem
1980 2552 2092 2618 ejus
2131 2552 2424 2608 destrueret
2461 2563 2692 2609 nostram
2725 2567 2967 2611 mortem.
3011 2552 3204 2611 Dicitur
3230 2562 3366 2612 enim

1831 2632 1972 2672 mors
1998 2631 2050 2673 et
2075 2620 2266 2694 Christi
2292 2633 2340 2676 et
2374 2632 2548 2676 nostra
2583 2636 2870 2691 peccatum,
2901 2627 3020 2694 quia
3048 2639 3126 2680 est
3154 2624 3368 2682 elIeCtus

1829 2695 1882 2740 et
1909 2690 2222 2762 pinnaillius
2247 2695 2439 2757 peccati
2468 2696 2603 2759 quod
2632 2693 2794 2746 Adam
2824 2690 3159 2762 perpetravit.

1899 2755 2318 2833 Humiliabam'in
2336 2755 2535 2833 jejunio
2559 2763 2780 2833 animam
2810 2755 2986 2818 nteant.
3020 2765 3124 2830 Ego
3153 2765 3362 2833 quidem

1829 2824 1930 2900 illis
1959 2840 2062 2900 me
2082 2824 2476 2885 intoleStan'tibus
2503 2832 2740 2884 induebar
2762 2833 2942 2884 cilicio.
2981 2824 3125 2887 Unde
3152 2824 3366 2900 apparet

1827 2895 1947 2968 quia
1977 2896 2150 2951 anima
2185 2915 2316 2961 inca,
2351 2916 2465 2968 (μω
2506 2902 2630 2952 nihil
2660 2903 2940 2965 esuriebat,
2975 2903 3102 2954 nihil
3134 2895 3358 2964 sitiebat,

1829 2964 1929 3036 nisi
1973 2964 2378 3021 conversionem
2421 2969 2626 3023 illorum
2668 2964 2956 3036 jejuuabat.
3004 2973 3062 3023 Et
3094 2980 3268 3023 tamen
3309 2974 3362 3023 in

1828 3031 1926 3105 boc
1968 3036 2167 3105 jejunio
2219 3038 2539 3090 humiliabam
2589 3031 2808 3091 animum
2854 3054 3041 3101 meant,
3073 3040 3120 3092 id
3150 3049 3358 3094 estnon

1827 3103 2106 3166 irascebar,
2135 3107 2271 3160 sicut
2295 3109 2460 3161 solent
2490 3108 2642 3162 irasci
2672 3118 2908 3174 potentes
2935 3109 2985 3162 in
3014 3111 3360 3162 determinato

1829 3181 2062 3240 tempore
2090 3178 2354 3229 subtracto
2382 3176 2477 3230 sibi
2507 3177 2642 3232 cibo.
2673 3177 2894 3232 Tantum
2922 3190 3096 3233 autem
3136 3178 3231 3232 luit
3261 3177 3358 3232 hoc

1821 3239 2103 3314 jejunium,
2137 3256 2191 3296 ut
2238 3248 2287 3298 in
2339 3255 2478 3298 tanta
2528 3249 2678 3300 turba
2718 3259 3131 3314 persecuturum,
3163 3248 3357 3302 nullum

1825 3313 2022 3382 inquo
2048 3327 2106 3364 se
2145 3314 2380 3366 reticeret
2428 3316 2688 3369 inveniret
2724 3313 2921 3382 'przeter
2962 3320 3214 3372 latronem
3262 3317 3360 3373 sibi

1823 3380 2191 3456 coilateralitcr
2222 3383 2529 3456 pendentem
2555 3423 2567 3445 ,
2601 3380 2747 3456 cum“
2774 3386 2929 3437 etiam
2973 3388 3208 3456 discipuli
3249 3390 3361 3451 ipso

1823 3449 2012 3522 relicto
2049 3452 2318 3522 fugissent,
2360 3464 2410 3505 et
2438 3455 2488 3506 in
2518 3458 2664 3506 turba
2707 3453 2926 3506 laterent
2960 3472 2971 3506 ε
3002 3465 3050 3507 et
3079 3449 3235 3508 etiam
3262 3449 3357 3510 l'e-

1825 3525 1934 3570 trus
1965 3521 2070 3585 ille,
2103 3521 2187 3588 qui
2222 3522 2362 3589 prius
2393 3532 2494 3575 tam
2528 3531 2720 3576 temere
2758 3522 3088 3588 clamaverat,
3121 3523 3349 3588 Domine,

1822 3597 1868 3638 et
1894 3589 1936 3659 si
1956 3594 2226 3654 aportucrit
2251 3608 2325 3643 me
2347 3592 2471 3644 mari
2494 3602 2671 3650 tecum,
2698 3606 2793 3644 non
2821 3602 2864 3643 te
2886 3593 3092 3659 negabo,
3127 3595 3176 3645 in
3206 3593 3350 3644 turba

1822 3656 2012 3710 latebat
2038 3670 2089 3713 et
2110 3666 2172 3714 ad
2198 3676 2372 3714 vocent
2395 3662 2648 3714 ancillula:
2679 3656 2962 3727 trepidabat
2989 3679 2999 3712 :
3029 3661 3354 3713 humiliabam

1825 3738 1927 3798 tite,
1958 3728 2183 3794 inquam,
2216 3732 2267 3782 in
2285 3732 2503 3798 jejunio,
2532 3740 2584 3783 et
2616 3731 2828 3782 Orabam
2874 3745 2966 3797 pro
3014 3733 3111 3786 illis
3153 3732 3352 3795 dicens,

1821 3790 2003 3870 Pater,
2020 3790 2216 3870 ignosce
2238 3790 2355 3850 itt'is'.
2377 3800 2440 3851 lit
2460 3790 2617 3870 orabo
2637 3812 2739 3850 non
2768 3799 2828 3850 ad
2852 3790 3104 3853 r'eiuotum
3127 3790 3354 3870 aliquem

1818 3863 1910 3915 sed
1942 3867 2005 3918 ad
2039 3863 2260 3920 vicinum
2281 3906 2295 3930 ,
2323 3870 2441 3937 quia
2467 3868 2627 3920 oratio
2672 3883 2779 3918 mra
2815 3881 3176 3922 concerterc't'r
3202 3863 3250 3923 in
3279 3880 3352 3926 st“-

1819 3949 1935 3984 num
1959 3951 2137 3999 meum,
2171 3938 2219 3989 id
2249 3947 2346 4000 est,
2381 3952 2431 3990 tn
2461 3937 2719 3990 occultum
2750 3951 2940 4003 meum,
2971 3942 3085 4002 quia
3114 3945 3349 3994 humani-

1819 4013 1894 4055 tas
1923 4021 2035 4058 mea
2088 4010 2258 4061 orabit
2312 4023 2404 4076 pro
2443 4008 2543 4059 illis
2595 4006 2813 4076 Verbum
2864 4009 3204 4070 personaliter
3244 4011 3348 4064 sibi

1818 4076 2038 4144 unitum.
2084 4074 2324 4129 Possunt
2347 4087 2398 4129 et
2439 4078 2587 4129 aliter
2615 4076 2664 4127 bi
2703 4074 2805 4127 duo
2834 4089 3008 4128 versus
3035 4077 3153 4144 legi,
3185 4088 3237 4130 ut
3268 4081 3354 4141 sit:L

1817 4141 2034 4205 dicatur,
2063 4145 2159 4216 Ipsi
2190 4146 2395 4211 quidem
2424 4145 2752 4216 retribuebant
2777 4146 2909 4196 mata
2938 4145 3058 4198 milii
3081 4141 3107 4198 ἶ
3129 4162 3217 4216 ego
3245 4164 3340 4200 au-

1820 4221 1913 4264 teut
1940 4229 2049 4263 cum
2070 4254 2082 4273 ,
2128 4215 2176 4265 id
2203 4225 2314 4278 est,
2359 4215 2593 4282 quamvis
2622 4214 2810 4267 molesti
2844 4225 3033 4278 essent,
3067 4214 3306 4270 induebar
3326 4260 3342 4283 ,

1821 4291 1991 4356 tamen
2023 4284 2208 4356 cilicio,
2233 4285 2281 4338 id
2302 4293 2406 4356 est,
2432 4284 2682 4351 quosdam
2705 4299 2765 4343 ex
2789 4284 2895 4356 illis
2914 4287 2997 4353 qui
3031 4287 3170 4356 prius
3192 4302 3342 4342 erant

1819 4352 1965 4418 quasi
2010 4353 2256 4416 cilicium,
2301 4353 2349 4406 id
2389 4363 2469 4406 est
2506 4356 2700 4422 spinosi
2730 4361 2786 4408 et
2820 4352 3138 4423 infructuosi,
3170 4357 3235 4411 ad
3260 4374 3344 4414 tuo

1817 4425 2199 4495 convertebain,
2226 4431 2278 4475 et
2297 4423 2450 4495 quasi
2478 4427 2684 4495 mollem
2729 4435 2927 4495 vestem
2948 4440 3052 4495 qua
3083 4427 3343 4495 induerer,

1817 4487 2088 4565 faciebam.
2117 4492 2267 4565 Jnxia
2295 4487 2459 4565 illud:
2500 4490 2622 4544 Vivo
2649 4509 2756 4560 ego.
2786 4494 2905 4565 dicit
2938 4487 3199 4561 Dominus,
3230 4487 3348 4565 quid

1815 4558 1899 4634 his
1914 4559 2138 4634 omnibus
2160 4560 2596 4634 velutivestimento
2618 4558 2851 4634 vestieris.
2877 4565 2941 4614 lit
2958 4567 3054 4618 boc
3074 4566 3115 4617 si
3139 4558 3345 4634 iaciam,

1815 4628 1933 4694 quia
1969 4628 2020 4679 in
2050 4629 2137 4700 illo
2165 4630 2304 4700 gravi
2326 4632 2526 4700 jejunio
2550 4632 2685 4698 quod
2715 4631 2780 4683 de
2807 4634 3030 4698 ipsorum
3078 4628 3347 4690 inconver;

1812 4709 1959 4750 stone
1987 4698 2235 4762 patiebar,
2266 4698 2589 4753 humiliabam
2614 4701 2830 4752 animam
2859 4717 3036 4765 meam,
3068 4703 3117 4756 id
3144 4714 3243 4765 est,
3277 4708 3346 4756 vi-

1815 4775 1918 4837 tam
1951 4779 2118 4837 meam
2157 4766 2477 4819 comedenda
2506 4781 2622 4820 cum
2652 4770 2934 4835 publicanis
2974 4779 3026 4822 et
3058 4775 3344 4837 peccatori-

1815 4835 1929 4900 bus,
1960 4849 2079 4888 cum
2109 4835 2236 4907 ipsis
2261 4838 2642 4907 conversando,
2677 4846 2735 4907 ut
2761 4838 2839 4890 vel
2884 4838 2958 4890 sic
2986 4835 3186 4907 aliquos
3218 4843 3340 4894 mihi

1813 4907 2155 4968 attralierem,
2194 4906 2244 4958 in
2286 4903 2471 4974 quibus
2509 4906 2632 4960 illuu
2669 4905 2920 4975 jejunium
2961 4903 3132 4962 meum
3171 4909 3344 4971 solvar

1813 4989 1922 5028 rem
1955 4993 1965 5027 :
1999 4975 2323 5047 (curitiliabam
2351 4990 2451 5041 me,
2483 4977 2713 5044 inquam,
2743 4988 2792 5047 et
2831 4989 3042 5031 orabam
3090 4995 3183 5047 pro
3223 4980 3341 5042 illis,

1811 5055 1857 5094 et
1881 5045 2039 5098 oratio
2061 5060 2190 5106 mea,
2221 5047 2316 5097 ctsi
2344 5061 2446 5096 non
2470 5047 2710 5099 omnibus
2739 5046 2864 5114 ipsis
2893 5049 3068 5114 prosit,
3093 5045 3342 5108 converte

1811 5123 1894 5164 tur
1919 5123 2108 5178 tamen,
2141 5115 2189 5166 id
2233 5121 2312 5166 est
2358 5116 2625 5179 apparebit
2675 5117 2724 5167 in
2774 5132 3039 5171 CttllVCI‘SIS
3089 5119 3139 5171 in
3177 5119 3341 5173 sinunt

1812 5199 1996 5245 meum,
2030 5184 2084 5253 id
2124 5191 2204 5235 est
2231 5182 2302 5253 in,
2325 5182 2428 5235 illis
2454 5198 2568 5251 qua:
2595 5183 2968 5253 signiﬁcantur
3011 5202 3102 5253 per
3133 5202 3339 5242 manuni

1812 5254 1975 5322 Moysi
2002 5252 2265 5307 reductam
2294 5252 2342 5322 in
2367 5253 2559 5308 sinuin.
2590 5251 2840 5305 Mittitnur
2874 5251 3023 5308 enim
3049 5257 3130 5315 hic
3157 5259 3221 5308 ad
3258 5261 3340 5310 ht-

1810 5321 2047 5384 stoiiatn,
2093 5325 2143 5373 in
2172 5339 2268 5389 qua
2297 5321 2487 5373 dicitur
2525 5324 2658 5391 quod
2689 5324 2893 5389 quando
2926 5325 3174 5378 Dominus
3212 5340 3340 5391 pra:—

1809 5393 1947 5456 cepit
1976 5392 2135 5458 Moysi
2166 5405 2218 5443 ot
2246 5392 2436 5443 rediret
2465 5391 2514 5442 in
2543 5390 2843 5459 1E3yptum,
2877 5403 2928 5446 et
2949 5393 3190 5446 edoceret
3216 5390 3336 5450 inde

1811 5460 2055 5527 populum
2088 5476 2258 5524 suum,
2285 5461 2423 5527 petiit
2459 5462 2660 5526 Moyses
2686 5472 2739 5519 ut
2770 5464 3005 5516 inlirmus
3025 5477 3054 5512 a
3082 5463 3298 5517 Dotnino
3324 5484 3335 5516 :

1810 5527 2038 5599 Domine,
2068 5533 2200 5596 quod
2238 5533 2432 5599 signum
2462 5532 2550 5583 erit
2581 5531 2720 5593 mihi,
2753 5541 2804 5582 ut
2847 5546 2923 5583 me
2972 5531 3180 5580 audiant
3202 5531 3228 5582 .’
3275 5532 3343 5588 Et

1810 5597 2052 5650 Dominus
2081 5602 2145 5651 ad
2171 5597 2294 5652 eunt
2313 5615 2331 5652 :
2357 5600 2498 5651 Educ
2527 5614 2726 5651 manuni
2761 5609 2895 5651 tuam
2923 5601 2983 5650 de
3007 5600 3118 5650 sinu
3149 5609 3232 5652 tuo
3250 5641 3263 5664 ,
3295 5611 3342 5654 et

1808 5667 2003 5736 eduxit,
2027 5678 2072 5724 et
2101 5684 2208 5720 ecce
2246 5670 2437 5736 lrprosa
2466 5677 2566 5721 tota
2595 5670 2840 5736 facta-est.
2877 5667 3067 5720 lterum
3096 5670 3222 5722 dixit
3250 5671 3294 5722 ei
3326 5687 3344 5724 .'

1812 5734 1980 5786 lleduc
2009 5752 2210 5787 manum
2233 5734 2321 5789 tua
2340 5756 2367 5788 n
2399 5739 2447 5789 in
2467 5734 2626 5790 sinum
2658 5747 2813 5805 tuum,
2843 5749 2886 5790 et
2911 5738 3127 5803 reduxit,
3146 5751 3189 5792 et
3219 5741 3341 5791 reli-

1809 5821 1918 5874 qua:
1959 5806 2094 5858 carni
2123 5806 2256 5878 [aeta
2287 5817 2354 5859 est
2396 5809 2586 5863 similis.
2621 5808 2715 5864 l’cr
2741 5811 2916 5874 sinum
2943 5819 3113 5864 autem
3147 5809 3334 5877 Moysi,
