3912 6230
184 373 311 424 665

907 373 968 425 IN
1010 374 1414 429 PSALMORUM
1460 375 1702 427 ι.ιιιιιι;ιι

1841 374 2089 429 EGI'ISIS.
2131 407 2196 416 -—
2237 377 2475 431 PSALM.
2519 378 2729 432 XXXV.

3289 381 3389 430 Γ6¹ἰ

183 486 390 550 aliquo
415 485 568 535 modo
596 483 954 545 trucidaretur,
979 495 1334 546 coronaretur,
1367 483 1502 552 quod
1534 485 1641 536 fleri
1668 483 1747 534 in-
1783 486 1824 537 Δ
1855 485 1994 547 prius
2023 484 2210 536 vellent
2237 494 2466 538 statuere
2513 500 2656 537 suam
2709 485 2980 549 justitiam,
3033 489 3186 539 modo
3214 491 3384 540 volunt

180 553 424 607 dignum
456 563 552 604 est.

252 593 471 674 t’Judica
499 638 574 670 me
603 621 872 671 secundum
909 620 1158 687 justitiam
1187 629 1340 680 tuam,
1376 619 1584 669 Domine
1623 618 1753 668 Deus

185 706 375 747 meus.
428 701 471 740 et
499 706 598 740 non
627 695 1025 754 supergaudraut
1059 688 1196 739 mihi.
1230 687 1346 739 Nan
1378 690 1541 736 dicunt
1570 689 1619 737 in
1643 702 1751 736 ratu

183 758 359 812 dibus
407 759 547 810 suis:
591 755 748 823 Euge,
799 772 919 818 enqe
971 756 1379 814 aninue'nostrar,
1429 771 1516 805 nec
1543 756 1752 804 dicant:

189 826 573 880 Devorabimus
614 842 741 878 eum.
785 824 1009 883 Intende,
1061 824 1288 885 inquam,
1339 826 1390 875 iu
1429 838 1652 880 causam,
1700 832 1752 873 et

184 913 303 957 me,
332 912 490 961 quem
520 895 570 945 in
597 907 743 954 t-mna
765 908 791 944 a
819 895 966 945 ιιιειΙίς
996 907 1096 944 non
1122 893 1329 954 dividis,
1353 892 1549 958 judico,
1575 891 1747 953 idest,

184 966 452 1016 discerne
499 965 563 1016 ab
611 963 688 1014 eis
730 964 998 1013 secundum
1040 961 1310 1026 justitiam.
1350 961 1397 1011 id
1445 969 1524 1012 est
1575 975 1746 1010 verant

185 1034 558 1085 obedientiam
590 1047 746 1081 ineant
772 1047 788 1081 :
817 1041 867 1080 et
894 1039 1062 1081 tamen
1091 1037 1250 1088 tuam,
1285 1030 1333 1080 id
1361 1037 1461 1090 est,
1495 1043 1520 1077 a
1546 1037 1595 1078 te
1625 1030 1748 1079 mihi

185 1101 410 1159 datam,
440 1100 644 1151 Domine
678 1098 806 1150 Deus
833 1115 985 1150 meus.
1020 1098 1082 1148 Ει
1111 1098 1267 1148 debes
1291 1098 1543 1162 judicare,
1575 1106 1627 1146 ut
1654 1095 1748 1146 ini-

188 1170 326 1221 miti
358 1170 444 1232 qui
477 1169 635 1234 gavisi
669 1178 788 1219 sunt
811 1169 874 1217 de
905 1182 986 1218 me
1011 1165 1305 1222 interiecto,
1335 1181 1431 1234 non
1477 1179 1748 1234 superqua-

186 1241 356 1290 deant
389 1240 452 1289 de
481 1232 583 1296 inc,
614 1252 712 1286 non
739 1238 804 1286 de
835 1236 1158 1285 resuscitato.
1193 1234 1293 1284 Sed
1327 1232 1410 1298 qui
1441 1233 1582 1296 prius
1605 1235 1747 1284 dixe-

187 1318 327 1358 runt
362 1307 411 1357 iti
451 1317 619 1358 morte
669 1319 800 1354 mea.
857 1301 1015 1370 Euge,
1048 1319 1167 1367 euge
1196 1303 1376 1352 animo:
1405 1312 1601 1360 uostrw,
1648 1317 1745 1352 non

187 1377 377 1427 dicunt
409 1376 504 1426 hoc
532 1377 771 1438 amplius,
797 1371 1031 1424 videntes
1058 1385 1141 1422 tne
1172 1371 1609 1438 resuscitatuniin
1639 1385 1748 1420 cor-

185 1443 354 1496 dibus
380 1446 563 1503 suis,0l
595 1437 636 1494 si
669 1441 912 1494 simulent
939 1440 1168 1493 exterius
1197 1438 1246 1488 in
1279 1439 1444 1499 labiis,
1470 1437 1558 1488 sed
1579 1439 1746 1501 potius

185 1510 404 1568 dicant,
439 1513 543 1571 νιν,
579 1527 651 1563 vze
681 1510 867 1560 animm
891 1518 1101 1561 nostra}.
1138 1507 1388 1559 Infinitam
1421 1506 1558 1558 enim
1590 1506 1747 1561 tristi-

191 1583 334 1632 tiam
370 1580 662 1632 habuerunt
687 1579 873 1639 iudici,
923 1579 1192 1630 audientes
1231 1575 1578 1629 resurrexisse
1603 1575 1747 1626 Chri-

187 1659 376 1706 stum,
427 1659 477 1700 ct
529 1651 741 1700 mallent
779 1647 1018 1699 omnibus
1059 1645 1224 1698 modis
1277 1659 1376 1696 non
1431 1643 1748 1696 crucifixissc

189 1734 360 1780 quam
392 1719 692 1770 crucifixum
727 1717 1090 1767 resurrexisse.
1130 1714 1243 1765 Non
1288 1715 1472 1773 dicant,
1510 1714 1742 1779 inquam,

1852 560 2046 624 tantum
2089 569 2243 604 meum
2263 555 2509 624 just'tiam
2537 570 2551 602 :
2575 565 2622 604 et
2657 555 2821 605 dicunt
2851 570 3058 618 sentrser,
3088 556 3388 624 Magniﬁce-

1851 631 1950 679 Iur,
1973 621 2019 689 id
2042 630 2138 678 est,
2158 623 2413 672 exaltetnr
2443 622 2702 686 Dominus,
2717 634 2765 673 et
2791 638 3048 689 nunquam
3072 621 3271 684 servos,
3291 628 3389 680 huc

1850 698 1930 740 cst
1960 687 2080 740 nihil
2111 689 2332 752 amplius
2379 689 2444 740 dc
2485 704 2542 742 se
2572 687 2923 754 prtesutnant,
2951 691 3041 742 sed
3074 701 3234 743 totum
3288 696 3390 747 llo-

1858 759 1998 805 mino
2026 756 2304 808 asc:ihant..
2355 758 2427 808 llli
2459 760 2543 824 qui
2572 759 2739 809 volunt
2772 775 2943 824 parem
2974 759 3144 811 datam
3189 776 3279 820 per
3303 781 3384 814 me

1848 838 1970 893 vero
1995 839 2199 875 servum
2231 825 2361 891 t-jus,
2380 827 2428 878 id
2457 838 2534 879 est
2567 828 2925 891 homini.Qu:e
2950 843 3041 889 pax
3068 838 3143 879 est
3172 830 3385 893 litigium

1851 891 2044 960 habere
2074 908 2190 945 cum
2221 895 2378 956 vitiis,
2410 906 2462 946 et
2490 897 2819 947 concordiam
2849 911 2964 946 cum
2994 891 3380 960 inoriliusopti-

1849 959 1966 1030 tuis.
2016 962 2077 1012 Et
2129 976 2252 1030 vere
2305 965 2498 1023 dicent,
2552 965 2903 1030 Magni/iretur
2953 964 3213 1025 Dominus,
3266 959 3384 1027 quit

1849 1027 2020 1092 lingua
2045 1047 2170 1087 mea,
2205 1029 2251 1082 id
2282 1041 2381 1093 est,
2415 1047 2505 1084 cur
2531 1027 2736 1093 nit-uin,
2765 1033 2900 1095 quod
2933 1034 3050 1084 ideo
3076 1035 3385 1088 diciturJin-

1846 1100 1962 1161 εμπ,
1989 1100 2108 1158 quia
2155 1099 2259 1149 Deo
2308 1101 2548 1162 loquitur.
2581 1100 2728 1152 Unde
2779 1102 2826 1151 in
2861 1102 3139 1164 Evangelio
3169 1103 3388 1154 habetur

1846 1166 1980 1227 quod
2015 1166 2263 1219 Dominus
2290 1169 2441 1219 Jesns
2489 1172 2658 1232 pravis
2687 1168 3090 1233 cogitationibus
3136 1172 3384 1224 advnrsa-

1850 1233 2042 1284 riorum
2095 1250 2304 1287 suorum
2355 1237 2644 1302 respondit:
2696 1252 2804 1300 cur,
2859 1239 3088 1302 inquam.
3147 1254 3382 1291 ineorum

1846 1314 2071 1372 setuper,
2110 1319 2155 1372 ro
2212 1305 2447 1366 Domine,
2478 1306 3058 1372 meditabiturjustitiam
3085 1316 3220 1362 tuam
3247 1322 3380 1362 esse.

1848 1368 1900 1441 id
1927 1380 2024 1430 est,
2052 1371 2175 1423 nihil
2216 1373 2280 1424 de
2320 1388 2378 1427 se
2409 1386 2704 1438 lifil'SUtCl,
2748 1368 2837 1426 sed
2881 1390 3085 1427 omnem
3130 1377 3381 1441 justitiam

1848 1438 2134 1511 tihiAascrih
2171 1451 2208 1491 t.
2244 1442 2466 1511 Laudem
2495 1457 2616 1494 vero
2657 1453 2790 1494 tuam
2820 1457 2993 1494 veram
3021 1453 3068 1494 et
3098 1438 3383 1511 perlectam

1846 1507 2161 1575 meditabitur
2201 1512 2250 1561 in
2277 1513 2360 1562 diu
2404 1509 2509 1570 illa,
2542 1527 2657 1575 qum
2697 1513 2797 1564 erit
2827 1512 2939 1564 dies
2969 1507 3112 1571 ιοιειξ
3141 1514 3189 1565 id
3219 1523 3303 1565 est
3334 1515 3383 1564 iu

1847 1574 2012 1627 lutura
2046 1578 2167 1639 vita,
2209 1579 2296 1631 ubi
2350 1581 2447 1630 erit
2480 1574 2759 1645 perpetuus
2809 1581 2920 1632 dies
2961 1580 3074 1633 sine
3106 1598 3273 1633 nocte.
3326 1584 3387 1636 lit

1847 1651 1951 1695 tota
1973 1644 2073 1708 die,
2104 1646 2152 1698 id
2193 1657 2274 1699 est
2303 1657 2404 1700 tota
2435 1644 2626 1700 mentis
2668 1651 2923 1710 puritate;
2968 1653 3043 1701 vel
3074 1661 3175 1702 tota
3205 1651 3303 1710 die,
3337 1654 3384 1703 id

1846 1716 2179 1787 cst,_assidite
2208 1717 2520 1787 meditabitur
2537 1718 2738 1770 laudent
2768 1718 2947 1770 Dei.Si
2970 1719 3109 1770 enim
3135 1721 3380 1787 hymnum

189 1779 349 1854 erige,
380 1803 518 1854 euge,
552 1803 637 1838 nec
663 1787 817 1836 etiam
849 1785 1036 1843 dicant,
1091 1781 1439 1858 Decor-ariolus
1486 1796 1613 1858 eum,
1648 1796 1738 1847 pu-
1779 1802 1819 1858 Β
1850 1779 1898 1858 in
1933 1783 2164 1858 Ecclesia
2195 1786 2360 1847 canis,
2392 1785 2572 1858 laudas
2603 1787 2909 1849 Dominum;
2938 1788 2977 1858 si
3010 1801 3134 1858 vero
3171 1779 3270 1838 non
3299 1804 3386 1840 ca-

187 1851 377 1908 tantes
408 1851 547 1921 prius
571 1857 774 1920 penitus
800 1867 985 1905 nomen
1010 1868 1178 1905 meum
1207 1851 1461 1921 deflevisse
1487 1851 1550 1921 de
1581 1861 1738 1911 terra,

195 1925 297 1976 sed
332 1919 508 1988 potius
535 1919 630 1991 ego
674 1926 916 1976 devorent
959 1935 1070 1981 eos,
1093 1930 1152 1991 et
1181 1920 1279 1971 mei
1312 1919 1746 1991 etiamdevorent

194 1987 588 2057 persecutores
619 2007 763 2052 suos,
815 2002 914 2042 tam
962 1990 1183 2057 gentiles
1209 2004 1359 2055 quam
1390 1987 1616 2057 Judmos.
1652 1987 1744 2039 llic

192 2056 362 2114 mittit
409 2077 501 2114 nos
540 2063 603 2114 ad
647 2060 933 2120 historiam,
971 2056 1063 2110 ubi
1105 2059 1397 2112 continetur
1441 2056 1579 2123 quod
1623 2070 1740 2108 cum

193 2129 412 2197 Moyses
437 2133 484 2182 in
517 2140 692 2184 monte
709 2129 872 2186 Sinai.
890 2139 944 2179 ut
961 2129 1123 2196 legem
1154 2142 1189 2178 τι
1217 2126 1738 2197 Domino_acciperet,

187 2195 545 2266 quadraginta
595 2201 779 2252 diebus
828 2206 1020 2259 staret,
1065 2205 1118 2248 et
1158 2198 1378 2266 populus
1412 2195 1741 2266 ilsraciiticus

193 2264 498 2321 murmurat
525 2267 701 2322 centra
737 2271 906 2320 Aaron
931 2279 1208 2329 reposcens
1230 2264 1384 2314 idola.
1409 2265 1605 2315 Etcum
1629 2265 1739 2328 ipse

194 2341 380 2391 Aaron
411 2354 510 2392 non
559 2348 726 2404 posset
759 2351 848 2389 eos
879 2334 1077 2386 ratione
1122 2335 1413 2404 eoi_rigere_,_
1442 2332 1602 2383 voluit
1648 2348 1738 2385 cos

193 2405 398 2459 damno
426 2402 688 2459 revocare.
726 2405 1146 2468 Prmeepitigitnr
1166 2402 1243 2454 eis
1267 2411 1319 2453 ιιι
1344 2402 1582 2453 afferrent
1605 2417 1737 2466 quo-

191 2489 301 2534 que
329 2487 631 2528 ornamenta
665 2490 754 2526 sua
783 2489 933 2526 aurea
967 2474 1044 2523 virl
1081 2480 1343 2537 arg-‘utea,
1391 2483 1440 2523 et
1470 2471 1588 2522 inde
1618 2473 1738 2523 fecit

192 2544 421 2594 vitulum
454 2546 782 2596 catillatiletn.
813 2544 976 2605 Qllt'lll
1010 2541 1278 2605 postmodo
1309 2540 1509 2607 Moyses
1534 2555 1649 2589 cum
1671 2541 1734 2591 de

196 2622 382 2664 inonte
421 2614 684 2674 rediissel,
728 2625 776 2662 et
803 2614 964 2663 multo
988 2624 1140 2675 super
1163 2608 1259 2660 hoc
1288 2607 1607 2659 cruciaretur
1644 2609 1734 2660 do-

193 2681 330 2742 lore,
365 2682 482 2734 ierit
513 2680 854 2746 in'pulverem
886 2682 1101 2739 conteri,
1132 2687 1182 2729 ct
1228 2676 1366 2742 potui
1397 2675 1731 2728 connuistnni

189 2753 256 2799 a-l
318 2752 676 2803 devorandum
725 2751 800 2801 o-is
845 2749 1082 2812 prrebuit.
1127 2748 1179 2797 lu
1221 2761 1320 2811 quo
1366 2746 1621 2811 signatum
1655 2757 1734 2800 est

188 2821 331 2881 quod
383 2821 487 2872 vcri
539 2820 785 2871 Israelita}
814 2818 898 2879 qui
933 2816 1088 2869 l‘utnri
1118 2827 1262 2867 erant
1288 2816 1531 2878 apostoli,
1566 2825 1617 2864 et
1645 2819 1730 2866 alii

188 2887 397 2940 scilicet
429 2903 695 2952 praecones
725 2889 905 2947 sancti,
938 2904 1037 2938 non
1068 2885 1233 2936 solum
1262 2883 1508 2949 quosdam
1541 2884 1604 2934 de
1644 2883 1733 2936 Ju-

193 2956 347 3026 daéis,
383 2959 471 3010 scd
502 2959 657 3009 etiam
690 2973 720 3026 g
755 2958 907 3008 nt:les
932 2958 1015 3020 qui
1044 2955 1501 3026 idololatrutcrant
1524 2963 1604 3026 :_el
1642 2967 1732 3026 per

194 3024 390 3075 idolum
417 3028 563 3087 illud,
585 3021 714 3079 sedi:
735 3035 786 3078 et
813 3040 902 3092 per
932 3023 1145 3075 vitulum
1177 3021 1521 3092 conflatilent,
1545 3024 1728 3076 intelli-

193 3103 386 3164 guntur
417 3098 768 3164 transglntire,
801 3090 1319 3164 conformandoqsibi
1362 3090 1654 3164 debebant,
1679 3105 1731 3164 et

195 3162 249 3215 in
271 3165 416 3232 [malo
445 3159 886 3227 devorare,atquc
913 3164 961 3215 in
979 3177 1166 3228 corpus
1185 3159 1374 3232 Qiristi
1399 3161 1652 3232 trajicere.
1673 3163 1734 3214 Et

193 3230 406 3299 poSsunt
441 3247 554 3299 qua:
583 3248 738 3296 supra
770 3233 902 3284 dicta
927 3242 1066 3294 sunt,
1099 3231 1164 3282 ab
1199 3230 1420 3296 Exsurge
1448 3239 1490 3280 et
1519 3230 1736 3295 intende,

190 3304 349 3353 ctiam
372 3302 435 3352 ad
461 3303 692 3357 membra
718 3310 1149 3364 et-persecutores
1178 3314 1379 3362 eorum,
1398 3307 1502 3350 tam
1524 3301 1587 3352 de
1606 3313 1736 3367 gen-

191 3371 330 3421 lihns
353 3386 506 3436 quam
538 3371 600 3421 de
629 3369 844 3427 JlldiDlS,
872 3385 966 3420 suo
995 3370 1145 3421 modo
1168 3369 1368 3422 referri.

262 3437 567 3490 Erubescant
604 3448 648 3489 et
688 3449 998 3491 revereantur
1016 3439 1165 3490 simul
1184 3439 1267 3498 qui
1298 3435 1612 3506 gratulantur
1633 3454 1738 3492 ma-

191 3508 249 3557 lis
281 3524 343 3556 nt:
359 3509 421 3560 is.
457 3506 744 3559 lnduantur
771 3509 1062 3575 confusione
1090 3518 1136 3558 et
1157 3507 1446 3569 reverentia,
1479 3508 1562 3575 qui
1594 3509 1737 3559 mali-

193 3592 287 3641 gna
316 3576 586 3640 loquuntur
612 3593 760 3645 super
786 3574 879 3628 me.
915 3576 963 3628 Ν
970 3593 1033 3627 οη
1055 3578 1240 3634 dicant.
1266 3575 1493 3638 inquam,
1518 3574 1734 3627 Devora-

191 3645 346 3697 vimus
391 3661 522 3708 eum,
559 3657 806 3710 quantum
835 3647 898 3696 ad
947 3661 1048 3708 me,
1109 3646 1186 3698 vel
1227 3661 1326 3704 eos,
1372 3652 1616 3710 quantum
1671 3645 1734 3698 ad

194 3729 359 3773 meos,
392 3716 481 3765 scd
522 3717 691 3778 potius
715 3714 1005 3766 erubescant
1032 3723 1238 3779 peccata
1271 3728 1384 3770 sua,
1410 3725 1452 3764 et
1482 3714 1631 3764 simul
1658 3728 1735 3765 re-

189 3792 468 3843 υιενεαιιιιέγ,
494 3782 540 3834 id
573 3793 654 3834 est
680 3783 1022 3835 extinusa-ant
1050 3798 1128 3844 ea,
1163 3784 1241 3835 vel
1271 3785 1554 3834 erubescant
1586 3792 1737 3835 meet

192 3866 356 3912 meos,
410 3862 455 3903 et
491 3861 803 3904 revereautur
851 3864 1225 3917 «agnoscentes
1253 3865 1310 3903 se
1342 3861 1639 3918 peccatores
1683 3862 1736 3905 et

193 3921 526 3984 iudigniores.
564 3921 636 3970 Illi
666 3922 750 3985 qui
779 3935 912 3971 nunc
943 3920 1343 3986 gratulanturdc
1370 3920 1736 3978 malismeis,et

192 4003 449 4046 lucorum,
473 3998 528 4040 et
557 3989 621 4040 ita
646 3989 930 4041 erubescant
953 4001 995 4040 et
1026 3997 1359 4046 ri-vet'eautur,
1387 3999 1437 4038 ut
1460 3991 1735 4040 induantur

189 4058 479 4121 confusione
498 4067 543 4106 ct
573 4060 858 4119 reverentia,
893 4059 939 4109 id
967 4069 1063 4119 ρει,
1091 4069 1143 4108 ιιι
1172 4069 1272 4107 tam
1299 4059 1527 4122 plenaria
1554 4058 1734 4109 confu-

191 4126 266 4176 sio
291 4126 377 4185 sit,
407 4134 460 4178 et
492 4129 801 4186 reverentia,
850 4135 904 4177 nt
930 4127 1215 4178 circumdet
1258 4141 1348 4178 eos
1400 4125 1540 4177 velut
1587 4127 1735 4179 indu-

194 4201 443 4246 mentum.
477 4191 781 4254 lnduantnr,
809 4195 1035 4260 inquam,
1065 4195 1157 4256 illi,
1183 4195 1268 4260 qui
1293 4197 1558 4261 loquuntur
1579 4197 1733 4248 modo

189 4264 339 4324 mata,
365 4278 468 4315 non
493 4265 659 4316 solum
689 4265 881 4317 faciunt
907 4280 1054 4326 supir
1077 4281 1172 4321 me.
1205 4267 1252 4316 id
1280 4275 1358 4317 est
1386 4267 1449 4316 de
1480 4279 1562 4316 nte
1588 4273 1640 4316 et
1667 4267 1734 4320 de

191 4332 334 4384 meis.
369 4335 427 4383 tt
452 4348 570 4384 vere
591 4333 877 4385 erubescant
920 4344 963 4385 et
991 4344 1323 4397 revereantur,
1365 4334 1483 4398 quia
1514 4334 1732 4386 exsulta-

189 4401 303 4452 bant
331 4409 375 4451 et
418 4401 718 4453 laetabuntur
744 4417 927 4454 omnes
957 4401 1046 4464 illi,
1079 4404 1160 4466 qui
1200 4417 1319 4454 cum
1373 4404 1514 4469 prius
1544 4403 1731 4454 vellent

187 4478 413 4521 statuere
439 4471 692 4538 justitiam
735 4483 907 4533 suam,
950 4470 1104 4522 modo
1123 4471 1294 4522 roluut
1323 4483 1547 4522 Statuere
1567 4473 1725 4538 justi-

187 4537 301 4590 tiam
324 4553 499 4589 meam.
535 4539 596 4590 Et
624 4537 818 4590 utinam
848 4540 1094 4591 exsultent
1137 4551 1182 4590 et
1222 4541 1468 4602 ltetrutur,
1501 4537 1577 4591 et,
1604 4542 1724 4592 reli-

189 4623 304 4671 qua.
338 4606 556 4658 Possunt
587 4622 790 4671 quoque
823 4608 1051 4672 praedicti
1087 4609 1189 4660 duo
1220 4609 1727 4661 versusiumaloac-

188 4677 286 4742 cipi
333 4677 437 4726 ita:
482 4675 601 4728 Non
644 4678 832 4737 dicant,
865 4680 1095 4744 inqnatn,
1149 4689 1506 4744 persecutores
1539 4679 1636 4729 mei
1678 4689 1730 4730 et

191 4758 438 4808 nti-orum,
471 4745 847 4805 Devorabimus,
892 4747 980 4797 sed
1014 4748 1180 4811 potius
1201 4747 1487 4798 erubescant
1517 4755 1558 4796 et
1583 4747 1728 4798 simul

188 4817 512 4876 rerercautur,
546 4815 598 4867 id
625 4824 724 4879 est,
755 4816 996 4867 ruborem
1022 4816 1249 4867 exterius
1279 4826 1327 4866 et
1355 4817 1634 4878 innocuum
1661 4816 1726 4867 li-

190 4896 378 4934 marem
406 4882 622 4936 interius
650 4885 919 4937 incurrant
941 4885 1003 4935 de
1025 4886 1249 4950 nequitia
1275 4899 1365 4936 sua
1390 4884 1440 4936 in
1462 4887 1724 4947 prwsenti,

191 4951 259 5004 illi
283 4951 362 5012 qui
391 4955 705 5019 gratulantur
751 4953 896 5006 malis
939 4952 1058 5003 meis
1093 4963 1144 5003 ct
1171 4967 1425 5004 meorum.
1460 4953 1509 5004 In
1559 4954 1726 5004 l'ulnro

189 5031 353 5071 autem
402 5020 675 5072 induantur
718 5022 1005 5087 confusione
1051 5021 1302 5086 plenaria,
1345 5031 1388 5072 et
1435 5023 1723 5085 reverentia,

188 5091 453 5155 quicunque
478 5090 697 5151 ntuliuna
743 5093 1009 5150 loquuntur
1046 5105 1191 5155 super
1215 5106 1308 5151 me,
1343 5090 1390 5141 id
1438 5103 1514 5142 est
1548 5093 1612 5141 de
1643 5105 1724 5142 nte

191 5166 242 5225 et
284 5157 343 5208 de
384 5161 533 5210 meis.
583 5159 728 5221 Qutid
775 5173 895 5210 vere
946 5168 1067 5210 tunc
1105 5159 1223 5220 erit,
1273 5159 1479 5225 quando
1518 5159 1720 5210 dicent:

191 5224 292 5276 Nos
324 5229 559 5277 insettsati
587 5228 992 5278 existintabamus
1041 5229 1191 5278 vitam
1223 5224 1424 5280 illarum
1455 5229 1720 5290 insaniant,

189 5303 238 5345 et
261 5296 468 5362 reliqua.
929 5311 936 5314 ·

257 5359 511 5417 Exsullent
547 5376 593 5418 et
617 5365 864 5434 ilwtentur
893 5365 977 5428 qui
992 5364 1173 5434 solun:
1184 5366 1439 5434 justitiam
1467 5381 1645 5425 nteant,
1675 5375 1723 5416 et

189 5429 341 5503 dicant
364 5449 576 5501 semper,
601 5432 952 5503 Magniﬁcetur
976 5429 1242 5503 Dominus,
1265 5439 1346 5503 qui
1367 5435 1532 5486 volunt
1551 5449 1722 5501 pacem

191 5501 306 5550 servi
350 5503 483 5567 ejus.
513 5504 672 5568 Quasi
694 5501 866 5555 'dicat:
902 5501 1014 5570 Mali
1045 5501 1332 5566 quidemet
1362 5514 1723 5570 persecutoies

189 5569 435 5634 patiantur
481 5581 535 5624 ct
582 5572 666 5625 hic
699 5583 753 5624 et
799 5574 848 5622 in
898 5569 1090 5621 futuro.
1140 5572 1210 5622 Ex
1259 5569 1496 5637 opposito
1549 5582 1721 5622 autent

188 5639 416 5706 resultent
443 5649 486 5689 et
519 5643 746 5692 lwtentur
789 5642 1022 5700 interius,
1056 5638 1103 5690 id
1135 5649 1213 5690 cst
1265 5643 1550 5706 plenariam
1591 5641 1722 5690 licti-

191 5705 297 5759 tiatu
347 5706 562 5774 habent,
618 5718 669 5763 ct
726 5713 806 5762 hic
844 5719 894 5763 et
943 5711 995 5762 in
1051 5705 1462 5773 l'uluro,’omncs
1492 5710 1574 5775 qui
1604 5722 1721 5760 cum

1846 1853 1946 1922 nis,
1991 1853 2160 1903 reficis
2188 1868 2377 1922 corpus
2407 1854 2526 1905 ciho
2555 1862 2644 1904 aut
2687 1868 2893 1906 somno.
2943 1855 3003 1906 lit
3059 1856 3156 1908 ht-c
3188 1873 3289 1906 non
3319 1858 3383 1908 ad

1844 1919 2237 1973 delectationem
2268 1919 2461 1985 carnis,
2493 1923 2583 1974 sed
2611 1937 2674 1976 ne
2703 1923 2914 1975 deficias
2941 1924 2991 1975 in
3023 1926 3233 1975 servitio
3266 1925 3378 1976 Dei.

1846 1986 1907 2036 Et.
1936 1990 1977 2039 si
2018 1990 2268 2054 quidquid
2297 1993 2446 2058 agis,
2493 1991 2580 2042 tibi
2625 2007 2830 2058 semper
2868 1994 2918 2045 in
2965 2004 3137 2045 mente
3179 1994 3383 2046 Domini

1842 2060 2113 2178 {)rtt‘ponﬁ,
2138 2060 2307 2114 omnis
2339 2062 2637 2113 innocentis
2665 2077 2881 2129 operum
2931 2071 3134 2114 tuorurn
3178 2063 3385 2117 assidue

1862 2143 1922 2176 an
1965 2136 2017 2178 at
2091 2143 2231 2178 eum.

1862 2136 2017 2178 undat
2050 2136 2231 2181 Deum.

2289 2217 2351 2269 IN
2380 2217 2694 2272 PSALMUM
2728 2219 2938 2272 XXXV.

2025 2326 2078 2380 In
2105 2328 2281 2392 linem,
2307 2343 2456 2381 servo
2488 2329 2714 2393 Domini,
2750 2331 2977 2398 psalmus
3003 2328 3180 2383 David.

2422 2453 2796 2493 ARGUMENTUM.

1905 2523 2031 2576 Cum
2052 2525 2222 2576 Saulis
2246 2525 2447 2577 insidiis
2469 2537 2763 2593 urgeretur,
2790 2527 2925 2578 hunc
2956 2526 3208 2590 psalnmm
3235 2526 3381 2578 ccci-

1835 2593 1911 2647 nit
1952 2608 2016 2645 eo
2071 2595 2325 2659 przccipne
2377 2603 2747 2661 temporecum
2778 2611 2896 2648 eum
2952 2612 3138 2648 necare
3181 2599 3377 2658 volens,

1833 2663 2084 2729 Scyphum
2130 2672 2328 2716 tantum
2379 2678 2469 2727 pro
2499 2664 2645 2729 signo
2674 2663 2810 2726 fidei,
2873 2665 3174 2730 hastamque
3205 2668 3373 2723 prori-

1839 2734 1965 2800 puit.
2017 2731 2179 2784 Aliter
2210 2732 2468 2800 Propheta
2498 2747 2614 2786 cum
2665 2733 2815 2786 laude
2843 2749 2998 2800 opera
3031 2735 3190 2800 ipsius
3232 2733 3378 2787 ludat

1834 2801 2044 2853 dicitur.

2429 2905 2772 2954 EXPLANafl'lO.

1905 2981 2061 3037 Seruo
2095 2981 2294 3033 Domini
2319 2997 2412 3032 non
2444 2981 2587 3032 alteri
2616 2984 2803 3045 accipe,
2837 2996 2982 3045 quam
3003 2982 3050 3031 ei
3078 2983 3294 3048 quicum
3323 2984 3374 3033 in

1834 3055 1998 3118 [arma
2029 3052 2116 3103 Dei
2145 3061 2290 3111 esset,
2325 3054 2536 3115 formam
2564 3053 2686 3102 servi
2727 3052 2933 3114 accepit,
2969 3051 3126 3117 factus
3149 3051 3377 3102 obediens

1762 3123 1806 3182 C
1836 3137 1990 3186 usque
2010 3123 2074 3170 ad
2107 3131 2332 3172 mortem.
2364 3119 2519 3172 Totus
2548 3122 2765 3184 psalmus
2792 3137 2822 3171 a
2861 3136 3070 3184 persona
3114 3118 3378 3188 PrOpItette

1839 3189 2037 3241 dicitur.
2061 3189 2118 3239 lu
2139 3190 2294 3255 primo
2318 3191 2533 3239 membro
2557 3198 2908 3249 contemptores
2935 3190 3053 3256 legis
3074 3190 3380 3242 uehementer

1837 3268 2059 3318 accusat,
2096 3273 2177 3310 eos
2208 3273 2304 3307 non
2331 3256 2557 3307 habitare
2599 3273 2712 3308 cunt
2743 3257 2960 3310 Domino
2991 3275 3376 3311 commemorans

1839 3333 1897 3378 ob
1915 3342 2082 3378 eorum
2108 3325 2287 3381 impias
2314 3327 2610 3377 voluntates.
2630 3327 2862 3378 Secundo
2892 3327 2980 3377 sub
3007 3326 3156 3378 laude
3178 3325 3386 3378 Domini»

1837 3397 2018 3447 Collata
2049 3395 2365 3463 prtcntiorum
2393 3394 2525 3445 dona
2566 3394 2815 3463 tit-scribit,
2848 3410 3026 3454 eosque
3048 3396 3223 3446 domus
3267 3395 3371 3447 Do-

1838 3467 1960 3515 mini
1980 3462 2100 3516 dicit
2131 3474 2349 3514 ubertate
2392 3462 2650 3530 compleri,
2681 3462 2980 3529 breviterque
3004 3463 3054 3512 in
3083 3464 3231 3514 ruina
3261 3481 3372 3516 ma-
3433 3462 3435 3464 ’

1837 3533 1996 3585 larunt
2019 3532 2240 3600 psalmus
2268 3533 2357 3584 iste
2377 3533 2705 3585 conc'uditur.

2387 3637 2803 3676 COIHIENTAMUS.

1911 3715 2046 3766 Dixit
2077 3715 2286 3782 injustas
2318 3725 2370 3765 ut
2399 3717 2667 3783 delinquat.
2705 3715 2911 3768 Titulus
2939 3724 3015 3767 est
3049 3716 3184 3776 talis,
3216 3715 3277 3768 In
3308 3718 3372 3783 ﬁ-

1835 3801 1946 3835 nem
1969 3801 2107 3836 διννιό
2139 3785 2339 3854 Domini
2368 3783 2551 3846 David,
2571 3786 2851 3836 secundum
2877 3786 3267 3848 (lassiodotmn,
3287 3788 3371 3854 qui

1834 3855 1909 3905 sic
1941 3855 2233 3919 exponitur.
2284 3853 2401 3904 Ιίωο
2450 3854 2604 3904 veilia
2659 3855 2953 3906 referuntur
2986 3870 3086 3905 non
3114 3856 3176 3907 ad
3211 3853 3374 3908 histu-

1837 3924 1987 3986 riam,
2015 3923 2104 3974 sed
2130 3925 2176 3974 in
2209 3925 2383 3984 linem,
2417 3921 2464 3973 id
2509 3929 2589 3974 e~t
2620 3924 2668 3974 in
2699 3922 3088 3988 perfectionem,
3121 3923 3184 3972 ad
3213 3924 3366 3976 Chri-

1834 4003 1968 4041 stum
1993 3993 2222 4043 scilicet:
2252 4000 2302 4041 et
2347 3993 2443 4042 hoc
2469 3990 2586 4041 ideo
2626 3995 2743 4055 quia
2767 4002 2883 4041 sunt
2910 3989 3154 4040 attributa
3188 3991 3368 4053 David,

1833 4058 1881 4110 id
1913 4069 1990 4110 est
2022 4059 2170 4110 alicui
2201 4060 2495 4125 perlectiori
2525 4063 2588 4110 de
2610 4061 2857 4112 membris
2878 4059 3018 4126 eius:
3047 4057 3202 4110 David
3250 4061 3368 4113 dico

1833 4143 1935 4179 non
1967 4128 2305 4180 historiahtcr
2331 4137 2567 4192 accepto,
2610 4128 2812 4182 etiamsi
2842 4131 2905 4180 ad
2955 4128 3258 4192 I"r0plictam
3291 4145 3372 4182 rc-

1832 4196 2048 4265 spicias.
2097 4195 2188 4248 sed
2245 4211 2382 4248 servo
2431 4195 2647 4259 Domini,
2687 4198 2735 4250 id
2779 4208 2859 4252 est
2889 4199 2974 4250 tali
3004 4200 3086 4262 qui
3118 4200 3180 4250 sit
3219 4212 3373 4252 verus

1832 4281 2010 4335 servus
2037 4265 2257 4325 Domini,
2283 4281 2382 4315 non
2410 4269 2646 4319 serviens
2675 4269 2968 4329 carnaliter,
3003 4268 3092 4319 sed
3123 4270 3369 4335 spiritua-

1835 4333 1969 4386 liter.
2014 4335 2110 4399 Qui
2150 4348 2332 4386 servus
2363 4335 2561 4403 Domini
2609 4337 2942 4398 reprehendit
2969 4337 3017 4387 in
3045 4333 3371 4403 hoc‘psalmo

1834 4418 2112 4455 conservos
2149 4417 2272 4470 Suos
2323 4400 2563 4468 injustos,
2617 4417 2967 4470 proponentes
2994 4405 3089 4456 sihi
3134 4400 3370 4469 peccare,

1833 4487 1934 4523 non
1964 4473 2084 4537 quia
2135 4469 2421 4533 intelligere
2472 4485 2572 4522 non
2607 4469 2841 4536 possunt.
2874 4473 2966 4525 sed
3014 4473 3134 4538 quia
3165 4477 3366 4535 nolunt,

1826 4551 1879 4593 et
1901 4540 1966 4592 de
1994 4541 2218 4608 peccatis
2248 4539 2357 4589 suis
2386 4538 2575 4604 injuste
2605 4541 2654 4592 in
2685 4551 2947 4594 auctorem
2976 4547 3176 4605 culpam
3198 4551 3367 4592 trans-

1829 4612 2070 4663 ferentes.
2122 4612 2261 4674 Qnos
2313 4609 2762 4672 commonefacit,
2817 4610 2949 4676 quod
3002 4619 3213 4672 pet-cant
3261 4624 3360 4660 non

1827 4694 1888 4730 ex
1915 4679 2064 4744 culpa
2093 4678 2322 4731 auctoris
2343 4682 2418 4729 vel
2446 4677 2748 4730 diflimdtate
2775 4689 2859 4728 aut
2889 4677 3197 4728 necessitate
3223 4689 3360 4738 esse,

1826 4748 1916 4800 sed
1946 4764 2011 4800 ex
2036 4763 2211 4800 eorum
2258 4762 2410 4810 prava
2443 4747 2729 4807 voluntate,
2759 4746 2956 4798 scilicet
2985 4747 3104 4810 quia
3151 4757 3207 4796 ut
3231 4747 3364 4797 bene

1827 4826 2000 4881 agant,
2035 4817 2216 4866 nolunt
2247 4817 2551 4880 intelligere,
2603 4816 2669 4866 ita
2712 4816 2916 4865 dicens:
2951 4811 3182 4880 lujustus
3213 4815 3362 4874 dixit,

1818 4885 1874 4943 id
1899 4893 1976 4934 est
2000 4887 2283 4949 proposuit,
2314 4894 2364 4934 rt
2401 4884 2664 4936 constituit
2696 4892 2745 4932 ut
2778 4884 3052 4950 delinquat,
3098 4885 3144 4934 id
3177 4895 3273 4942 est,
3310 4893 3367 4933 ut

1828 4963 2004 5014 peccet
2033 4955 2269 5003 assidue:
2305 4964 2355 5004 et
2389 4953 2484 5005 hoc
2514 4969 2612 5002 non
2641 4955 2762 5003 loris
2793 4955 2841 5004 in
2873 4963 3153 5014 conspectu
3200 4951 3367 5002 homi-

1827 5036 1969 5078 lllltll.
2003 5022 2118 5085 quia
2150 5023 2294 5071 timet
2320 5022 2384 5074 ab
2423 5024 2498 5074 eis
2545 5023 2849 5089 reprehendi
2881 5023 2959 5073 vel
2987 5021 3244 5089 damnari,
3271 5021 3359 5070 sed

1823 5090 1873 5139 in
1901 5091 2243 5152 semetipso,id
2263 5100 2340 5141 est
2367 5095 2414 5140 in
2440 5086 2714 5143 corde‘sno
2742 5091 2874 5142 male
2889 5089 3115 5142 conscio.
3135 5086 3362 5155 Injustus

1822 5156 2070 5222 aettipitur
2096 5162 2179 5210 hic
2202 5176 2300 5210 non
2332 5160 2551 5226 quilibet
2584 5176 2736 5218 unus,
2766 5163 2854 5212 sed
2886 5170 3046 5210 totum
3072 5157 3358 5226 gvttttsAini-

1823 5241 2064 5291 quorum,
2107 5230 2241 5293 quod
2289 5224 2594 5290 adversatur
2648 5230 2739 5281 sihi
2790 5228 3121 5293 intelligendo
3148 5233 3204 5274 ut
3233 5224 3366 5277 bene

1823 5305 1962 5358 agat,
1996 5312 2097 5347 non
2141 5294 2255 5361 quia
2289 5311 2388 5348 non
2421 5301 2600 5362 possit,
2646 5298 2737 5349 sed
2768 5298 2884 5365 quia
2920 5313 3017 5365 non
3049 5293 3367 5365 vult.uAliud

1823 5373 1908 5438 est
1927 5368 2062 5416 enim
2090 5365 2297 5431 quando
2327 5361 2514 5432 aliquis
2554 5361 2796 5438 conatur'
2820 5363 3013 5431 aliquid
3049 5361 3361 5438 intelligere,

1823 5435 1912 5483 sed
1938 5450 2038 5485 non
2071 5443 2235 5496 potest
2268 5448 2373 5498 pra:
2417 5436 2993 5495 humaua‘inlirinitate,
3033 5435 3151 5498 quia
3183 5443 3364 5495 corpus

1821 5502 1951 5565 quod
1977 5504 2326 5571 corrumpitur,
2365 5516 2602 5571 aggravet
2641 5509 2893 5565 animum;
2925 5500 3064 5552 verbi
3091 5500 3275 5571 gratia,
3300 5509 3368 5571 Aut

1825 5573 1959 5632 quod
1989 5569 2260 5623 dia-iinr‘de
2281 5569 2582 5635 aequalitate
2615 5574 2900 5633 ’l‘i-initatis,
2930 5579 2983 5622 et
3003 5570 3066 5620 de
3090 5569 3174 5635 illo
3206 5569 3362 5619 verbo

1823 5643 1958 5704 quod
1982 5650 2084 5691 erat
2116 5641 2165 5690 in
2191 5634 2431 5707 principio
2453 5643 2588 5705 apud
2610 5641 2786 5704 Deum,
2815 5649 2940 5702 etc.,
2983 5653 3101 5704 qua:
3124 5634 3364 5687 dicuntur

1826 5714 1888 5762 de
1918 5710 2206 5775 divinitate,
2254 5709 2473 5762 humana
2521 5709 2795 5764 infirmitas
2827 5708 3093 5778 t'ercipcrc
3137 5720 3237 5757 non
3269 5718 3359 5770 po-
