3912 6230
405 454 412 461 .
491 415 592 467 ϐτίἹ

951 413 1145 467 ΒΕῡτΕ
1192 411 1625 467 ἻΕΝΕΠᾹΒΙΜΒ
1662 414 1805 468 οιιρ.
1848 412 2019 467 PARS
2057 410 2066 464 l

2168 409 2345 464 SEtZT.
2387 410 2449 465 ll.
2492 439 2556 452 -
2597 410 2791 466 DUDIA
2836 399 2923 466 ET
2961 412 3224 468 SPURH.

3590 415 3700 467 633

496 537 616 588 test,
639 534 692 580 et
713 526 763 580 in
797 525 983 579 talibus
1009 528 1296 594 ignorantia
1329 542 1427 577 non
1461 536 1537 579 est
1569 535 1867 592 peccatum:
1897 525 2034 579 aliud
2067 523 2113 581 A
2145 524 2469 577 lectatimeui
2518 526 2824 593 immortalis
2853 528 3143 592 sapientiai.
3178 528 3280 582 Sed
3317 528 3470 582 valde
3491 542 3689 581 caven-

490 612 623 649 τετυ
650 604 747 660 est,
766 596 971 662 quando
1003 597 1345 661 perniciosius
1368 596 1471 662 agit
1491 608 1667 647 contra
1698 598 2033 661 semetipsum

485 682 590 716 cor
621 668 921 724 liuiiiauuui,
952 665 1149 715 scilicet
1178 676 1232 717 ut
1254 681 1355 715 non
1398 665 1645 732 intelligat
1674 667 1810 731 quod
1844 666 2037 715 intelli-

490 749 621 801 gcre
654 744 846 797 posset,
876 735 917 786 si
944 735 1180 785 voluntas
1209 733 1509 785 accederet:
1547 750 1647 785 non
1670 735 1787 799 quia
1811 733 2041 785 diflicilis

491 813 601 865 cst,
627 806 715 854 sed
742 806 857 867 quia
890 805 1124 853 voluntas
1155 819 1309 868 prava
1339 814 1392 854 et
1422 818 1600 854 aversa
1624 814 1703 854 est
1724 820 1735 864 ;
1760 804 1895 869 quod
1921 812 2041 854 tunc

494 883 601 935 est,
632 873 838 937 quando
869 872 1104 923 homines
1150 882 1322 922 amant
1364 882 1595 934 peccata,
1633 881 1685 923 ct
1713 872 1934 924 oderunt
1959 872 2039 923 di-

507 942 620 992 vina
666 953 942 1006 princepia,
973 943 1090 1003 quia
1123 955 1294 992 scrinn
1322 940 1524 994 divinus
1570 940 1897 993 adversarius
1926 949 2043 993 tuus

506 1021 607 1071 cst,
633 1012 673 1059 si
705 1010 877 1076 diligis
903 1009 1223 1074 iniquitatem
1249 1007 1417 1062 tuam:
1450 1010 1646 1061 amicus
1664 1019 1917 1061 verotuus
1941 1022 2039 1071 est,

504 1081 547 1131 si
578 1078 691 1130 odis
712 1094 844 1131 eam.
876 1080 937 1130 Et
965 1081 1053 1130 sic
1078 1080 1222 1130 erilis
1251 1081 1353 1130 duo
1382 1080 1443 1132 ad
1476 1080 1830 1142 perimendum
1861 1080 2044 1146 iniqui-

504 1158 665 1200 tatem
697 1156 856 1210 tuam,
882 1159 932 1199 tu
959 1149 1151 1200 scilicet
1186 1160 1237 1199 et
1258 1164 1430 1201 seruio
1456 1150 1692 1200 divinus:
1720 1150 1838 1215 quia
1872 1163 1961 1214 per
1993 1158 2044 1201 te

507 1228 797 1282 nonpotes,
828 1229 878 1270 et
907 1219 1020 1268 ideo
1053 1219 1092 1267 si
1113 1218 1225 1268 odis
1255 1220 1416 1283 ipsam
1447 1218 1495 1268 in
1521 1218 1796 1285 quitatem,
1828 1228 1879 1269 et
1911 1217 2045 1270 Deus

503 1285 758 1338 dimiserit
778 1302 911 1348 eam,
939 1288 1067 1339 liber
1096 1286 1216 1337 eris.
1247 1288 1300 1340 Si
1347 1298 1518 1337 autem
1552 1287 1721 1349 diligis
1760 1301 1896 1345 eam,
1920 1301 2045 1338 con-

510 1355 723 1406 trarium
764 1356 856 1409 tibi
907 1364 989 1407 est
1046 1354 1296 1422 quidquid
1326 1358 1514 1407 dicitur
1544 1367 1721 1408 centra
1763 1371 1908 1407 eam:
1944 1372 2043 1408 non

507 1426 623 1484 quia
645 1426 927 1492 intelligere
958 1442 1056 1474 non
1088 1428 1273 1490 possis,
1293 1424 1383 1475 sed
1410 1426 1526 1490 quia
1552 1440 1650 1475 non
1680 1424 1773 1475 vis.
1797 1424 2044 1476 Planissi-

509 1510 649 1544 inutn
695 1495 832 1545 enim
880 1506 930 1544 et
971 1494 1353 1557 aprriissiznuiii
1387 1501 1472 1543 est
1509 1493 1648 1543 omni
1683 1493 1875 1545 homini
1920 1494 2045 1547 illud

510 1572 857 1627 pra-ceptum:
892 1562 1037 1625 Quod
1068 1563 1150 1613 tibi
1182 1579 1279 1613 non
1322 1562 1394 1613 vis
1422 1563 1548 1626 ﬁeri.
1579 1562 1721 1614 alteri
1763 1578 1823 1614 ne
1849 1563 2041 1629 feceris,

494 1632 628 1695 vquia
652 1634 869 1697 quisque
896 1634 943 1683 in
975 1633 1147 1698 seipso
1179 1634 1274 1681 hoc
1301 1631 1571 1683 advertere
1603 1640 1791 1695 potest.
1845 1635 1906 1684 Et
1932 1634 2048 1687 ideo

510 1700 741 1766 quisquis
774 1702 870 1754 hoc
894 1718 993 1752 non
1026 1702 1283 1768 intelligit,
1329 1716 1431 1752 non
1464 1700 1798 1765 imputabitur
1820 1702 2046 1755 difficul'

517 1768 628 1828 tati,
681 1771 783 1821 imo
835 1771 1101 1821 voluntati.
1138 1772 1197 1822 Et
1246 1771 1364 1835 quia
1399 1771 1497 1821 hoc
1540 1778 1619 1823 est
1651 1771 1889 1835 injusms,
1932 1772 2049 1826 idco

2141 594 2263 645 dum
2304 606 2383 644 est
2413 612 2478 645 iii:
2528 595 2647 647 itide
2692 595 2867 663 cjiciat
2907 598 3131 662 aliquem
3165 599 3301 649 mala
3335 614 3495 657 uxor,
3532 600 3578 649 id
3609 608 3702 651 est

2145 664 2314 714 fumus
2345 665 2491 713 lltaltl’.
2520 665 2874 717 conscientiae.
2907 666 3080 729 Quare
3117 668 3245 718 satis
3275 668 3439 719 miser
3470 667 3697 731 iniustus

2143 732 2240 798 iste
2269 742 2368 792 est,
2401 733 2484 798 qui
2515 736 2596 785 ub.
2635 736 2858 785 maxime
2883 735 3099 786 deberet
3138 736 3433 797 quiescere,
3482 737 3689 788 scilicet

2142 797 2442 870 ineorde,
2495 802 2697 854 laborat
2739 804 2902 869 magis
2953 803 3229 855 tumultum
3285 804 3478 855 habere
3533 819 3693 870 quam

2142 868 2434 932 quiescere.
2470 870 2656 930 Astitit,
2701 868 2933 938 inquam,
2960 872 3094 923 omni
3133 874 3223 925 via:
3256 889 3356 924 non
3385 868 3564 925 bona}
3594 875 3695 928 hoc

2144 947 2314 1009 autem
2344 939 2465 1009 ideo
2491 940 2679 991 factum
2702 952 2779 991 est
2802 940 2920 1008 quia
2945 940 3184 992 malitiam
3204 957 3320 1009 qua:
3342 942 3392 993 iii
3423 944 3537 1009 ipso
3555 952 3690 1004 erat,

2144 1006 2193 1079 id
2223 1016 2303 1058 est
2345 1008 2575 1079 fomitem
2625 1006 2841 1079 peccati,
2879 1024 2980 1079 non
3006 1025 3130 1079 vere
3158 1006 3509 1079 inQuisivitet
3538 1012 3690 1073 adiit,

2146 1076 2248 1125 iiuo
2288 1090 2382 1146 per
2407 1076 2580 1127 omnia
2613 1078 2659 1129 ei
2690 1078 2975 1133 consensit.
3005 1077 3117 1133 Non
3148 1076 3287 1133 enim
3328 1094 3603 1146 possumus
3632 1082 3687 1133 in

2146 1144 2383 1209 pricsenti
2416 1146 2665 1197 malitiam
2716 1160 2817 1198 non
2868 1149 3080 1209 habere,
3122 1144 3398 1211 possum—us
3428 1164 3551 1200 vero
3574 1164 3689 1201 eam

2145 1212 2335 1282 odisse.
2374 1213 2518 1266 Unde
2548 1215 2827 1279 Apostolus
2855 1234 2867 1267 :
2894 1215 2981 1268 Est
3016 1231 3268 1282 peccatum
3292 1220 3343 1269 in
3368 1227 3532 1269 vestro
3561 1234 3690 1269 utor-

2145 1281 2233 1330 tali
2258 1296 2482 1348 corpore,
2513 1285 2601 1347 sed
2622 1300 2719 1337 non
2746 1297 2913 1351 regnet
2935 1289 3003 1338 ad
3030 1287 3357 1338 obediendnm
3382 1288 3549 1339 haeres
3577 1300 3692 1339 ους

2148 1352 2247 1400 uis.
2291 1352 2400 1403 Erit
2444 1361 2615 1405 autem
2666 1356 2875 1418 quando
2910 1357 3157 1407 malitiam
3208 1372 3311 1406 non
3360 1356 3687 1417 habebimus,

2148 1421 2352 1485 quando
2382 1422 2576 1474 scilicet
2606 1422 2699 1474 hoc
2725 1425 2937 1476 mortale
2966 1426 3132 1476 induet
3162 1428 3615 1485 immortalitatem,
3645 1436 3689 1477 et

2148 1489 2411 1539 novissima
2460 1507 2593 1543 mars
2635 1492 2933 1545 destruetur.
2981 1494 3115 1546 Ante
3160 1508 3280 1546 vero
3341 1494 3441 1547 ll'lc
3494 1502 3691 1559 tempus

2151 1572 2356 1630 semper
2385 1561 2435 1630 in
2483 1560 2631 1612 nobis
2668 1563 2769 1613 erit
2814 1563 3089 1614 delectatio
3136 1563 3447 1630 iniquitatis,
3476 1573 3530 1615 ct
3579 1564 3692 1616 ideo

2152 1626 2287 1698 adsit
2309 1628 2461 1679 nobis
2482 1642 2510 1679 e
2532 1640 2708 1680 contra
2735 1630 3009 1683 delectatio
3031 1626 3287 1698 aequitatis
3318 1642 3690 1697 praeceptorum

2110 1694 2113 1695 ⁷
2156 1694 2269 1755 Dei,
2296 1710 2394 1761 qua
2419 1707 2598 1748 c0utra
2631 1698 2955 1765 iniquitatem
2989 1694 3294 1765 pugnemus.
3318 1694 3372 1754 ει
3401 1694 3566 1767 ipsam
3592 1703 3696 1753 viii-

2156 1779 2332 1815 canius
2360 1782 2369 1814 :
2402 1768 2520 1832 quia
2555 1767 2691 1819 aliud
2722 1775 2803 1820 est
2831 1782 2931 1821 non
2964 1785 3215 1833 pugmre,
3238 1769 3334 1822 sed
3368 1772 3418 1821 in
3450 1782 3693 1835 perpetua

516 1852 618 1889 non
642 1853 701 1889 ex
745 1838 1069 1902 difficultate,
1096 1842 1185 1891 sed
1227 1854 1293 1891 ex
1324 1840 1590 1892 voluntate
1612 1840 1765 1908 dixit,
1797 1851 1849 1891 ut
1873 1841 2047 1894 delin—

2168 1846 2281 1908 pace
2306 1847 2423 1886 esse
2450 1837 2635 1908 :__qiind
2667 1846 2788 1889 tunc
2816 1838 2932 1903 erit,
2962 1841 3167 1905 quando
3199 1840 3593 1900 iiiiinoriahtate
3623 1840 3693 1889 in.

514 1918 655 1973 quat.
687 1907 747 1959 fit
784 1910 901 1974 quia
935 1925 1033 1960 non
1067 1923 1221 1961 ausus
1260 1918 1338 1960 est
1391 1909 1580 1973 palam,
1613 1907 1842 1974 confugit
1868 1911 1929 1961 ad
1959 1928 2051 1963 oc-

515 1977 703 2028 cultam
734 1979 907 2030 cordis
930 1980 1327 2030 conscientiam.
1361 1978 1463 2031 Scd
1494 1992 1611 2029 cum
1640 1978 1786 2029 timet
1832 1992 2053 2047 conSpe-

516 2058 657 2115 cium
678 2048 921 2110 hominis,
938 2048 1101 2115 inulto
1117 2049 1279 2113 magis
1293 2047 1501 2099 deberet
1523 2050 1706 2099 timere
1721 2058 2051 2113 conspectuin

523 2114 635 2175 Dei,
660 2117 743 2179 qui
774 2118 908 2180 quod
939 2117 1193 2181 conspicit
1225 2119 1271 2165 in
1303 2116 1625 2177 corde,sicut
1646 2117 1797 2167 homo
1824 2116 1877 2168 iii
1902 2117 2051 2173 facie.

524 2184 671 2253 Quod
702 2185 811 2248 ipse
840 2187 1128 2251 intelligere
1157 2196 1352 2253 posset,
1384 2186 1424 2237 si
1448 2186 1716 2237 attendere
1747 2185 1921 2238 vellet.
1954 2190 2057 2243 Sed
2083 2202 2088 2207 ‘

522 2251 638 2304 ideo
681 2270 779 2305 non
822 2256 1055 2315 attendit,
1105 2251 1223 2323 quia
1264 2255 1409 2306 timor
1468 2254 1668 2305 Domini
1704 2270 1800 2305 non
1835 2266 1905 2307 est
1948 2266 2061 2310 ante

524 2325 690 2373 ocnlos
719 2325 843 2392 ejus,
890 2325 936 2376 id
976 2336 1071 2385 est,
1105 2327 1221 2387 quia
1257 2341 1357 2376 ll'otl
1398 2327 1672 2392 perpendit
1717 2323 1877 2374 Deum
1918 2325 2063 2391 judi-

524 2406 636 2441 ccui
684 2392 732 2442 iii
783 2394 970 2446 rebus:
1015 2396 1151 2461 quod
1196 2396 1237 2445 si
1299 2394 1667 2459 perpenderel,
1712 2393 1887 2459 utique
1939 2409 2061 2449 eum

526 2469 748 2511 timeret.

575 2530 845 2599 .Qttoitinnt
874 2530 1041 2583 dolose
1067 2534 1163 2599 egit
1202 2533 1249 2582 iu
1292 2540 1556 2594 conspectu
1599 2530 1727 2599 ejus,
1756 2539 1807 2583 ut
1840 2531 2064 2587 invenia-

527 2606 611 2668 tur
636 2597 869 2661 iniquitas
898 2602 1001 2668 ejus
1030 2597 1108 2650 nd"
1139 2602 1325 2665 odium,
1369 2614 1468 2653 etc.
1527 2597 1713 2651 Probat.
1743 2602 1809 2651 ab
1855 2602 2063 2665 affectu,

530 2664 645 2729 quia
682 2664 1030 2733 ἰιιλυειιιείιιηι
1064 2671 1205 2723 timet
1256 2674 1433 2733 Deum,
1471 2670 1589 2735 quia
1628 2669 1748 2720 facit
1776 2673 1915 2735 quod
1960 2664 2066 2724 non

531 2735 744 2796 l'acerrl,
790 2737 833 2788 si
872 2754 988 2790 eum
1022 2740 1245 2791 timeret.
1298 2738 1478 2789 Dolosc
1506 2738 1703 2806 scilicet
1741 2739 1843 2806 agit
1872 2740 1923 2790 in
1949 2756 2068 2791 con-

529 2816 697 2869 spectu
727 2808 868 2873 ejus,
899 2807 946 2857 id
978 2817 1076 2870 est,
1112 2812 1157 2858 in
1188 2809 1343 2860 corde
1384 2822 1477 2857 suo
1508 2805 1592 2857 tibi
1632 2806 1743 2871 ipse
1780 2805 1913 2859 Deus
1942 2824 2067 2861 con-

531 2873 719 2936 spicit:
754 2886 804 2926 et
856 2878 903 2927 iu
954 2875 1048 2926 hoc
1077 2877 1255 2928 dolose
1303 2876 1424 2940 agit.
1471 2874 1671 2927 scilicet
1700 2884 1751 2927 ut
1792 2876 2067 2932 inveniatur

530 2942 764 3013 iniquitas
811 2947 917 3013 ejus
946 2944 1011 2996 ad
1054 2948 1243 3007 odium,
1275 2946 1323 2996 id
1356 2955 1455 3007 εει,
1493 2944 1610 3011 quia
1657 2958 1757 2998 non
1790 2948 1899 2999 Vult
1947 2962 2069 3002 vere

533 3011 763 3066 invenire
815 3011 1136 3080 iniquitatem
1180 3030 1323 3067 suam
1372 3016 1435 3065 ad
1490 3016 1585 3064 hoc
1631 3024 1685 3065 ut
1733 3015 1855 3069 odio
1882 3016 2072 3071 habeat

538 3081 697 3144 ipsam
733 3088 1010 3135 iuventam.
1042 3087 1171 3137 Sunt
1200 3086 1336 3136 enim
1364 3084 1509 3141 inulti
1541 3084 1625 3148 qui
1651 3084 1795 3147 qua-i
1816 3098 2071 3141 conantur

534 3148 859 3220 iniquitatem
889 3169 1034 3205 suam
1067 3154 1343 3220 inquirere,
1386 3160 1437 3201 ct
1482 3159 1651 3204 tamen
1690 3166 1805 3205 eam
1835 3154 2070 3210 invenire

534 3219 740 3291 tiiucu',
766 3237 826 3271 uc
856 3222 1055 3271 dicatur
1074 3219 1149 3274 eis
1176 3240 1185 3271 :
1214 3222 1347 3273 Ecce
1372 3221 1619 3273 hactenus
1637 3220 1930 3287 ignorantes
1954 3240 2071 3291 pcc-

540 3290 716 3345 castis,
770 3305 904 3340 nunc
955 3305 1078 3341 vero
1118 3291 1435 3355 iniquitatem
1482 3291 1814 3353 cognoscitis,
1854 3290 2075 3348 desinite

538 3369 659 3420 ergo
691 3371 939 3428 peccare;
970 3370 1019 3410 et
1050 3360 1096 3411 hi
1150 3361 1353 3421 dolose,
1384 3373 1483 3411 non
1527 3360 1730 3412 sincere
1780 3372 1956 3428 agunt,
2008 3364 2072 3415 ti-

540 3432 740 3475 mentes
763 3427 1083 3488 iniquitatem
1110 3431 1343 3481 invenire
1364 3443 1516 3495 quam
1542 3430 1784 3480 simulant
1820 3427 2075 3487 ιιιιειετοπϐο

538 3495 672 3547 Sunt
702 3494 829 3567 ili-iu
851 3498 936 3548 alii
968 3500 1051 3560 qui
1101 3500 1276 3550 dolose
1307 3505 1467 3563 agunt
1492 3507 1559 3567 rut
1591 3497 1853 3549 inveniant
1882 3500 2077 3567 iniqui-

545 3573 722 3625 talcni,
750 3566 866 3631 quia
901 3582 999 3616 non
1030 3583 1089 3616 cx
1122 3568 1277 3618 corde
1304 3576 1458 3631 agunt
1492 3566 1811 3629 iniquitatem
1844 3566 2078 3632 quaerere

540 3644 591 3684 et
630 3635 821 3684 οιιίεειι.
856 3635 918 3685 Ει
958 3636 1072 3697 quia
1106 3636 1254 3685 dolus
1280 3643 1357 3687 est
1386 3636 1435 3685 in
1471 3636 1819 3700 inquisitione,
1845 3639 2078 3692 defensio

542 3712 623 3772 est
653 3706 699 3751 iu
732 3703 1045 3755 lllVilllltllIe.
1080 3704 1129 3752 Si
1176 3705 1310 3753 cnim
1354 3707 1557 3755 sinceic
1602 3720 1712 3755 eain
1762 3719 2075 3772 quasi-cretii,

545 3771 804 3821 iuventam
838 3786 951 3823 eam
982 3787 1099 3824 vere
1129 3774 1380 3831 oili-sent,
1413 3781 1463 3823 et
1502 3788 1601 3825 non
1630 3771 1967 3829 ili-fetitlcretit
1994 3771 2076 3828 di?

542 3851 759 3890 rentes:
800 3841 929 3903 Quid
980 3856 1071 3891 nos
1120 3842 1373 3893 fecimus?
1405 3841 1583 3894 Nonne
1633 3844 1729 3895 hoc
1771 3859 1951 3896 omnes
1994 3846 2080 3897 fa-

544 3906 729 3958 ciunt?
753 3907 846 3959 Nm
871 3910 989 3975 quid
1032 3910 1165 3961 Dcns
1197 3912 1489 3975 perditurus
1529 3922 1607 3963 est
1644 3928 1823 3964 omnes
1858 3916 1970 3963 talia
2002 3919 2077 3964 fa-

542 3975 776 4049 cientes?
825 3978 1083 4046 Multaque
1126 3982 1310 4031 similia
1362 3981 1702 4033 defeiiilenies
1757 3982 2078 4049 iniquitatem

543 4044 750 4109 dicunt;
812 4052 946 4100 unde
1000 4044 1213 4117 apparet
1259 4049 1379 4118 quia
1439 4050 1658 4114 doloe,
1723 4044 2081 4107 iion'sincere

541 4126 720 4180 agunt.

628 4182 915 4256 Verturoris
943 4188 1069 4250 eius.
1104 4187 1297 4239 Probat
1320 4187 1604 4240 secundum
1635 4188 1847 4242 alteram
1883 4200 2080 4256 partem

551 4261 770 4324 tantuiu,
798 4254 995 4306 scilicet
1032 4258 1313 4307 secundum
1347 4256 1461 4307 illus
1504 4257 1591 4321 qui
1620 4259 1765 4324 quasi
1814 4254 2084 4311 inveniunt

551 4320 966 4395 iuiqiiitatciu,_et
1010 4324 1311 4378 delciidunt.
1338 4320 1746 4395 Quoiiiamvi-rc
1782 4328 1952 4377 dolose
1980 4331 2081 4395 agit

548 4390 791 4454 injustas,
827 4393 1070 4445 videlicet
1097 4410 1186 4459 per
1217 4395 1312 4446 hoc
1350 4396 1468 4461 quia
1511 4393 1654 4444 verba
1692 4396 1790 4445 oris
1829 4396 1935 4461 ejus
1964 4390 2084 4448 sunt

548 4474 651 4530 non
678 4462 843 4512 solum
868 4460 1062 4529 iniqua,
1086 4463 1174 4513 sed
1202 4464 1312 4529 ipsa
1336 4464 1591 4530 iniquitas,
1613 4464 1729 4530 quia
1757 4460 2077 4530 iiiiquitatcm

2159 1903 2396 1975 diiemiir.
2434 1904 2581 1975 Aliud
2613 1915 2693 1958 est
2744 1903 2996 1973 pugnare,
3043 1919 3094 1960 et
3128 1910 3287 1967 vinci,
3327 1910 3471 1975 quod
3505 1909 3554 1960 in
3601 1909 3696 1961 illis

2158 1972 2241 2045 qui
2276 1971 2493 2045 primum
2524 1974 2655 2045 bona
2688 1971 2846 2043 opera
2869 1985 2920 2029 et
2945 1987 3201 2045 pnecepta
3230 1971 3407 2030 divina
3439 1979 3694 2039 insistunt,

2158 2040 2343 2091 deinde
2397 2040 2804 2107 superbiuntpct
2848 2046 2912 2097 de
2945 2040 3011 2098 ἐε
3043 2040 3384 2112 prae-sumunt.
3431 2047 3581 2099 Aliud
3625 2057 3701 2099 est

2161 2123 2390 2174 pugnare
2420 2122 2468 2161 et
2500 2114 2727 2174 vincere,
2760 2116 2895 2178 quod
2947 2116 2997 2166 iii
3039 2117 3189 2168 bonis
3221 2126 3317 2175 est,
3355 2116 3443 2182 qui
3478 2116 3602 2168 nihil
3642 2118 3701 2167 de

2160 2196 2215 2253 sc
2249 2189 2586 2253 praemittunt,
2621 2182 2855 2253 dicentes
2885 2198 3002 2235 cum
3047 2187 3297 2250 Apostolo
3330 2202 3340 2235 :
3382 2184 3571 2250 Infelix
3598 2201 3698 2253 iega

2163 2246 2331 2322 nomo,
2364 2248 2490 2322 quis“
2506 2266 2581 2322 rue
2608 2252 2830 2303 liberabit
2858 2255 2917 2306 de
2937 2246 3143 2320 corpore
3173 2255 3344 2305 mortis
3368 2246 3557 2322 hujus?
3578 2246 3699 2305 ϐὡ-

2162 2315 2231 2397 tia
2256 2326 2427 2394 autem
2454 2316 2584 2382 Dei;
2608 2321 2749 2373 aliud
2783 2338 2905 2374 vero
2927 2315 3135 2394 est'non
3166 2315 3698 2397 pugnarefiniotrahi

2162 2384 2227 2459 ul)
2256 2385 2524 2459 iniquitate
2557 2406 2570 2442 :
2602 2392 2666 2441 de
2695 2406 2799 2456 quo
2833 2406 3023 2459 genere
3073 2384 3364 2459 hic-agitur
3393 2406 3518 2443 cuiu
3545 2384 3697 2443 dicit:

2165 2450 2416 2506 Malitiam
2446 2470 2610 2509 autem
2640 2450 2738 2510 non
2763 2450 2935 2515 adivit.

2237 2523 2465 2599 Domine,
2498 2527 2547 2576 in
2578 2531 2719 2579 coelo.
2744 2530 2829 2580 Sic
2848 2530 3181 2581 continuatur
3207 2547 3219 2580 :
3245 2528 3478 2599 Injustus
3506 2528 3699 2595 quidem

2168 2607 2270 2665 non
2316 2596 2432 2665 quiti
2466 2610 2564 2665 iiuii
2600 2606 2786 2659 poti-st,
2820 2600 2907 2648 scd
2940 2603 3058 2663 quia
3088 2615 3189 2651 iion
3231 2596 3340 2651 vult
3372 2602 3503 2650 bene
3536 2613 3700 2665 agere,

2167 2660 2291 2710 dixit
2322 2672 2372 2711 ut
2403 2662 2651 2729 delinquat
2677 2680 2695 2717 :
2722 2668 2855 2718 hunc
2885 2660 3057 2719 tamen
3090 2676 3193 2731 tua,
3224 2668 3458 2731 Domine,
3494 2660 3595 2717 non
3621 2670 3701 2717 ile-

2167 2738 2311 2802 serct
2358 2732 2733 2795 misericordia,
2784 2751 2882 2802 qua
2931 2737 3104 2787 salvas
3154 2738 3247 2790 bos
3292 2742 3423 2790 tales
3476 2736 3702 2786 homines

2170 2808 2227 2849 ul.
2252 2801 2503 2863 jtiiiieutii,
2535 2812 2587 2853 ut
2633 2804 2847 2857 inferius
2892 2806 3110 2857 habetur
3142 2825 3151 2858 :
3184 2809 3275 2859 sed
3310 2817 3488 2857 tamen
3524 2804 3705 2855 misert-

2168 2869 2338 2941 cordia
2361 2881 2465 2933 tua,
2496 2872 2543 2922 id
2570 2881 2670 2935 est,
2691 2874 2941 2941 condigna
2970 2884 3019 2928 te
3042 2876 3124 2928 illa
3157 2886 3356 2928 tantum
3385 2886 3464 2926 est
3497 2875 3548 2925 in
3570 2878 3703 2931 ca'o,

2170 2938 2219 2989 id
2263 2950 2363 2999 est,
2397 2940 2445 3010 in
2494 2951 2687 2993 sanctis
2720 2938 2972 3010 viris'qui
3021 2946 3208 2998 sublati
3255 2960 3283 2996 a
3317 2946 3563 3003 terrenis,
3597 2944 3705 2995 tacti

2171 3015 2293 3080 sunt
2322 3009 2534 3062 cwluin.
2578 3011 2855 3063 Sciendum
2887 3009 3025 3066 enim
3052 3014 3187 3080 quod
3223 3011 3587 3065 misericordia
3622 3011 3703 3063 Dei

2172 3076 2425 3129 duum-uin
2475 3080 2743 3145 multiplex
2777 3092 2875 3135 est.
2927 3085 3036 3133 Alia
3067 3076 3204 3134 enim
3249 3082 3364 3148 ejus
3412 3082 3548 3132 doua
3595 3093 3705 3132 sunt

2176 3153 2380 3198 terrena
2409 3158 2459 3199 et
2492 3152 2819 3213 temporalia,
2844 3162 2900 3202 et
2927 3152 2977 3202 in
3022 3152 3099 3203 his
3130 3154 3297 3203 salvat
3325 3151 3667 3216 corporaliter
3696 3169 3702 3197 :

2177 3216 2464 3287 quodsircut
2492 3226 2541 3269 et
2568 3216 2804 3284 junicnta
2838 3221 3083 3283 injustam
3106 3224 3488 3287 supradictuui,
3512 3233 3563 3273 et
3583 3220 3703 3273 alios

2176 3285 2478 3357 simpliciter
2507 3287 2763 3357 homines,
2786 3288 2833 3340 id
2862 3299 2959 3352 εει,
2994 3285 3257 3357 ιιυι-ιειιιίεε
3304 3291 3586 3357 imaginem
3623 3302 3704 3341 ve-

2178 3354 2301 3426 teris
2332 3354 2577 3417 hominis,
2614 3371 2717 3409 non
2760 3360 2875 3409 novi
2906 3373 2918 3409 :
2948 3354 3034 3424 qui
3093 3376 3185 3426 pro
3224 3354 3435 3426 magno-
3456 3362 3587 3409 lianc
3614 3358 3708 3409 sal-

2179 3423 2435 3495 vatiuiiem
2482 3426 2693 3495 habent,
2744 3436 2797 3479 ει
2843 3423 3164 3481 ιηιιιίιηείη
3212 3444 3272 3481 ca
3313 3423 3573 3495 'gaudcut.
3602 3427 3707 3477 Alia

2180 3504 2301 3562 vero
2330 3490 2441 3558 eius
2470 3493 2604 3545 dona
2632 3508 2752 3547 sunt
2780 3498 3007 3550 caelestia
3035 3509 3086 3551 et
3118 3490 3347 3557 terrena,
3378 3510 3496 3562 qua:
3524 3496 3708 3546 sanctis

2180 3560 2304 3611 viris
2334 3564 2625 3617 communia
2673 3568 2855 3629 partim
2898 3567 3004 3632 jam
3045 3579 3185 3627 sunt,
3219 3560 3429 3617 tandem
3464 3578 3585 3615 vero
3612 3570 3710 3628 pte-

2181 3633 2324 3701 narie
2347 3641 2506 3701 erunt
2534 3648 2652 3685 cum
2679 3636 2894 3701 angelis.
2930 3637 2995 3689 Et
3020 3634 3099 3686 ha:
3126 3644 3248 3687 sunt
3276 3636 3376 3686 illa:
3419 3632 3709 3683 iiiiscricor-

2179 3700 2299 3761 dia’,
2328 3699 2392 3752 de
2422 3700 2607 3768 quibus
2637 3699 2797 3755 dicit:
2834 3704 3061 3764 Domine,
3088 3714 3176 3756 tua
3201 3702 3546 3755 misericordia
3569 3708 3638 3752 est
3660 3703 3708 3751 in

2178 3769 2316 3820 «elo.
2351 3770 2414 3820 Et
2443 3785 2533 3836 per
2561 3771 2658 3822 hoc
2684 3772 2829 3836 quasi
2860 3773 3079 3839 diceret,
3110 3774 3265 3827 Nobis
3291 3770 3498 3838 cognita
3525 3782 3605 3823 est
3634 3771 3711 3821 illa

2182 3847 2267 3888 tua
2321 3838 2693 3897 iiiiseiicordia,
2736 3842 2853 3905 quia
2910 3838 3087 3895 veritas
3134 3854 3239 3906 tua,
3284 3841 3334 3893 id
3379 3848 3485 3901 est,
3532 3840 3712 3891 veritas

2184 3917 2557 3977 praeceptorum
2591 3918 2795 3963 tuorum
2826 3912 3005 3975 valuit,
3043 3913 3090 3964 id
3139 3922 3258 3974 est,
3292 3908 3540 3977 pertinuit
3568 3924 3714 3971 usque

2180 3975 2244 4025 ad
2268 3977 2517 4042 quasdam
2542 3978 2689 4031 nubes
2709 3982 3118 4044 Constituendas,
3142 3982 3191 4033 id
3214 3975 3311 4041 cst,
3336 3978 3566 4046 cognitio
3590 3995 3713 4043 prie-

2182 4060 2449 4117 ccp.urum
2473 4059 2686 4117 tuorum
2733 4049 2854 4102 fecit
2894 4055 3145 4117 quosdam
3175 4051 3239 4103 de
3280 4051 3429 4102 rudis
3474 4046 3578 4098 illis
3606 4060 3715 4097 SUI-

2181 4128 2295 4165 suui
2330 4115 2450 4167 fieri
2472 4116 2521 4167 iii
2550 4120 2733 4183 nubes,
2767 4119 2815 4171 id
2844 4115 2926 4173 est
2950 4121 3216 4185 apostolos
3242 4128 3292 4172 et
3327 4116 3714 4185 βΓιιτςΙιωιοτθεν

2186 4198 2275 4247 per
2299 4198 2430 4250 quos
2461 4185 2609 4237 nobis
2643 4188 2867 4240 innotuit
2896 4184 2997 4240 illa
3014 4185 3396 4241 misericordia.
3435 4184 3569 4235 Dicti
3600 4194 3713 4233 sunt

2182 4262 2355 4303 autem
2404 4253 2768 4318 praedicatores
2814 4258 2978 4309 sancti
3029 4262 3191 4309 nubes
3229 4263 3442 4321 propter
3483 4265 3712 4307 carnem.

2184 4322 2302 4391 quia
2343 4321 2408 4391 de
2444 4334 2603 4391 carne
2644 4321 2851 4375 illorum
2896 4325 3068 4376 divina
3112 4320 3342 4391 polentia
3387 4324 3555 4374 latens
3583 4320 3629 4371 in
3654 4332 3711 4371 ea

2186 4388 2408 4440 intonuit
2435 4390 2587 4442 nobis
2610 4392 2787 4458 minis,
2820 4388 3121 4448 coruscavit
3162 4391 3452 4455 miraculis,
3485 4399 3540 4442 et
3571 4402 3710 4444 come

2187 4459 2314 4524 pluit
2340 4472 2435 4510 nos
2466 4458 2655 4512 verbis.

546 4528 751 4599 scilicet
776 4508 1033 4599 inventam
1049 4508 1311 4583 ἰὶεΐειιδίι.
1344 4508 1548 4585 ΕιἺιιΙευ
1572 4508 1646 4586 ie'i
1663 4533 1722 4584 ba
1754 4508 1874 4587 suu't
1897 4536 2066 4599 iniqua

2248 4508 2457 4599 nimia
2491 4508 2580 4599 tuo
2594 4508 2726 4582 sicut
2754 4541 2961 4584 montes.
3006 4531 3245 4585 Ostendit
3272 4529 3413 4599 (ιιιοά
3458 4543 3579 4583 Vere
3607 4530 3711 4595 qu"

552 4598 600 4668 i_u
633 4598 1106 4668 dt'lt’llSlDﬂe,_QIIla
1148 4602 1292 4652 dolus
1334 4602 1596 4668 pra-cessit
1636 4604 1684 4653 in
1726 4598 2075 4668 inquisitione.

550 4665 619 4737 Et
649 4681 769 4737 vere
790 4667 934 4717 dolus
964 4665 1029 4717 ibi
1062 4668 1172 4727 fuit,
1201 4665 1511 4730 quia'nuluit
1534 4685 1689 4735 agere
1719 4665 1855 4737 quod
1889 4678 2076 4737 potuit,

550 4735 875 4807 iniquitatem
916 4736 1114 4788 scilicet
1143 4752 1263 4789 vere
1294 4738 1553 4807 inquircre
1593 4748 1646 4790 et
1679 4735 1988 4807 intelligere,
2018 4735 2081 4792 ad

550 4802 649 4855 hoc
676 4816 729 4854 ut
768 4822 878 4857 eam
913 4816 1265 4873 postponeret,
1296 4816 1348 4860 et
1377 4806 1451 4857 sic
1492 4805 1627 4858 bene
1656 4802 1869 4873 ageret:
1895 4810 1957 4859 Et
1978 4802 2081 4861 hoc

553 4872 733 4941 prohat
759 4891 783 4922 :i
817 4876 1143 4941 repugnanti.
1178 4877 1330 4941 Quasi
1370 4876 1542 4927 d:Cat:
1577 4872 1708 4928 Vere
1736 4877 1891 4928 noluit
1941 4878 2081 4927 iuiel-

551 4938 706 5014 digere
735 4952 784 4992 ut
808 4938 931 5017 bene
952 4938 1140 5017 ingeret,
1164 4938 1279 5017 quia
1312 4948 1480 5014 potius
1510 4955 1560 5017 et
1589 4945 1913 5017 iniquitatem
1937 4946 2081 5017 cogi-

558 5011 701 5069 taiit,
725 5023 773 5060 et
807 5011 1125 5076 iniquitatem
1160 5011 1390 5079 perfecit,
1420 5014 1555 5079 quod
1589 5013 1666 5065 sic
1694 5014 1838 5076 dicit,
1864 5014 2081 5066 Medita—

552 5086 629 5126 tus
679 5084 748 5127 est
793 5094 1185 5151 peisevcranter
1232 5084 1452 5148 injustus
1502 5084 1829 5151 iniquitatem,
1878 5084 1927 5135 id
1979 5093 2079 5145 est,

552 5160 769 5209 peccare
798 5162 849 5197 in
876 5149 1027 5199 cubili
1051 5168 1159 5213 suo,
1188 5153 1233 5203 id
1262 5162 1341 5203 est
1365 5154 1412 5203 in
1436 5149 1594 5204 corde
1620 5168 1732 5213 suo,
1758 5162 1810 5205 et
1838 5156 1993 5206 etiam
2016 5152 2081 5202 ad

550 5217 788 5267 citet-tuin
820 5219 1063 5287 perduxit
1107 5235 1219 5285 quae
1272 5222 1405 5271 male
1450 5222 1726 5285 cogitavit:
1768 5221 1899 5287 quia'
1927 5222 2083 5273 astitit

546 5286 683 5335 omni
728 5288 818 5357 uite
845 5286 1140 5357 nonrbonm,
1183 5302 1525 5351 perseverans
1554 5290 1647 5340 fuit
1675 5290 1725 5341 in
1755 5286 1894 5343 omni
1924 5305 2083 5357 opere

551 5356 707 5407 malo.
742 5355 849 5408 Via:
886 5356 1023 5407 enim
1054 5357 1587 5427 iiiatormii_diCiintur
1614 5372 1769 5424 prava
1796 5355 2080 5427 opera—ecf

549 5438 685 5485 rum,
720 5439 810 5477 cor
839 5440 963 5477 vero
1009 5434 1241 5475 nostrum
1298 5425 1485 5475 dicitur
1530 5428 1696 5479 cubile
1739 5425 1971 5481 nostrum
2016 5425 2082 5478 ad

553 5494 966 5555 similitudinem,
997 5492 1203 5545 scilicet
1236 5492 1352 5557 quia
1386 5493 1435 5543 in
1466 5508 1529 5545 eo
1555 5496 1835 5559 quiescitur
1863 5514 1890 5549 a
1916 5498 2079 5556 sanis,

554 5561 601 5609 id
628 5574 721 5631 est
770 5562 953 5625 bouis;
985 5568 1074 5612 aut
1118 5562 1378 5614 laboratur
1406 5565 1471 5615 ab
1501 5566 1672 5631 azgris.
1707 5568 1756 5619 id
1804 5576 1884 5621 cst
1912 5566 2078 5619 nialis.

551 5629 732 5680 Solent
777 5646 914 5681 cium
954 5630 1074 5681 boui
1118 5644 1147 5681 a
1192 5632 1409 5697 strepitu
1438 5629 1685 5687 exteriori
1730 5637 1781 5689 in
1824 5646 2081 5691 secretum

550 5698 725 5773 cordis
765 5710 837 5773 se.
860 5702 1111 5773 recipere,
1135 5708 1195 5773 ,ει
1236 5702 1302 5753 ibi
1335 5707 1603 5769 quiescere
1629 5712 1680 5756 et
1710 5706 1935 5773 gaudere
1968 5722 1978 5755 :
2012 5705 2082 5755 ita

548 5771 725 5817 tamen
752 5764 795 5817 si
827 5764 1013 5818 bonam
1044 5768 1145 5823 illic
1173 5764 1480 5829 invenerunt
1510 5764 1746 5837 uxoreui',
1774 5773 1971 5829 scilicet
1992 5772 2081 5826 dc-

2180 4596 2296 4649 ὼιιι
2325 4597 2389 4649 de
2419 4590 2565 4650 cmlis
2602 4615 2809 4653 sursum
2853 4600 2974 4654 elati
3022 4612 3143 4653 sunt
3190 4590 3307 4653 tacti
3344 4601 3532 4652 nubes.
3561 4590 3711 4663 Quasi

2179 4669 2374 4737 diceret
2398 4681 2409 4716 :
2446 4665 2580 4719 Vcrc
2602 4680 2722 4721 sunt
2750 4673 2935 4731 nubes,
2965 4670 3087 4737 quia
3115 4681 3237 4722 sunt
3263 4672 3389 4720 sicut
3420 4676 3627 4727 montes,
3664 4670 3708 4717 id

2180 4738 2280 4792 est,
2330 4735 2528 4785 similes
2585 4741 2845 4790 montibus
2898 4735 3129 4803 piurihus
3179 4740 3369 4799 modis,
3423 4738 3621 4792 subeat
3666 4745 3716 4788 et

2184 4817 2393 4873 propter
2431 4807 2778 4857 coiistaiitiaui
2834 4808 2970 4869 fidei,
3022 4820 3073 4859 et
3123 4818 3334 4873 propter
3379 4806 3713 4857 eminentiam

2185 4871 2457 4921 Vittutum.
2494 4873 2554 4923 Et
2583 4876 2697 4943 quia
2728 4876 2861 4929 sicut
2903 4880 2979 4928 sol
3021 4871 3265 4928 exoriens
3296 4876 3440 4943 prius
3498 4875 3718 4925 illustrat

2182 4950 2406 5011 montes,
2439 4950 2491 5011 et
2536 4941 2654 4995 inde
2701 4947 2997 5011 resplendet
3029 4946 3078 4995 iii
3110 4941 3396 5003 valles.'ita
3443 4958 3600 4996 verus
3642 4945 3717 4993 sol

2179 5008 2413 5079 jtistili.t:,
2464 5008 2514 5061 id
2546 5020 2646 5074 est,
2678 5008 2913 5065 Christus
2939 5027 3173 5073 exortus,
3222 5017 3443 5079 primum
3473 5016 3631 5064 corda
3664 5011 3719 5060 il-

2184 5078 2367 5150 lorum
2390 5081 2665 5143 montium,
2707 5092 2761 5131 ut
2805 5081 3095 5150 intelligant
3143 5078 3460 5148 Scripturas,
3494 5091 3717 5146 aperuit.

2181 5156 2233 5197 et
2283 5146 2403 5200 inde
2451 5149 2598 5200 uobis
2654 5146 3012 5217 respleuduit',
3045 5150 3161 5216 quia
3212 5146 3302 5217 per
3349 5155 3463 5202 illos
3514 5150 3718 5199 occulta

2181 5217 2565 5286 scripturarum
2594 5222 2837 5285 mysteria
2878 5220 3026 5271 nobis
3047 5225 3267 5286 aperuit.
3297 5221 3451 5281 Sunt,
3482 5220 3717 5281 inquit".

2181 5284 2308 5357 sicut
2335 5294 2544 5357 montes,
2570 5284 2772 5357 montes
2795 5289 2911 5340 dico
2940 5288 3050 5351 Dei,
3076 5284 3104 5340 ἐι
3133 5292 3321 5357 quibus
3349 5288 3551 5357 scilicet
3578 5286 3724 5337 auxi-

2184 5353 2305 5403 lium
2350 5355 2507 5416 venit,
2533 5358 2677 5418 juxta
2708 5356 2837 5409 illud
2864 5374 2877 5407 :
2909 5357 3082 5411 Levavi
3118 5353 3289 5411 oculos
3320 5372 3454 5408 meo:
3494 5355 3549 5407 in
3581 5372 3722 5406 moti-

2184 5431 2275 5483 tes,
2304 5424 2438 5473 unde
2464 5426 2621 5475 veniat
2647 5428 2889 5478 auxilium
2926 5429 3066 5479 milii.
3094 5430 3227 5480 Sunt
3253 5440 3429 5479 autem
3463 5428 3549 5476 atii
3580 5442 3725 5477 monv

2186 5502 2262 5563 tes
2290 5492 2375 5557 qui
2408 5507 2507 5563 non
2538 5506 2657 5546 sunt
2681 5494 2795 5560 Dei,
2825 5508 2877 5547 ut
2902 5497 3151 5563 Donatus,
3182 5496 3433 5557 Marcion,
3466 5507 3520 5547 et
3544 5508 3719 5546 exteri

2187 5561 2439 5623 lneretici,
2492 5576 2806 5629 usurpantes
2852 5566 2951 5618 sibi
2996 5561 3275 5630 magisterii
3326 5566 3627 5631 primatum.
3660 5564 3720 5613 lli

2185 5643 2324 5702 vero
2340 5641 2541 5685 montes
2567 5649 2666 5687 non
2695 5644 2817 5687 sunt
2846 5633 3018 5702 auxilii
3049 5632 3143 5685 sed
3176 5632 3453 5702 naufragii,
3483 5635 3603 5696 quia
3632 5633 3719 5693 qui

2184 5698 2247 5747 ad
2274 5696 2390 5750 illos
2418 5703 2723 5767 respiciunt,
2758 5719 2860 5757 non
2888 5700 3249 5762 sublevantur,
3280 5696 3386 5754 imo
3411 5696 3716 5763 naufraqu-

2187 5773 2285 5820 tur.
2326 5767 2475 5837 Sunt,
2508 5773 2739 5841 inquam,
2770 5773 2899 5827 sicut
2929 5778 3136 5836 montes,
3166 5782 3227 5827 ει·
3246 5776 3346 5826 hoc
3385 5785 3488 5825 non
3517 5783 3581 5822 ex
3610 5783 3719 5820 Ill:-
