3912 6230
273 363 375 419 (515

933 363 996 418 ΙΝ
1038 361 1446 418 PSALMOIKUM
1487 361 1733 417 L‘BBUM
1777 361 1830 415 EI

1930 361 2130 417 SESIS.
2173 388 2239 403 ι-
2280 363 2519 417 PSALM.
2565 362 2778 417 XXXVI

3361 363 3464 416 67ιὶ

266 478 482 532 tandem
525 489 639 531 eam
669 475 1005 547 clarilicatam
1037 474 1289 547 recipias,
1315 485 1369 547 et
1395 473 1471 527 sic
1517 474 1733 547 pasceris
1758 474 1810 547 in
1845 497 1879 547 Α
1913 471 2046 526 bene
2073 487 2189 547 eam
2222 473 2482 526 exeolant.
2531 475 2603 547 Es
2632 475 2873 547 opposito
2922 485 3097 547 autem
3129 476 3204 529 illi
3236 477 3321 545 qui
3353 491 3460 547 non

273 547 460 616 divitiis
489 549 597 616 ejus
626 555 797 616 terra}.
831 544 1050 616 DiVllim_
1073 553 1245 616 autem
1280 543 1430 616 litijus
1455 553 1627 616 terrai,
1657 543 1706 616 si
1744 542 1808 594 ad

274 611 564 690 Ecclesium
590 613 856 679 respicias,
878 625 998 665 sunt
1021 611 1271 664 Dominus
1294 613 1484 690 eiusei
1508 613 1640 690 lleus
1663 614 1810 690 eius;

272 685 318 736 si
351 700 474 736 vero
503 685 567 736 ad
594 698 804 736 carnem
833 691 1086 745 nostrain,
1111 691 1263 734 erunt
1287 681 1480 734 divitiie
1511 681 1818 733 immortali-

274 763 359 805 tas
388 762 440 803 et
469 753 879 817 iinpassibilitas.

353 815 614 874 Delectari:
651 821 702 871 in
736 819 969 872 Domino.
1004 817 1058 872 Si
1104 833 1196 885 per
1227 827 1413 871 terram
1445 816 1690 883 accepisti
1723 815 1822 870 Ec-

276 890 522 957 clesiain,
553 903 674 943 tunc
705 889 838 942 istud
881 888 1138 954 expositio
1166 895 1268 951 est,
1312 901 1428 957 qum
1456 897 1576 939 sunt
1604 886 1715 953 ejus
1744 887 1825 957 di-

275 960 444 1022 vitia',
475 955 674 1013 seilicet
717 958 984 1019 Dominus,
1015 965 1070 1009 et
1098 957 1216 1010 ideo
1243 955 1490 1008 delectare
1541 963 1739 1006 tantum
1770 955 1822 1006 in

277 1028 503 1081 Domino
531 1044 548 1081 :
571 1026 614 1081 si
639 1043 759 1080 vero
785 1042 875 1092 per
901 1037 1090 1078 terrain
1114 1027 1381 1092 acceperis
1403 1039 1614 1078 carnem
1641 1025 1826 1076 Ιιιιιιιιιὁ

277 1114 425 1162 nam,
458 1099 524 1150 ita
557 1097 958 1156 continuabitur,
1002 1094 1183 1161 Spera.
1239 1097 1471 1158 inquam,
1501 1093 1553 1145 in
1584 1092 1823 1162 Domino,

275 1177 334 1221 ct
373 1168 631 1231 Sperando
658 1167 905 1218 delectare
929 1164 981 1215 in
1033 1165 1272 1227 Domino,
1319 1163 1368 1214 id
1416 1171 1515 1224 est,
1549 1164 1597 1231 iii
1647 1161 1825 1214 laetitia

277 1230 533 1304 quidquid
556 1237 668 1304 agis
689 1250 782 1302 pro
799 1232 1025 1304 Domino
1041 1235 1335 1304 laeias,_non
1360 1232 1425 1304 iii
1437 1230 1676 1304 tristitia;
1705 1233 1824 1304 quia

277 1300 494 1359 liilarent
536 1300 762 1356 dator—ein
791 1301 958 1371 diligit
991 1301 1142 1355 Deus.
1194 1301 1260 1353 Et
1294 1303 1371 1353 sic
1399 1300 1659 1371 Dominus
1688 1300 1826 1371 daliit

278 1374 377 1428 tibi
401 1375 686 1439 petitiones,
717 1381 771 1426 et
798 1373 841 1422 si
889 1368 991 1423 iion
1020 1373 1214 1433 carnis,
1243 1379 1414 1423 tanien
1445 1369 1613 1421 cordis
1641 1369 1735 1439 tui,
1775 1368 1826 1421 id

277 1454 370 1497 est
400 1437 636 1511 implebit
657 1453 840 1511 omnes
869 1441 1149 1508 petitiones
1182 1440 1481 1511 Spirituales
1512 1446 1646 1511 tuas.
1683 1437 1747 1490 Et
1771 1445 1828 1490 ut

280 1515 386 1565 hoc
409 1507 515 1574 tiai,
543 1512 705 1564 revela
735 1507 946 1562 Domino
970 1511 1102 1560 viain
1134 1517 1292 1567 tuoin,
1327 1507 1375 1559 id
1399 1517 1499 1570 est,
1538 1507 1722 1560 insiste
1751 1517 1828 1558 ta-

278 1583 354 1634 lia
383 1596 539 1648 opera
566 1594 684 1645 quas
712 1589 833 1630 sunt
859 1578 1016 1652 digna
1037 1578 1275 1652 .revelari
1309 1576 1549 1652 Domino.
1596 1576 1827 1652 \‘eliiiius

277 1646 431 1703 enini
458 1652 703 1715 nolimus,
734 1646 897 1715 opera
923 1659 1097 1701 nostra
1131 1647 1262 1699 bona
1296 1660 1388 1699 seu
1418 1646 1553 1697 mala
1597 1649 1826 1715 revelata

280 1727 412 1771 sunt
445 1713 966 1784 Doniino,’quantuiii
999 1717 1061 1768 ad
1091 1717 1440 1784 cognitionem
1468 1730 1482 1780 ;
1522 1714 1615 1767 sed
1651 1722 1824 1766 tamen

276 1789 396 1841 sola
426 1789 560 1839 bona
587 1783 745 1853 opera
769 1789 1065 1838 revelantur
1089 1783 1171 1848 ei,
1193 1796 1442 1852 quantum
1467 1785 1530 1853 ad
1559 1783 1823 1850 dignatio-

281 1872 429 1910 nem.
462 1855 563 1910 Sed
617 1851 822 1924 proditis
849 1855 1046 1907 dictum
1090 1864 1169 1924 est
1195 1851 1423 1924 :illevelu
1456 1851 1669 1924 Domino
1694 1854 1825 1903 viam

281 1936 450 1986 tuam,
483 1925 531 1978 id
557 1921 659 1990 esi,
687 1923 842 1975 vitam
873 1933 1043 1984 tuatn,
1078 1923 1282 1975 scilicet
1306 1921 1428 1988 quid
1460 1922 1696 1987 patiaris,
1731 1935 1826 1974 cur

279 2000 474 2063 gemis,
525 2007 576 2047 et
620 1993 742 2062 quid
788 2003 956 2063 optes.
1007 1992 1057 2063 ld
1095 1993 1231 2045 enim
1279 1992 1492 2063 pateris,
1530 1991 1648 2063 quia
1682 1991 1826 2063 vides

280 2060 425 2131 ἶιιιυι]
472 2069 596 2131 caro
642 2060 963 2127 concupiScit
990 2061 1238 2131 adversus
1280 2060 1543 2131 Δερὶινὶιιιιιι.
1577 2060 1628 2112 Id
1665 2061 1823 2112 etiam

277 2127 456 2212 optas.
489 2130 680 2214 lnfelia:
704 2146 792 2214 ego
822 2130 1132 2214 lioriio,_qais
1159 2146 1242 2214 pie
1271 2127 1496 2214 liberabit
1532 2131 1594 2182 de
1621 2143 1827 2214 carpare

281 2197 461 2255 niorti's
488 2202 680 2265 liuius?
706 2197 882 2253 Gratia
914 2199 1006 2252 Dei
1031 2215 1119 2268 per
1143 2197 1318 2251 Jesum
1345 2199 1618 2252 Christum.
1642 2198 1708 2250 Et
1732 2204 1830 2251 lioc

278 2275 450 2322 revela
494 2272 711 2323 Domino
763 2274 934 2322 cordis
971 2271 1254 2334 affectione,
1296 2278 1349 2320 et
1395 2269 1614 2321 llrmiter
1639 2281 1827 2335 spera:

278 2342 408 2404 quia
443 2356 533 2405 per
576 2356 694 2393 eum
725 2338 1051 2400 liberaberis,
1082 2348 1127 2389 et
1158 2339 1264 2402 ipse
1312 2351 1414 2389 non
1445 2351 1537 2402 per
1564 2338 1721 2389 alium
1751 2342 1830 2404 [a-

282 2412 384 2461 eiet
417 2410 529 2471 tibi,
557 2425 670 2476 qua:
693 2410 1081 2473 subsequuntur
1101 2408 1303 2459 scilicet
1326 2407 1634 2474 etjustiti'am
1665 2415 1824 2470 lnam,

283 2481 340 2532 id
375 2489 475 2544 est,
509 2482 660 2530 tidem
694 2487 832 2528 tuam
853 2487 1152 2541 sperantem
1180 2489 1240 2528 ea
1275 2476 1390 2540 qua:
1433 2487 1537 2527 non
1564 2476 1827 2537 videntur,

284 2564 407 2616 qua:
448 2548 605 2599 modo
635 2550 814 2597 latent.
866 2545 1019 2598 Juxta
1069 2546 1231 2616 illud:
1265 2544 1582 2616 Cltarissinti,
1615 2545 1708 2610 lilii
1738 2545 1832 2597 Dei

280 2613 480 2681 sumus,
505 2618 589 2667 sed
620 2616 842 2668 nonduin
864 2626 1067 2683 apparet
1090 2615 1141 2666 id
1165 2615 1296 2680 quod
1324 2615 1526 2665 erimus.
1556 2613 1720 2678 lllain,
1754 2616 1830 2666 iii-

281 2702 466 2753 quani,
524 2686 676 2738 lidein
724 2687 894 2737 educet
936 2699 1026 2751 per
1080 2685 1555 2738 remunerationem
1585 2699 1726 2751 quasi
1779 2684 1828 2737 in

279 2752 479 2820 lumen,
523 2757 571 2808 id
622 2764 722 2818 est,
765 2757 813 2806 in
855 2752 1181 2806 manifest.-.m
1214 2763 1589 2821 cognitionem,
1631 2756 1832 2807 scilicet

283 2827 498 2890 quando
524 2840 583 2878 ea
613 2826 839 2892 atcipies
882 2837 995 2890 qua:
1027 2838 1130 2875 non
1155 2824 1263 2875 visa
1293 2822 1556 2875 credidisti
1584 2837 1598 2874 :
1624 2825 1831 2891 etjudi-

280 2896 422 2949 ciant
451 2905 607 2958 tuum,
643 2895 694 2946 id
725 2903 824 2954 est,
859 2893 1223 2944 discretionem
1269 2900 1433 2955 tuam,
1464 2893 1668 2944 scilicet
1700 2897 1832 2946 lianc

283 2965 409 3029 quia
443 2964 666 3016 maluisti
693 2961 840 3028 sequi
872 2975 1150 3028 pauperem
1193 2958 1485 3024 Christum,
1515 2975 1668 3028 quam
1699 2964 1833 3014 divi-

287 3045 398 3084 teni
442 3032 715 3094 mundum,
747 3034 920 3098 educet
961 3044 1055 3081 nos
1084 3046 1185 3082 non
1225 3030 1532 3096 simpliciter
1558 3031 1609 3081 in
1637 3033 1829 3098 lumen,

280 3103 381 3155 sed
415 3113 654 3169 tanquam
683 3103 731 3152 in
759 3101 1095 3152 meridianam
1137 3103 1339 3163 lucem;
1383 3099 1431 3150 id
1466 3107 1547 3169 est
1577 3100 1626 3151 in
1658 3101 1828 3152 niani-

285 3167 626 3225 i‘estissimatn
665 3171 1037 3238 cognitionem,
1075 3183 1164 3234 per
1210 3167 1685 3222 remunerationem
1721 3170 1836 3235 qui-

283 3247 433 3295 dem.
487 3241 652 3308 Majus
681 3257 821 3293 enim
875 3240 1115 3291 meritum
1157 3248 1236 3291 est
1281 3239 1330 3290 in
1380 3238 1478 3290 hoc
1526 3242 1611 3290 tali
1638 3239 1835 3306 judicio

282 3327 443 3379 quiuit
501 3312 552 3363 in
594 3309 695 3363 fide
728 3323 818 3376 per
863 3323 920 3361 se
946 3309 1106 3379 :quia
1144 3309 1356 3379 quidam
1404 3308 1584 3379 fideles
1624 3317 1747 3360 sunt
1785 3321 1837 3360 et

284 3377 654 3442 Salvabuntur,
684 3379 771 3446 qui
815 3394 917 3430 non
965 3378 1160 3429 habent
1203 3377 1303 3430 hoc
1329 3377 1602 3444 judicium,
1636 3379 1837 3430 scilicet

287 3463 344 3500 ut
373 3450 667 3516 relinquant
698 3451 971 3512 mundum,
1000 3457 1051 3500 et
1072 3459 1354 3512 sequantur
1382 3446 1665 3516 Cliristtiui.
1694 3447 1838 3498 Edu-

284 3529 360 3570 cet
387 3513 594 3586 quidem
629 3523 861 3576 tandem,
897 3518 1105 3569 interim
1126 3527 1298 3567 autem
1321 3517 1444 3586 quid
1478 3516 1596 3567 lict?
1618 3513 1838 3582 OpOrtet

283 3583 440 3654 quasi
470 3590 626 3650 dicat,
659 3586 890 3637 trinulari
920 3597 974 3638 et
1014 3586 1340 3645 contristari.
1363 3583 1439 3654 'l‘_u
1469 3594 1642 3637 autem
1667 3601 1836 3652 quan-

289 3651 611 3724 tumcunque
653 3653 938 3717 tribuleris,
982 3655 1210 3706 subditus
1255 3651 1625 3724 estoDomino,
1659 3651 1709 3706 id
1757 3664 1838 3708 est

251 3791 257 3796 .
287 3736 456 3796 totum
489 3722 606 3778 esse
636 3734 780 3796 tuum
811 3738 863 3778 ει
900 3735 1006 3796 vna
1039 3731 1124 3776 tua
1163 3725 1232 3776 sit
1256 3722 1531 3790 subjacere
1562 3728 1837 3796 praeceptis

286 3795 524 3859 Domini,
554 3804 598 3846 et
627 3795 949 3860 subjucendo
980 3809 1069 3846 ora
1105 3807 1218 3844 eum
1251 3809 1316 3846 ne
1339 3795 1553 3861 delicias
1584 3807 1636 3845 in
1665 3795 1836 3859 vinea,

287 3873 349 3918 ut
377 3866 609 3932 gaudeas
632 3865 941 3932 accipiendo
971 3877 1241 3914 numinum
1273 3863 1323 3914 in
1362 3875 1598 3930 vespera.

420 3936 489 3986 oli
520 3936 770 3986 maritari.
794 3934 949 3996 Quasi
985 3933 1130 3983 dicat
1156 3947 1168 3982 :
1197 3935 1325 3997 Quia
1359 3943 1496 3981 tanta
1518 3931 1721 3982 dabitur
1747 3931 1835 3983 tibi

288 4003 342 4058 in
361 4008 535 4055 futuro
557 4018 675 4070 spes
694 4013 802 4066 tua,
823 4016 948 4068 ergo
972 4002 1074 4051 noli
1104 4003 1186 4051 liic
1209 3999 1460 4070 a’iiiulari,
1481 4002 1530 4050 id
1562 4013 1661 4070 est,
1683 4002 1836 4070 irasci

288 4084 344 4125 et
366 4067 624 4139 indigitari
651 4073 702 4122 in
729 4087 808 4132 eo,
842 4067 899 4121 id
916 4082 1016 4131 εει,
1054 4073 1103 4120 in
1129 4069 1551 4121 consideratione
1581 4067 1694 4137 i-jns
1717 4069 1837 4121 ntali

288 4143 378 4211 qui
410 4149 734 4208 piosperatur
775 4143 826 4211 in
870 4155 960 4211 out
999 4154 1111 4206 sua,
1145 4140 1194 4211 id
1244 4148 1345 4202 est,
1377 4140 1424 4189 in
1458 4139 1554 4211 bac
1597 4142 1838 4211 pitesenti

293 4208 424 4274 vita,
464 4213 582 4279 quia
633 4222 684 4261 tu
731 4208 993 4261 tt'ibularis
1034 4223 1083 4260 in
1134 4210 1344 4269 itinere,
1386 4208 1477 4260 sed
1509 4208 1755 4275 gaudebis
1787 4212 1837 4260 in

290 4283 656 4350 perventione.
689 4279 768 4331 llli
801 4293 927 4332 vero
959 4294 1007 4331 in
1042 4281 1120 4330 via
1140 4287 1231 4350 est
1267 4280 1690 4350 prosperitas,_jiii
1724 4293 1840 4345 per-

290 4347 539 4404 ventione
566 4360 742 4402 autem
783 4353 956 4402 omnis
997 4351 1100 4400 erit
1137 4349 1552 4399 incommoditas.
1587 4347 1730 4409 tV'oli',
1763 4362 1840 4397 in-

288 4435 473 4487 quain,
504 4419 732 4472 a'mulari
757 4419 807 4470 in
829 4435 906 4480 eo,
930 4420 1130 4471 seilicet
1159 4418 1210 4468 in
1248 4418 1447 4468 nomine
1468 4419 1678 4483 faciente
1704 4418 1838 4483 inju-

1920 549 2044 595 sunt
2072 543 2481 612 murmurantes.
2515 545 2605 595 scil
2637 545 2952 607 sustinentes,
3004 545 3054 597 id
3099 555 3179 597 est
3210 543 3468 612 pitientcr

1922 623 2285 678 exspecmntcs
2319 611 2607 674 Dominum,
2641 628 2742 664 non
2831 622 3012 678 utpote
3061 611 3288 681 :tliquzlm
3320 614 3468 666 falla-

1921 694 2060 742 cem,
2102 682 2194 732 sed
2227 683 2387 746 ipsam
2425 683 2726 733 veritatem:
2761 697 2862 733 non
2895 691 2949 732 nt
2979 683 3150 734 minus
3180 684 3465 743 valentem,

1922 751 2014 816 sed
2063 760 2118 801 ut
2161 752 2573 814 omnipotentem
2619 751 2715 816 ipsi
2754 750 3113 803 lttei'editnbunt
3156 763 3339 803 terram
3382 755 3466 806 vel

1921 815 2232 877 Jerusalem,
2280 834 2395 884 qua:
2450 829 2531 870 cst
2578 815 2714 871 terra
2763 819 3070 884 viventium,
3122 822 3200 872 vel
3248 836 3462 874 (L'II'IICIII

1923 901 2071 956 suam
2102 887 2439 938 clarilit-atam
2489 888 2880 939 itiiinorialitate
2922 900 2976 940 et
3015 887 3457 956 iuipzissiliiiitate.

1926 953 1992 1005 Et
2041 956 2161 1006 ideo
2190 956 2353 1006 adhuc
2397 957 2731 1008 sustinendus
2777 967 2857 1008 est
2890 953 3160 1020 Dominus,
3201 961 3294 1010 sed
3338 960 3466 1011 nulli

1927 1023 2165 1094 videatur
2188 1025 2422 1091 longum,
2444 1028 2575 1094 quia
2626 1025 2861 1090 pusillam
2890 1029 3009 1078 erit.
3061 1027 3288 1094 Teiuan
3324 1032 3463 1080 enini

1928 1092 2084 1144 breve
2115 1101 2217 1154 est,
2259 1094 2380 1158 quia
2410 1093 2455 1144 si
2489 1109 2854 1158 petent-tamus
2884 1096 3056 1146 omnia
3087 1092 3352 1158 chronica,
3390 1097 3472 1149 iu-

1928 1162 2199 1213 venit-mus
2242 1162 2378 1228 quod
2424 1163 2572 1228 quasi
2607 1162 2850 1214 hesterna
2872 1163 2980 1216 "die
3021 1164 3183 1216 Adam
3215 1164 3280 1216 de
3312 1179 3468 1230 para-

1928 1230 2042 1282 diso
2071 1230 2270 1297 ejectus
2300 1240 2402 1282 est.
2436 1232 2497 1282 Et
2519 1233 2562 1282 si
2593 1232 2729 1297 quod
2758 1232 3022 1296 prtecessit
3047 1244 3149 1283 tim
3181 1233 3339 1286 breve
3365 1247 3472 1299 est,

1926 1300 2141 1366 etquod
2195 1302 2429 1364 sequitur
2471 1301 2627 1364 longe
2681 1301 2888 1353 brevius
2930 1313 3030 1352 est.
3065 1300 3338 1364 Pusillum,
3393 1305 3476 1357 in-

1927 1381 2083 1434 quam
2112 1371 2233 1444 erit,
2272 1381 2314 1419 et
2337 1380 2474 1444 _poSt
2509 1369 2634 1444 illud
2678 1371 2920 1444 pusillum
2953 1372 3174 1444 nouerit
3201 1382 3474 1444 peccator;

1929 1451 2030 1509 non
2060 1439 2197 1509 quod
2231 1438 2437 1506 penitus
2464 1453 2566 1489 non
2591 1438 2676 1499 sit,
2704 1439 2794 1490 sed
2827 1440 2949 1505 quia
2981 1442 3154 1491 nullus
3181 1439 3299 1509 ejus
3339 1457 3466 1495 usus

1927 1508 2048 1558 erit.
2081 1506 2226 1560 Nunc
2254 1508 2394 1559 enim
2430 1509 2550 1558 vivit
2579 1509 2766 1572 impius
2800 1509 2905 1574 pio,
2936 1509 3028 1560 sed
3061 1506 3338 1561 sicut'non
3370 1512 3474 1561 lia-

1927 1575 2018 1629 bet
2038 1575 2157 1630 lima
2189 1576 2360 1629 locum
2393 1577 2598 1643 planato
2621 1577 2780 1637 ferro,
2812 1587 2880 1630 ita
2913 1585 3030 1644 post
3053 1583 3467 1631 consummatio-

1927 1658 2046 1697 nem
2083 1647 2343 1712 justorum
2385 1660 2489 1697 non
2528 1650 2629 1697 erit
2674 1645 2818 1703 locus
2847 1646 3039 1712 impiis.
3075 1648 3286 1700 Intcritn
3331 1650 3472 1702 enim

1929 1714 1996 1767 de
2021 1728 2087 1766 eo
2118 1713 2373 1782 flagellum
2416 1713 2538 1784 facit
2574 1714 2826 1767 Dominus
2854 1716 2992 1769 unde
3017 1717 3230 1769 deficiat
3261 1719 3468 1784 impius,

1927 1793 1981 1854 et
2021 1781 2422 1854 proficiatpius.
2477 1781 2581 1854 Cur
2626 1797 2752 1854 ergo
2795 1784 3064 1854 applaudit
3106 1786 3203 1836 sibi
3254 1781 3472 1854 impius.

1929 1851 2113 1906 Nonne
2154 1854 2219 1906 de
2247 1852 2336 1904 illo
2363 1852 2621 1919 flagellum
2655 1853 2775 1904 facit
2802 1854 2902 1905 ειιιί
2945 1853 3117 1907 Deus?
3147 1851 3382 1907 Assuniit
3414 1858 3477 1909 il-'

1930 1921 2039 1974 lum
2068 1922 2132 1974 ad
2154 1921 2408 1986 officium,
2443 1936 2526 1974 ine
2567 1934 2740 1973 autem
2767 1921 2939 1974 erudit
2979 1925 3043 1975 ad
3073 1926 3472 1989 patrimonium.-

1929 1990 2048 2043 Non
2069 1993 2186 2056 erit,
2217 1993 2447 2058 inquam,
2478 2000 2727 2059 peccator,
2755 1990 2874 2059 quia
2903 1990 2947 2044 si
2979 1999 3032 2044 tu
3065 1993 3249 2059 aliquis
3277 2009 3472 2058 quiores

1928 2061 2093 2112 locant
2122 2064 2254 2129 ejus,
2290 2062 2336 2112 id
2368 2069 2466 2124 est,
2495 2075 2641 2111 usuin
2663 2062 2778 2126 ejus
2804 2074 2957 2126 quem
2985 2070 3110 2113 tunc
3133 2061 3341 2124 habent,
3371 2079 3471 2115 non

1927 2130 2165 2181 inuenies.
2201 2131 2238 2182 Ε
2269 2137 2449 2182 contra
2481 2139 2657 2181 autem
2687 2131 2950 2196 mansueti,
2989 2135 3075 2197 qui
3109 2146 3212 2183 non
3244 2147 3478 2184 mur:nu-'

1929 2209 2049 2251 rant
2091 2201 2314 2260 scilicet,
2357 2199 2450 2250 sed
2513 2198 2788 2251 Dominum
2840 2201 3100 2266 patienter
3151 2212 3476 2266 exsitcctant,

1929 2268 2295 2319 lia’reditabunt
2322 2276 2524 2326 terrain,
2552 2279 2607 2319 ut
2635 2283 2796 2333 supra
2818 2269 3014 2321 dictum
3045 2282 3144 2322 est.
3181 2271 3241 2321 lit
3263 2275 3484 2324 delecta-

1931 2335 2116 2388 bantur
2149 2348 2268 2388 tunc
2320 2337 2372 2387 in
2417 2337 2733 2387 multitudine
2781 2337 2940 2405 pacis,
2989 2338 3108 2406 quiia
3153 2354 3269 2390 cum
3322 2343 3484 2394 modo

1931 2407 2347 2473 qualemcunque
2379 2419 2559 2472 pacein
2592 2407 2839 2474 habeant,
2881 2418 3076 2458 iantmn
3112 2408 3160 2458 in
3192 2407 3426 2462 interiori
3455 2427 3473 2474 ;

1933 2484 2058 2528 tunc
2088 2491 2214 2527 vero
2256 2489 2436 2541 pacein
2469 2475 2733 2527 liabebunt
2762 2475 2813 2528 iu
2859 2477 3096 2529 interiiri
3145 2486 3198 2530 et
3241 2482 3290 2531 iu
3320 2490 3474 2533 este-

1933 2545 2081 2597 riori.
2137 2543 2232 2598 Vel
2283 2544 2458 2614 sicuti
2488 2545 2844 2607 inimausucti,
2890 2546 2938 2597 id
2985 2555 3066 2598 est
3104 2550 3473 2614 malignantes,

1933 2614 2256 2683 delectantur
2281 2627 2419 2666 nunc
2447 2610 2498 2683 iu
2530 2617 2706 2683 multo
2741 2629 2870 2666 auro
2896 2623 2951 2666 ει
2974 2617 3139 2667 ιιιιιΙιυ
3163 2610 3380 2683 argento
3417 2610 3474 2674 εἰ

1934 2682 2187 2754 iiiinultis
2217 2684 2426 2746 talibus,
2456 2682 2522 2734 ita
2561 2681 2814 2736 Dominus
2844 2684 2946 2754 erit
2988 2693 3110 2748 tunc
3148 2681 3479 2754 quaecunque

1935 2752 2212 2804 delectatio
2262 2761 2431 2818 potest
2459 2753 2744 2818 excogitari
2774 2751 2904 2814 suis,
2935 2755 3052 2819 quia
3091 2758 3183 2805 erit
3222 2751 3398 2808 omnia
3423 2756 3477 2808 in

1933 2824 2181 2874 omnibus.
2223 2821 2429 2873 Etcum
2459 2823 2568 2885 ipse
2594 2823 2662 2873 sit
2693 2836 2813 2874 vera
2845 2835 2970 2887 pax,
3003 2821 3175 2874 omnii
3210 2838 3362 2878 erunt
3397 2840 3477 2880 eis

1935 2905 2033 2958 pax
2058 2907 2070 2942 :
2100 2903 2151 2943 et
2177 2891 2252 2944 sic
2281 2891 2652 2960 delectabantur
2677 2892 2726 2941 in
2757 2890 3078 2944 multitudine
3105 2894 3266 2960 pacis,
3311 2898 3361 2947 id
3398 2908 3480 2950 est

1933 2962 1984 3013 iii
2017 2961 2285 3023 multiplici
2319 2973 2460 3026 pace.
2500 2959 2706 3011 lnternn
2732 2969 2906 3011 autem
2936 2963 3061 3026 quid
3097 2963 3228 3014 liet?
3257 2965 3477 3028 Oportet

1935 3029 2138 3082 scilicet
2167 3029 2382 3081 inultam
2413 3032 2514 3092 pati
2540 3028 2946 3094 tribulatiotiem,
2973 3040 3027 3082 ut
3053 3044 3383 3098 pervematur
3408 3041 3472 3088 ait

1939 3099 2073 3150 lianc
2107 3112 2322 3164 pacein;
2356 3099 2474 3165 quia
2523 3098 2728 3168 interim
2760 3111 3010 3166 peccator,
3063 3101 3110 3151 id
3140 3113 3220 3153 est
3257 3105 3477 3168 quilibet

1863 3146 1908 3208 (ἶ
1941 3146 2268 3235 persecutor,
2310 3146 2587 3240 obitervabit
2607 3146 2827 3236 justuiu,
2856 3169 2905 3220 id
2950 3146 3050 3233 est,

1935 3248 2115 3289 contra
2162 3247 2359 3303 iustum
2417 3238 2745 3290 fraudulenta
2796 3250 3156 3305 persecutione
3185 3257 3196 3290 :
3225 3249 3271 3292 et
3320 3238 3476 3295 etiam

1935 3307 2161 3358 stridebit
2203 3321 2351 3373 super
2398 3320 2512 3359 eum
2553 3310 2776 3360 dentibus
2821 3307 2946 3370 suis,
2979 3311 3027 3362 id
3069 3319 3149 3362 est
3180 3310 3480 3366 manifestas

1902 3376 2286 3428 ‘damnatiouis
2312 3376 2600 3446 sententias
2647 3377 2712 3431 ad
2744 3378 2912 3444 ipsum
2958 3383 3356 3446 Opprnnendum
3385 3384 3476 3433 da-

1913 3447 2030 3504 ,ι›.ι.
2063 3447 2165 3498 bed
2195 3460 2309 3512 qtue
2339 3445 2503 3498 cura?
2532 3445 2682 3497 Nulla
2709 3447 2926 3506 scilicet,
2953 3445 3071 3513 quia
3112 3447 3362 3502 Dominus
3397 3455 3477 3502 ινα·

1935 3514 2114 3566 ridebit
2137 3530 2269 3576 eum,
2299 3515 2345 3565 id
2369 3524 2469 3579 est,
2501 3514 2797 3568 irrisibilem
2831 3516 2986 3568 faciet
3007 3531 3144 3581 cum,
3168 3527 3472 3582 peccantem

1935 3589 2152 3655 senicet.
2180 3584 2300 3635 ιιωυ
2327 3587 2468 3636 enim
2496 3598 2617 3638 vere
2641 3595 2722 3655 est
2749 3585 2940 3649 irrisio,
2976 3588 3090 3652 quia
3120 3594 3242 3639 dum
3273 3587 3474 3655 iniqui-

1938 3661 2018 3724 tas
2046 3653 2165 3724 ejus
2196 3667 2386 3724 corpus
2423 3664 2567 3707 tuum
2601 3654 2825 3721 perimit,
2859 3670 3084 3708 animam
3119 3670 3266 3708 suain
3291 3653 3470 3724 putre-

1937 3721 2082 3775 facti.
2130 3723 2203 3775 'l‘e
2235 3723 2359 3775 facit
2406 3725 2744 3791 probabilem,
2792 3727 3090 3777 lacieteuni
3145 3721 3480 3791 peccatorem

1937 3793 2141 3845 scilicet
2165 3809 2176 3843 :
2204 3795 2316 3844 haec
2340 3795 2479 3846 enim
2508 3807 2631 3858 vere
2651 3805 2732 3845 est
2756 3794 2949 3864 irrisio,
2983 3794 3101 3859 quia
3130 3793 3254 3855 dum
3285 3796 3481 3864 iniqui-

1938 3869 2164 3933 taseius
2197 3876 2388 3933 corpus
2419 3873 2560 3914 tuum
2588 3861 2814 3928 perimit,
2862 3865 3089 3916 animam
3119 3878 3267 3917 suam
3301 3861 3481 3933 putre-

1940 3932 2081 3981 lacit.
2113 3931 2187 3983 'l‘e
2216 3928 2336 3984 facit
2382 3933 2726 3997 probabilem.
2763 3945 2822 3986 se
2864 3947 3041 3996 reum;
3074 3943 3127 3986 ct
3152 3928 3359 4000 gravius
3389 3938 3477 3990 ille

1938 4013 2144 4065 semper
2173 4000 2472 4070 damnatur,
2519 4002 2603 4054 cui
2642 4003 2848 4054 animus
2899 4016 3107 4068 semper
3151 4012 3471 4057 devastatur.

1941 4072 2210 4139 liminium,
2255 4072 2485 4138 inquam,
2530 4073 2752 4139 irridebit
2799 4087 2932 4130 eum,
2964 4080 3026 4121 ad
3076 4086 3228 4136 quem
3277 4075 3482 4127 scilicet

1939 4135 2038 4211 hoc
2071 4135 2586 4208 pertitict,'quoniam
2627 4144 2734 4207 ipse
2783 4144 3030 4191 Dominus
3073 4135 3313 4208 prospicit
3341 4149 3475 4211 quod

1938 4210 2042 4258 dies
2071 4211 2180 4277 ejus
2220 4213 2400 4273 veniet,
2430 4213 2545 4262 dies
2574 4211 2777 4262 scilicet
2823 4212 3316 4266 annnadversmnis.
3351 4210 3471 4276 ρυςιι

1938 4281 2321 4328 nnnnadvcrsio
2350 4281 2545 4345 duplex
2583 4280 2706 4342 erit,
2752 4281 2956 4331 scilicet
3005 4282 3136 4332 bona
3188 4287 3266 4334 νει
3317 4297 3459 4341 inata.

1938 4346 2038 4409 Qui
2065 4337 2501 4418 enimprospe'xit
2529 4349 2665 4400 diem
2690 4337 2854 4402 'Judae
2891 4349 3173 4412 traditoris,
3205 4337 3491 4418 prospexit

1937 4427 1992 4465 et
2028 4416 2166 4467 diem
2195 4417 2334 4467 Sauli
2365 4418 2717 4483 persecutoris
2746 4437 2757 4471 :
2787 4421 2926 4472 illius
2954 4422 3016 4470 ad
3052 4416 3292 4484 poenam,
3327 4416 3490 4475 istius‘

289 4474 484 4552 s'titias',
519 4491 568 4541 id
617 4499 698 4542 est
744 4474 977 4555 peccata,
1010 4498 1253 4555 tanquam
1285 4474 1606 4547 necessario,
1640 4474 1831 4536 ιιυιιέιι
1867 4474 1913 4530 Ι)
1937 4486 2001 4555 ad
2038 4488 2278 4551 gloriam.
2321 4474 2376 4538 lii
2419 4474 2695 4555 uti-unique
2722 4505 2858 4542 enim
2892 4474 3208 4539 vindicatum
3236 4474 3315 4541 εξι
3343 4505 3358 4541 :
3388 4474 3475 4544 ille

291 4570 506 4621 natura,
536 4560 628 4611 sed
651 4573 768 4624 quia
792 4555 1110 4623 prosperitas
1131 4557 1616 4624 stultoruinperdet
1642 4570 1754 4617 eos,
1784 4562 1837 4605 et

289 4631 443 4694 quasi
463 4620 603 4680 dicat
628 4644 638 4676 :
667 4620 722 4679 Si
753 4620 884 4676 velis
917 4620 1208 4691 prosperari
1229 4640 1347 4677 cum
1376 4620 1484 4687 illo,
1514 4620 1672 4694 facies
1702 4632 1838 4675 sicut

293 4693 392 4748 ille
432 4697 711 4761 injustttias
736 4709 748 4744 :
771 4701 825 4746 et
867 4695 984 4746 ideo
1023 4695 1126 4745 noli
1154 4695 1400 4755 a'mulari',
1431 4695 1520 4744 sed
1565 4693 1734 4744 desine
1773 4695 1834 4744 (ill

289 4767 396 4826 ira,
429 4777 482 4816 ut
513 4779 614 4816 non
647 4763 888 4815 ii'ascitris
917 4763 982 4814 de
1025 4763 1154 4816 ﬂore
1184 4763 1348 4828 ipsius
1377 4764 1602 4814 hominis
1642 4763 1834 4814 facien-

293 4837 362 4886 tis
403 4833 705 4900 iujustttias.
739 4831 803 4882 Et
829 4833 1114 4898 derelinque
1134 4831 1374 4899 furorem,
1405 4832 1452 4882 id
1485 4843 1566 4883 est
1590 4832 1837 4898 indigna-

295 4914 494 4955 tionem
541 4913 594 4956 et
624 4905 1086 4955 murmurationem
1137 4916 1314 4953 contra
1345 4904 1607 4954 eumdem.
1654 4904 1724 4952 bit
1759 4916 1834 4954 ira

291 4975 438 5026 enim
484 4973 719 5038 procedit
748 4974 912 5034 furor,
948 4973 1082 5038 quod
1115 4981 1194 5024 est
1237 4971 1411 5022 dicere
1439 4987 1448 5020 :
1478 4972 1552 5022 Ira
1579 4971 1658 5023 vel
1690 4971 1835 5023 furor

293 5045 364 5095 de
393 5040 524 5093 ﬂore
554 5041 693 5093 illius
722 5056 826 5092 non
858 5044 1132 5096 cotituibet
1175 5041 1380 5093 oculum
1410 5052 1573 5102 tuum,
1607 5044 1696 5092 sed
1733 5057 1835 5104 ρυ-

297 5113 402 5164 tius
443 5113 658 5162 consule
705 5111 911 5163 oculum
961 5109 1081 5174 fidei
1131 5121 1251 5173 tuae,
1301 5119 1422 5162 etsi
1455 5110 1693 5176 promisit
1738 5111 1832 5163 tibi

298 5184 612 5248 temporalia
643 5181 799 5244 bona,
833 5181 993 5232 trabes
1023 5182 1174 5232 irasci
1203 5196 1218 5243 ;
1251 5179 1293 5231 si
1323 5192 1444 5230 vero
1475 5179 1711 5244 promisit
1739 5181 1832 5243 tibi

294 5254 411 5305 sola
433 5250 663 5302 caelestia
689 5257 744 5299 et
762 5256 974 5310 aeterna,
1003 5262 1105 5300 non
1132 5249 1286 5301 irasci
1309 5252 1488 5310 debes,
1520 5251 1610 5298 sed
1640 5248 1834 5313 patien-

303 5332 320 5374 t
351 5338 378 5376 r
399 5336 459 5373 ea
486 5326 782 5384 exspectes:
803 5317 917 5378 llOt',
946 5333 1173 5384 inquam,
1199 5321 1353 5370 modo
1373 5322 1511 5377 dico,
1529 5316 1651 5367 Noli”
1679 5333 1835 5370 armu-

293 5405 397 5444 tori
427 5405 481 5441 ut
527 5394 804 5452 malignus,
852 5387 902 5437 id
946 5397 1026 5438 est
1069 5397 1122 5438 ut
1153 5402 1285 5437 unus
1324 5390 1389 5438 de
1435 5387 1835 5452 maliguantibos

296 5465 412 5516 fias.
449 5463 613 5510 Aliter
641 5459 778 5508 enim
806 5457 952 5522 quasi
986 5457 1131 5520 dicit,
1165 5471 1267 5506 non
1298 5458 1566 5521 peritioeo.
1601 5460 1662 5506 lat
1687 5463 1835 5510 valde

290 5535 588 5583 Cavendum
620 5536 702 5577 est
731 5527 818 5577 tibi
847 5539 909 5576 ne
937 5530 1222 5594 matigneris
1245 5539 1263 5575 :
1283 5539 1400 5591 quia
1430 5539 1709 5590 quicunque
1731 5543 1836 5578 mu-

291 5601 576 5666 lignantur,
603 5606 994 5666 perseveranter
1013 5607 1504 5666 externatiuauntur,
1536 5594 1584 5642 id
1613 5605 1714 5658 est,
1740 5614 1834 5647 ex-

297 5665 377 5722 tra
425 5669 674 5718 terminos
721 5665 950 5716 οωιεειιε
998 5665 1292 5716 Jerusalem
1340 5665 1499 5724 lieni,
1550 5666 1629 5714 vel
1686 5678 1834 5718 extra

298 5737 556 5793 terminos
597 5735 824 5802 propitio
856 5746 1031 5799 terrae,
1064 5737 1113 5789 id
1143 5743 1224 5790 est
1252 5732 1426 5787 carnis
1457 5749 1587 5798 sur,
1630 5745 1685 5788 ut
1729 5751 1833 5790 non

1934 4553 2140 4619 ignitius
2185 4567 2441 4622 genennut
2487 4572 2569 4611 est
2599 4553 2908 4616 destinatus,
2958 4560 3058 4610 iste
3099 4569 3311 4612 aiterna:
3360 4562 3479 4612 vita:

1932 4640 2012 4675 est
2043 4638 2356 4688 prostratus.
2552 4660 2554 4662 τ
3317 4657 3320 4660 ~

2006 4694 2247 4745 Gladium
2274 4694 2659 4761 ei-aJinavcruut
2688 4705 2988 4764 peccatores.
3020 4695 3298 4760 Exnonere
3326 4695 3471 4748 vide-

1934 4771 2016 4814 tur
2052 4775 2327 4830 utrumque
2356 4769 2494 4829 quod
2523 4781 2765 4830 superius
2791 4766 2944 4830 dixit,
2984 4775 3186 4818 setticet
3209 4779 3261 4818 et
3289 4770 3469 4818 occul-

1935 4843 2038 4884 tant
2066 4841 2124 4902 ει
2160 4835 2492 4884 ιιιιιιιιῑέειειιιι
2545 4850 2939 4888 ιιιεεειειιιοιιειιι
2965 4845 3254 4902 peccatoris
3288 4844 3472 4887 adver-

1931 4917 2021 4971 sus
2057 4900 2297 4968 justum;
2328 4910 2383 4954 et
2438 4904 2658 4969 primum
2715 4917 2923 4969 esponii
2965 4900 3311 4971 Vinaiq'l'estain
3361 4906 3471 4957 ita:

1933 4967 2226 5022 Peccutores
2248 4967 2635 5040 eoaginaverunt
2657 4967 2901 5040 gladium.
2937 4974 2985 5026 id
3012 4967 3122 5037 est,
3148 4983 3478 5028 inanilestam

1932 5048 2321 5092 damnationem
2364 5056 2520 5107 super
2571 5043 2745 5108 justus
2785 5057 3150 5096 exercuerunt.
3191 5049 3284 5110 Qui
3330 5047 3470 5100 enim

1933 5111 2108 5177 gladio
2151 5121 2365 5176 pugnat,
2415 5122 2952 5178 uianiiestepugnat.
3001 5116 3092 5165 llic
3124 5117 3249 5166 dicit
3299 5110 3480 5170 beatus

1934 5192 2255 5252 Augusnnus
2306 5197 2319 5232 :
2366 5177 2604 5231 Gladium
2649 5195 2878 5247 euaginut
2922 5193 3156 5248 peccator
3196 5186 3248 5252 in
3298 5199 3480 5252 corpus

1933 5260 2092 5310 tuum,
2116 5248 2202 5299 sed
2227 5253 2451 5316 nunquid
2480 5264 2564 5300 cor
2585 5252 2695 5317 ejus
2726 5260 2887 5298 manet
2917 5253 3160 5302 itlwsum?
3186 5250 3249 5302 In
3271 5248 3483 5320 corpore

1933 5329 2139 5370 conatur
2178 5327 2224 5369 te
2269 5334 2512 5379 occntere,
2541 5321 2648 5384 ipse
2691 5334 2805 5370 vero
2834 5324 3075 5370 occiditur
3099 5323 3148 5370 in
3196 5334 3376 5374 mente.
3413 5328 3482 5374 [Et

1933 5399 2005 5440 est
2043 5390 2221 5439 similis
2248 5391 2399 5439 alicui
2428 5393 2698 5458 trajicn'nti
2727 5395 2952 5458 gladium
2996 5405 3081 5452 per
3107 5405 3287 5452 corpus
3315 5402 3478 5453 tuum,

1934 5471 1986 5509 ut
2032 5462 2226 5508 scindat
2263 5462 2471 5508 attrius
2521 5461 2880 5510 ues.iiiie..tunt.
2938 5458 3357 5523 Evaginaverunt,
3402 5465 3479 5512 ιη-

1934 5543 2107 5594 quam,
2138 5527 2363 5593 gladium
2393 5541 2691 5595 peccatores,
2743 5541 2793 5581 et
2822 5541 2980 5580 etiam
3031 5531 3345 5578 intenderunt
3397 5547 3477 5578 at-

1935 5614 2047 5647 cum
2073 5611 2240 5658 suum,
2284 5601 2331 5647 id
2363 5608 2465 5656 est,
2494 5609 2727 5648 occultas
2755 5602 2971 5649 insidias
2997 5600 3119 5663 ipsis
3138 5612 3290 5663 jUsltS
3324 5613 3474 5663 para-

1937 5676 2140 5720 verunt.
2176 5679 2311 5717 Arcu
2341 5684 2478 5718 enim
2504 5673 2706 5718 Occulte
2736 5679 2784 5719 ει
2815 5684 2843 5718 a
2877 5674 3028 5734 longe
3056 5677 3304 5718 Ceitatur.

1932 5809 1939 5817 _
2009 5735 2074 5789 Ut
2123 5741 2372 5817 decipiant
2419 5751 2711 5805 pauperem.
2760 5740 2950 5797 lieddit
2995 5739 3196 5804 singula
3238 5737 3500 5803 singulis.‘
