3912 6230
243 331 360 420 1⁸77.

911 332 972 384 ιΝ
1020 332 1430 387 PSALMORUI
1472 334 1721 390 LllillUM
1765 336 2109 392 EXEGl-ZSIS.
2159 366 2221 376 -
2263 337 2496 400 PSALM.
2544 337 2774 393 XXXVI.

3330 342 3431 395 678

253 448 366 518 imo
393 444 457 497 ad
481 442 1040 518 exultationem,jttxta
1065 443 1796 518 illudEfeptiestaditjusltts,
1829 451 1873 506 Α
1906 457 2112 500 notatur
2149 463 2238 512 per
2265 456 2418 505 amat.
2451 447 2584 500 inter
2624 449 2741 501 illos
2783 450 2870 516 qui
2917 435 3241 505 murmurant
3281 453 3330 505 in
3363 453 3432 504 ia-

250 516 306 566 id
339 525 422 568 est
464 512 769 582 omnimodo
799 513 1138 566 tribulatione
1172 513 1416 582 aliligitur
1442 512 1632 582 justus.
1667 518 1796 578 Sep-

251 584 494 638 tenarius
543 581 684 651 enim,
710 583 1250 651 nurneruspertectns
1290 581 1376 635 est
1402 625 1416 641 .
1446 581 1503 636 et
1557 587 1671 636 ideo
1704 601 1797 651 per

254 653 460 722 septies
490 650 720 722 plenaria
754 650 1020 722 tribulatio
1051 651 1375 722 intelligitur.
1410 653 1468 704 Et
1502 664 1671 706 tamen
1706 650 1794 706 rre-

250 718 445 790 surgit.
469 723 588 787 Quia
612 718 876 790 tribljlalif)
895 733 995 770 non
1015 731 1086 772 est
1112 722 1159 790 ei
1180 723 1246 790 99'
1273 721 1682 786 ι¹θ1¹τθ⁸δί⁰¹¹⁴³¹¹¹’
1707 723 1798 775 “ed

249 792 321 844 ad
351 787 688 843 erectionetn.
720 787 780 839 Et
811 787 928 838 ideo
951 805 1047 838 non
1072 788 1357 849 col/idetur,
1398 791 1512 856 quia
1562 790 1801 842 Dontinus
1839 851 1842 856 _

249 859 498 927 supponit
529 872 734 909 manum
779 872 940 922 suam,
991 866 1045 910 et
1091 860 1355 911 Conlortat
1397 874 1512 911 eum
1561 863 1801 926 exemplo

252 926 523 996 patientia:
549 941 679 979 sum.

333 996 519 1076 Iunior
542 996 636 1077 (ui,
665 995 843 1047 etenim
867 995 1037 1077 senui.
1061 995 1204 1077 Sicut
1236 996 1287 1048 in
1313 996 1562 1061 superiori
1597 998 1803 1077 psalmo

256 1066 515 1131 accepisti
540 1063 818 1132 injustam,
850 1065 914 1116 de
943 1079 1046 1127 quo
1075 1066 1262 1131 agt-bat
1297 1075 1461 1117 totum
1489 1081 1650 1132 genus
1708 1068 1804 1118 ini-

254 1149 512 1203 quorum,
541 1135 609 1186 ita
636 1135 816 1200 accipe
837 1133 1052 1198 justum,
1077 1134 1161 1199 qui
1196 1134 1277 1186 ltic
1308 1134 1535 1199 loquitur
1564 1151 1655 1200 pro
1683 1152 1802 1186 cor-

255 1202 395 1272 pore
436 1202 693 1271 justorum
728 1217 741 1252 :
779 1203 896 1272 quia
928 1217 1106 1272 versus
1153 1204 1246 1253 iste
1294 1205 1513 1270 postulat
1568 1207 1684 1264 hnc,
1717 1206 1801 1270 qtti

255 1270 345 1328 sic
396 1270 728 1326 centinualur
779 1287 793 1323 :
846 1270 976 1322 Vere
1027 1270 1269 1323 Dominus
1325 1274 1556 1340 supponit
1603 1289 1804 1324 manum

257 1360 413 1396 suam
449 1341 518 1393 illi
562 1355 714 1407 quem
744 1340 939 1406 dirigit,
976 1341 1022 1390 id
1055 1349 1135 1392 est
1165 1341 1324 1404 justo,
1357 1342 1476 1407 quia
1525 1356 1626 1393 non
1656 1344 1805 1395 dere-

259 1411 460 1480 ltnqtiit
500 1410 701 1480 justum
743 1423 920 1480 nttnc._
948 1410 1314 1480 necetiani‘es
1343 1425 1444 1475 quo
1474 1412 1694 1476 primum
1719 1412 1806 1476 ju-

257 1477 382 1534 stus
411 1477 523 1540 fuit,
544 1495 642 1532 non
674 1477 966 1542 dereliquit.
1020 1479 1079 1528 Et
1114 1492 1206 1530 nec.
1234 1477 1283 1528 iit
1313 1480 1604 1542 juventute.
1636 1495 1728 1532 nec
1756 1481 1805 1532 iit

255 1559 541 1604 senectute
589 1561 702 1600 mea
744 1546 846 1598 vidi
878 1547 1406 1615 justumﬂderelt'ctum,
1449 1551 1567 1615 quia
1600 1563 1696 1612 ego
1734 1551 1808 1614 fui

249 1621 459 1690 junior.
503 1616 649 1681 Quod
689 1615 807 1690 inde
839 1624 975 1690 patet
1015 1632 1026 1665 :
1064 1614 1255 1690 Etenim
1309 1614 1596 1690 (proquia)
1626 1620 1804 1690 senui.

257 1683 486 1741 Iuvenis
513 1700 734 1746 namque
779 1683 876 1734 luit
912 1685 1084 1749 justus
1129 1685 1246 1746 istc,
1290 1687 1375 1750 qui
1428 1687 1510 1738 ltic
1555 1687 1660 1754 agit
1717 1701 1808 1751 pro

1901 519 2090 568 ciendo
2123 518 2334 573 bonum.
2367 525 2420 568 el
2448 518 2531 582 qui
2567 533 2665 568 non
2694 529 3036 580 murmurant,
3072 534 3122 572 et
3152 521 3200 572 iit
3235 523 3321 573 illo
3346 524 3434 584 jttv

1897 586 2036 638 dicio
2057 595 2257 638 sanctos
2278 602 2419 643 suos.
2447 585 2648 637 scilicet
2675 587 2922 640 iacientes
2955 590 3145 641 bonum
3171 607 3231 642 ex
3258 592 3436 652 Corde,

1898 667 1950 707 et
1981 670 2081 707 non
2112 671 2229 707 cunt
2255 669 2540 716 murmure,
2562 671 2662 725 non
2697 657 3021 723 deretinqttet,
3059 660 3177 725 quia
3208 660 3258 709 in
3289 674 3438 712 teter-

1895 739 2016 774 mort
2049 725 2491 776 conservabuntur.
2556 724 2730 776 Potest
2759 726 2928 778 taliter
2956 724 3159 792 quoque
3191 730 3285 779 iste
3318 744 3438 779 vor-

1902 807 1991 843 sus
2019 792 2332 861 continnari,
2388 792 2505 842 Ideo
2533 792 2650 843 dico
2681 794 2880 846 declina
2907 811 2936 845 α
2965 798 3118 855 malo,
3160 805 3205 847 et
3236 800 3313 861 [ac
3345 800 3436 848 bo-

1901 876 2021 932 num
2055 878 2066 912 :
2098 864 2214 932 quia
2249 860 2493 912 Dominus
2519 871 2652 912 amat
2687 865 2796 932 tale.
2820 863 3092 931 judicium,
3124 865 3170 914 id
3203 860 3300 926 est,
3345 869 3436 916 litt-

1898 929 2128 996 jttstnodi
2160 932 2563 992 discretionem,
2594 929 2795 983 scilicet
2820 929 2874 983 iit
2915 937 3129 998 quisque
3158 934 3379 986 declinet
3407 950 3435 985 a

1904 1001 2062 1061 malo,
2089 1009 2142 1051 et
2173 1000 2321 1050 iaciat
2351 999 2566 1060 bonum,
2598 1009 2642 1051 et
2669 1011 2873 1058 sanctos
2893 1017 3008 1053 suos
3031 1005 3107 1053 sic
3133 1004 3434 1055 discernen-

1905 1077 1980 1118 tes
2010 1084 2108 1118 non
2139 1068 2443 1133 derelinquet
2469 1069 2518 1119 in
2549 1079 2808 1121 talentum.
2838 1071 3013 1121 'l'crtio
3039 1085 3248 1136 qunque
3281 1073 3436 1123 modo

1903 1137 2232 1188 continuatur
2262 1138 2330 1188 ita
2363 1155 2373 1188 :
2406 1137 2613 1189 Declina
2654 1155 2682 1188 a
2728 1138 2881 1200 malo,
2907 1148 2950 1189 et
2982 1140 3061 1204 [ac
3091 1139 3270 1190 bonum
3300 1154 3318 1192 :
3346 1141 3438 1192 sed

1907 1205 2017 1256 lucc
2049 1208 2284 1258 iaciendo
2312 1207 2520 1268 patieris
2548 1208 2702 1257 multa
2734 1207 2977 1262 adversa,
3009 1209 3085 1259 'l'n
3119 1219 3295 1260 autem
3328 1210 3434 1261 noli

1905 1287 2109 1336 curare,
2157 1275 2262 1345 noli
2295 1277 2490 1345 dolere,
2540 1276 2656 1345 quia
2695 1275 2938 1327 Dominus
2970 1284 3100 1326 amat
3145 1277 3246 1329 tale
3285 1279 3434 1345 judi-

1907 1345 2036 1412 cium
2070 1344 2180 1394 lieri
2235 1343 2284 1394 iti
2322 1344 2428 1412 suis
2462 1360 2472 1392 :
2506 1343 2627 1410 quia
2672 1345 2897 1410 ﬂagellat
2934 1347 3104 1396 taliter
3147 1343 3338 1396 omnem
3378 1347 3440 1412 [ἱο

1906 1411 2032 1482 littth
2053 1428 2196 1478 quem
2243 1408 2437 1476 recipit,
2464 1408 2547 1478 qui
2590 1408 2679 1463 nec
2716 1408 2916 1479 proprio
2956 1430 3043 1463 suo
3078 1412 3210 1465 Filio
3249 1417 3299 1467 iit
3335 1408 3443 1482 quo

1910 1481 2036 1531 nibil
2071 1482 2286 1541 ilth'llil,
2314 1483 2553 1549 pepercit.
2589 1483 2650 1532 l'lt
2681 1482 2796 1533 licet
2820 1483 3054 1532 videatur
3077 1481 3440 1548 derelinquere

1908 1557 2117 1602 sanctos
2157 1564 2303 1610 SUOS,
2338 1566 2430 1622 per
2456 1552 2554 1602 boc
2598 1565 2833 1622 noneos
2866 1552 3199 1622 dereliuqnit,
3247 1554 3337 1603 st-tl
3383 1555 3437 1603 in

1909 1628 2150 1670 internum
2176 1617 2600 1671 conservabttntur
2619 1661 2633 1683 ,
2658 1620 2835 1685 ittjusti
2867 1635 2986 1670 νει-ο
3021 1617 3121 1670 non
3163 1634 3442 1672 const-rva-

1913 1687 2124 1746 buntur,
2148 1689 2263 1752 quia
2288 1690 2608 1740 :eternaliter
2638 1692 2936 1755 pun‘cutttr;
2964 1698 3015 1741 et
3035 1687 3132 1739 boc
3160 1690 3296 1751 ideo,
3320 1691 3441 1755 quia

259 1757 389 1810 aliis
419 1758 469 1808 iit
499 1756 757 1833 prioribus
781 1755 952 1833 justls,
985 1755 1074 1820 qtti
1108 1755 1251 1820 quasi
1293 1757 1342 1806 in
1373 1757 1640 1816 iuventute
1692 1754 1802 1807 iue-
1839 1775 1881 1831 Β
1909 1771 2072 1833 semen
2117 1757 2392 1833 impioruar
2417 1758 2616 1825 peribit,
2650 1759 2696 1808 id
2727 1771 2826 1817 ρει,
2857 1759 2973 1824 quia
3019 1772 3176 1833 opera
3209 1761 3436 1822 ipStlrlllll

265 1836 413 1885 runt,
443 1826 562 1890 quia
590 1823 738 1890 primi
782 1823 846 1874 ad
880 1823 1034 1874 [idem
1068 1834 1400 1884 accesserunt
1435 1841 1445 1873 :
1493 1838 1650 1876 senex
1682 1838 1806 1876 vero

263 1903 523 1962 quantum
562 1893 632 1962 ad
681 1904 880 1956 tempus
924 1890 1029 1962 jam
1077 1890 1240 1945 factus
1289 1900 1396 1955 est,
1442 1903 1688 1959 quantum
1741 1893 1804 1944 ad

267 1961 394 2021 illos
431 1962 518 2030 qui
558 1961 656 2013 ltoc
709 1961 982 2030 posteriori
1022 1969 1256 2026 tempore
1309 1962 1580 2030 accedunt.
1636 1963 1698 2013 Et
1727 1970 1806 2015 est

263 2029 457 2086 dicere
490 2031 747 2098 qttiattec
788 2029 836 2080 iu
882 2030 1139 2098 prioribus
1187 2044 1283 2082 nec
1331 2029 1381 2082 itt
1431 2029 1804 2094 pomerioribus

260 2102 425 2170 justis
477 2097 662 2170 aliquis
739 2107 910 2164 potest
965 2097 1178 2170 reperiri
1239 2113 1390 2165 quem
1421 2099 1677 2170 Dominus
1715 2101 1807 2152 de-

267 2167 563 2237 reliquerit,
585 2177 638 2219 et
663 2183 766 2237 non
799 2170 967 2230 potius
994 2167 1400 2222 continuaret-it.
1431 2168 1546 2220 Non
1579 2169 1697 2229 vidi,
1725 2171 1803 2221 in-

269 2235 455 2306 quam,
471 2238 665 2306 justum
692 2235 1001 2300 derelictum,
1027 2251 1113 2306 nec
1138 2236 1237 2288 vidi
1255 2252 1418 2288 semen
1447 2240 1554 2306 ejus
1580 2252 1804 2304 qua’t'etts

268 2305 476 2376 partem,
514 2306 564 2358 id
595 2313 676 2358 est
702 2320 965 2370 nunquam
992 2305 1094 2357 vidi
1124 2306 1259 2372 quod
1279 2374 1287 2376 _
1308 2305 1613 2376 imitatores
1643 2306 1803 2376 ipsius

265 2374 400 2443 justi
455 2386 635 2428 essent
683 2383 976 2443 quaerentes
1009 2389 1214 2440 panem,
1277 2374 1324 2426 id
1382 2387 1458 2426 est
1511 2374 1805 2442 indigenles

273 2442 436 2513 pane,
463 2459 564 2497 non
598 2457 728 2513 p_a_ne
761 2442 978 2513 Ventris,
1007 2445 1097 2495 sed
1148 2457 1278 2509 pane
1309 2443 1475 2513 verbi,
1503 2443 1570 2495 de
1596 2459 1698 2506 quo
1727 2445 1805 2496 di-

269 2510 416 2566 ctum
464 2521 582 2566 est:
610 2510 729 2580 Non
755 2510 804 2562 in
836 2511 943 2562 solo
974 2526 1101 2578 pane
1133 2513 1245 2563 civit
1297 2511 1467 2573 homo,
1501 2521 1552 2564 et
1583 2513 1802 2580 rt-liqua.

274 2583 413 2636 Vere
441 2583 578 2635 enim
604 2579 774 2648 jusms
805 2580 894 2631 illo
925 2595 1053 2646 pane
1085 2594 1184 2632 non
1212 2581 1425 2648 indiget,
1456 2581 1571 2646 quia
1597 2579 1803 2648 semper

270 2654 433 2704 habet
481 2650 645 2714 ipsum
680 2653 725 2700 in
757 2652 914 2702 corde
963 2650 1042 2701 vel
1072 2653 1120 2701 itt
1151 2663 1240 2701 ot-e
1261 2651 1408 2718 juxta
1456 2650 1578 2701 illud
1606 2649 1706 2702 :Et
1751 2653 1803 2702 in

263 2721 382 2790 lege
405 2721 514 2790 ejus
544 2718 863 2790 meditabitur
911 2719 990 2790 die
1009 2733 1078 2790 ac
1101 2728 1293 2790 nocte:
1312 2718 1585 2790 Manducat
1629 2729 1801 2771 autem

265 2788 644 2857 bunc'psnem,
675 2788 882 2854 quando
924 2788 1047 2850 legit
1076 2791 1152 2840 vel
1183 2789 1326 2841 audit
1373 2788 1580 2854 aliquod
1606 2802 1802 2852 praece-

265 2869 478 2926 ptorum
515 2857 642 2919 Dei;
673 2858 896 2926 ruminat
928 2869 1052 2908 vero
1083 2858 1273 2926 ipsum,
1301 2866 1509 2922 quando
1547 2858 1805 2926 recogitet

267 2924 412 2994 quod
454 2927 576 2993 tegit
603 2925 682 2976 vel
726 2926 945 2994 audtv_it,
1002 2933 1056 2975 ut
1111 2925 1431 2994 fructuosum
1479 2926 1632 2977 faciat
1681 2924 1800 2977 sibi.

274 2990 428 3049 Unde
452 2990 695 3048 Sa'lomon
722 2991 793 3044 ait
817 3009 827 3042 2
855 2990 1144 3044 Tltesaurus
1170 2993 1510 3045 desiderabilis
1534 2995 1799 3058 requiescit

263 3067 322 3117 in
364 3079 451 3116 ore
489 3064 744 3128 sapientis,
776 3064 956 3113 stultus
1003 3076 1115 3113 vero
1166 3062 1470 3131 transglutiit
1496 3063 1640 3114 illud.
1696 3065 1803 3114 Iloc

269 3143 450 3186 autem
496 3133 637 3184 stulti
670 3133 881 3182 iaciunt.
914 3134 1091 3195 Quare
1114 3133 1492 3196 comparabiles
1536 3139 1656 3184 sunt
1685 3131 1801 3183 ani-

268 3203 495 3254 malibus
524 3215 638 3268 qua:
669 3214 770 3252 non
803 3203 1084 3261 rnntioattt,
1118 3208 1169 3252 et
1199 3202 1316 3253 ideo
1367 3203 1630 3252 immunda
1661 3208 1800 3253 sunt.

265 3272 457 3327 Justus
483 3285 607 3322 vero
649 3284 763 3334 qua:
821 3270 944 3336 legit
971 3279 1023 3320 et
1051 3271 1248 3322 audivit
1297 3284 1400 3322 non
1440 3269 1804 3330 obliviscetur,

265 3341 365 3393 sed
395 3339 614 3393 ruminat
646 3354 726 3400 ea,
759 3351 920 3404 quare
975 3338 1223 3390 mundum
1278 3339 1468 3390 animal
1493 3347 1592 3390 est.
1637 3340 1700 3391 Et
1741 3339 1808 3390 de

270 3409 385 3528 1»υὲ
421 3409 556 3460 idem
601 3409 850 3461 Salomon
897 3408 1061 3460 dcit:
1095 3407 1152 3459 Et
1199 3407 1432 3477 cogitatio
1477 3418 1650 3459 sancta
1700 3408 1805 3460 sal-

270 3492 332 3528 va
370 3486 404 3528 tt
427 3486 489 3528 te.
514 3506 520 3514 -

265 3478 404 3532 stabit
427 3486 489 3528 te.
514 3506 520 3514 -

345 3544 577 3614 Totadie
597 3544 852 3596 miseretur
877 3552 922 3614 et
951 3543 1420 3614 commodat._Vere
1455 3559 1632 3597 semen
1684 3547 1807 3614 Ῑιιμιί

268 3629 379 3666 non
409 3611 602 3680 indiget
631 3625 784 3679 parte,
812 3613 929 3680 quia
963 3623 1065 3664 tota
1095 3614 1194 3677 die,
1228 3612 1280 3664 id
1317 3625 1397 3665 est
1424 3615 1632 3668 assidue
1660 3611 1808 3668 inie—

265 3693 412 3734 retur
456 3695 642 3734 animae
687 3696 815 3745 sua‘,
847 3682 968 3733 dum
1015 3681 1158 3734 ilium
1218 3695 1399 3744 panem
1445 3692 1535 3734 aut
1587 3686 1813 3737 comedit

267 3759 366 3802 aut
396 3751 640 3802 ruminat.
696 3750 757 3802 Et
801 3750 956 3802 etiam
1004 3751 1300 3812 commodat,
1351 3750 1397 3802 id
1452 3761 1532 3803 est
1577 3766 1810 3804 commo-

267 3824 399 3872 dum
421 3821 772 3888 quodcunque
818 3829 987 3886 potest
1017 3821 1136 3872 facit
1179 3821 1294 3871 aliis
1338 3820 1496 3871 verbo
1542 3829 1596 3874 et
1640 3823 1812 3876 facto:

266 3900 324 3942 et
354 3886 428 3940 sic
449 3886 603 3941 etiam
629 3891 672 3940 si
701 3903 896 3952 pauper
919 3889 1007 3951 sit,
1039 3890 1182 3941 dives
1208 3898 1379 3941 tamen
1404 3900 1499 3941 est.
1537 3889 1646 3943 Non
1675 3891 1815 3944 enim

267 3959 600 4023 respicienda
617 3967 697 4010 est
723 3958 889 4010 inanis
913 3971 1050 4018 arca,
1068 3959 1157 4009 sed
1181 3959 1495 4010 C(illsCielllla
1516 3959 1619 4009 Deo
1644 3961 1814 4025 plena:

269 4039 383 4078 non
413 4030 642 4078 exterior
671 4028 906 4089 facultas,
941 4025 1030 4078 sed
1088 4027 1305 4078 interior
1355 4028 1603 4089 citaritas,
1661 4029 1708 4080 id
1735 4037 1816 4080 est

271 4095 413 4146 bona
456 4096 714 4157 Voluntas,
768 4108 884 4162 qua:
932 4109 1191 4161 nunquam
1239 4103 1317 4147 est
1363 4098 1550 4159 otiosa,
1604 4100 1720 4161 quia
1771 4099 1814 4156 si

239 4179 381 4217 non
425 4163 513 4215 dat
541 4178 830 4226 nummum,
882 4163 969 4214 dat
997 4165 1292 4229 consilium,
1330 4163 1418 4215 dat
1465 4164 1710 4216 auxilium
1765 4174 1817 4219 et

266 4247 332 4302 se
381 4234 588 4300 ipsum,
641 4233 720 4283 vel
771 4232 956 4285 saltem
1028 4237 1219 4302 bonum
1270 4243 1466 4285 votum.
1527 4233 1812 4302 Miseretur,

266 4301 506 4370 inquam,
547 4313 592 4354 et
623 4302 920 4361 commodat,
949 4309 996 4354 et
1025 4300 1141 4354 ideo
1171 4317 1334 4354 semen
1359 4342 1374 4365 ,
1429 4304 1475 4354 id
1525 4313 1604 4355 est
1656 4300 1811 4370 opera

270 4378 394 4442 ejus
421 4385 571 4426 erunt
603 4373 654 4424 in
681 4372 1038 4436 benedictione,
1073 4371 1120 4423 id
1151 4384 1250 4437 est,
1286 4372 1335 4424 in
1385 4372 1810 4438 multiplicatioite

1911 1825 2218 1890 injustortnn
2265 1825 2527 1892 peribunt,
2575 1842 2675 1877 non
2721 1840 2967 1891 quantum
3014 1827 3078 1877 ad
3128 1829 3436 1879 vindicatio-

1910 1908 2050 1954 nem,
2079 1894 2169 1945 sed
2202 1904 2451 1961 quantum
2477 1894 2539 1946 ad
2567 1896 2751 1946 bonam
2784 1896 3277 1947 remunerationem.
3301 1895 3440 1947 Justi

1906 1971 2073 2013 autem
2104 1977 2204 2014 non
2240 1965 2541 2029 punientur,
2566 1963 2654 2015 sed
2683 1963 3156 2024 conservabuntur,
3203 1975 3254 2016 ut
3281 1980 3437 2030 sttpra

1910 2032 2105 2084 dictum
2134 2041 2230 2092 est,
2264 2045 2356 2100 per
2397 2034 2494 2083 ltoc
2542 2032 2742 2084 scilicet
2788 2035 2907 2094 quia
2953 2033 3338 2094 ltrerrditabunt,
3388 2032 3439 2085 id

1907 2110 1990 2153 est
2021 2101 2376 2154 ittereditatetn
2410 2101 2661 2168 recipient
2707 2110 2910 2159 terram,
2943 2104 3020 2154 vel
3048 2105 3313 2154 caelestem
3357 2101 3443 2154 Je-

1908 2169 2156 2234 rusalem,
2190 2169 2269 2222 vel
2317 2184 2528 2222 carnem
2560 2184 2704 2222 suam
2729 2169 3086 2222 clarilicatam.
3131 2172 3192 2222 Et
3222 2186 3285 2222 ne
3313 2186 3442 2236 pati-

1905 2238 1991 2289 dat
2034 2239 2176 2289 sinus
2215 2238 2514 2303 cupiditatis
2553 2253 2738 2300 avaro,
2770 2240 2856 2306 qui
2893 2241 3066 2289 statim
3108 2249 3314 2306 putaret
3360 2239 3445 2292 ltic

1909 2305 2144 2372 promitti
2190 2315 2448 2360 terrenam
2477 2305 2856 2367 tuereditatein,
2903 2316 2955 2359 et
2994 2309 3068 2359 sic
3099 2305 3337 2360 tenderet
3375 2307 3444 2362 ad

1902 2373 2201 2442 justitiam,
2253 2377 2463 2442 exponit
2499 2390 2651 2442 quam
2708 2385 2896 2428 terram
2949 2378 3232 2442 acceperit.
3282 2377 3445 2442 Quasi

1905 2446 2044 2495 dicat
2073 2461 2087 2496 ε
2119 2444 2190 2497 Ita
2241 2443 2360 2496 dico
2410 2445 2770 2496 lim-editabunt
2817 2452 3021 2508 terram,
3074 2446 3211 2512 quod
3243 2461 3344 2497 non
3376 2446 3445 2498 ad

1906 2512 2110 2575 horam,
2161 2517 2293 2566 sicut
2327 2514 2552 2580 aliquam
2595 2515 2973 2579 possessionem
3019 2524 3299 2575 terrenam,
3352 2513 3446 2567 sed

1902 2581 2251 2633 inhabitabant
2274 2582 2325 2632 in
2348 2584 2589 2644 saeculum
2614 2584 2805 2647 εωεαιὶ,
2841 2583 2887 2633 id
2917 2592 3015 2644 est,
3039 2581 3355 2635 mternaliter
3393 2583 3444 2634 in

1904 2664 1985 2701 ea.
2022 2650 2086 2703 Et
2131 2652 2200 2702 ita
2232 2660 2285 2700 ut
2314 2651 2420 2701 sint
2448 2666 2596 2717 super
2624 2667 2753 2713 eam,
2797 2650 2846 2701 id
2877 2661 2958 2703 est
2987 2665 3316 2717 possessores
3342 2652 3447 2703 sint

1902 2719 2017 2783 ejus
2048 2727 2221 2770 terrte.
2272 2718 2333 2768 Et
2362 2721 2726 2784 liocquatttunt
2766 2721 2829 2769 ad
2861 2721 3128 2772 caelestem
3164 2720 3300 2772 illaut
3348 2736 3442 2784 νει--

1907 2786 2056 2838 triatn
2092 2803 2104 2840 :
2136 2797 2386 2854 quantum
2411 2803 2534 2839 vero
2560 2789 2624 2840 ad
2655 2802 2888 2850 carnem,
2916 2789 2991 2842 sit:
3020 2789 3199 2841 dicens
3224 2805 3237 2840 :
3266 2790 3337 2842 lta
3365 2791 3442 2839 in-

1905 2856 2194 2926 habitabant
2216 2865 2271 2908 ut
2292 2856 2396 2908 sint
2429 2873 2574 2926 super
2601 2873 2733 2915 eam,
2765 2858 2811 2907 id
2835 2867 2933 2920 est,
2973 2867 3028 2909 ut
3067 2859 3280 2923 Spiritus
3308 2872 3445 2911 sem-

1905 2939 1996 2993 per
2023 2925 2085 2977 sit
2120 2925 2189 2977 ibi
2210 2939 2368 2978 carne
2397 2925 2654 2991 superior.
2690 2925 2782 2978 llic
2803 2927 2940 2978 enim
2971 2927 3089 2978 licet
3118 2928 3333 2992 spiritus
3357 2945 3449 2977 na-

1905 2992 2137 3046 turaliter
2189 3008 2346 3046 cartte
2406 2993 2644 3060 superior
2690 2997 2791 3056 sit,
2850 3007 2989 3058 stcpe
3045 3007 3216 3046 tamen
3272 2999 3452 3048 subest

1907 3063 2073 3122 carni,
2106 3060 2312 3114 scilicet
2336 3077 2453 3114 cuiu
2486 3063 2742 3127 decipitur
2771 3065 2967 3114 carnali
3006 3063 3374 3116 delectatione.

1986 3132 2054 3182 Us
2071 3131 2203 3200 justi
2232 3132 2554 3183 meditabitur
2579 3131 2894 3197 sapientiam.
2926 3132 3106 3184 Merito
3130 3131 3256 3200 justi
3288 3133 3448 3185 liore-

1911 3200 2141 3253 (litabunt
2175 3209 2379 3263 terram,
2407 3201 2526 3268 quia
2556 3215 2763 3264 semper
2790 3211 2842 3254 et
2885 3204 3202 3254 meditantur
3242 3205 3451 3267 sapien-

1914 3279 2059 3334 tiam,
2093 3279 2146 3322 et
2173 3269 2452 3336 loquuntur
2483 3286 2616 3333 cant,
2645 3269 2701 3322 et
2739 3272 2789 3322 in
2820 3271 2978 3324 Corde
3018 3271 3239 3323 retinent
3286 3271 3448 3336 legent

1911 3338 2024 3408 Dei.
2056 3339 2201 3408 Quod
2231 3353 2305 3392 s:c
2333 3340 2462 3391 dicit
2493 3357 2504 3390 :
2542 3340 2608 3391 Us
2627 3340 2757 3408 justi
2785 3339 3099 3392 meditabitur
3126 3340 3450 3407 sapientiam,

1918 3407 1968 3460 id
1993 3417 2074 3461 est
2098 3407 2304 3460 assidue
2345 3410 2570 3474 loquitur
2597 3407 2696 3461 sibi
2747 3410 2840 3474 ipsi
2890 3409 3013 3460 illttd
3047 3410 3183 3475 quod
3226 3412 3452 3475 pertinet

1911 3477 1973 3529 ad
2000 3478 2329 3544 sapientiam,
2361 3477 2408 3529 id
2438 3478 2622 3544 estad
2672 3479 2860 3528 bonam
2892 3478 3079 3535 vitain,
3103 3476 3216 3542 Quae
3247 3486 3326 3529 est
3353 3476 3456 3530 liti-

1911 3543 2274 3612 giutnbabere
2303 3559 2422 3597 cum
2462 3543 2620 3608 vitiis,
2656 3559 2830 3611 pacein
2876 3560 2991 3598 cum
3041 3548 3270 3598 moribus
3317 3548 3454 3612 opti-

1914 3615 2031 3665 mis.
2064 3613 2128 3664 ΕΙ
2155 3613 2327 3684 lingua
2354 3614 2508 3666 etiam
2537 3615 2665 3684 ejus,
2705 3615 2753 3667 id
2785 3626 2859 3666 εει
2907 3615 3055 3680 justi,
3083 3615 3310 3684 loquetur
3337 3618 3454 3667 aliis

1913 3695 2070 3734 omne
2093 3683 2364 3748 judicium,
2400 3684 2448 3735 id
2481 3682 2740 3736 est’umne
2781 3686 2917 3751 quod
2969 3698 3092 3736 vere
3120 3699 3182 3734 sn
3208 3682 3451 3750 judican-

1913 3753 2036 3802 dum
2066 3763 2114 3803 et
2145 3753 2448 3804 tenendum.
2481 3755 2542 3806 Et
2574 3755 2656 3806 bic
2689 3754 2801 3803 talis
2848 3768 2951 3804 non
2982 3762 3058 3804 est
3089 3753 3155 3803 de
3186 3753 3284 3804 illis
3314 3755 3451 3803 unde

1916 3820 2114 3872 dictum
2141 3831 2221 3874 est
2250 3841 2262 3871 ι
2297 3819 2518 3888 Populus
2554 3821 2635 3872 hic
2662 3822 2805 3872 labiis
2843 3837 2921 3872 me
2949 3820 3180 3882 honorat,
3211 3822 3330 3886 quia
3370 3820 3455 3872 lex

1919 3889 2008 3941 Dei
2043 3906 2142 3941 non
2188 3898 2387 3942 tantum
2432 3899 2511 3941 est
2559 3892 2608 3940 in
2654 3904 2745 3941 ore
2785 3891 2962 3956 ipsius,
2990 3888 3079 3942 sed
3125 3892 3173 3940 in
3205 3890 3373 3947 corde,
3402 3898 3458 3940 ιιι

1917 3957 2011 4009 ista
2047 3977 2058 4010 :
2095 3958 2241 4024 Quod
2273 3959 2358 4010 tibi
2402 3974 2502 4009 non
2530 3959 2640 4023 ﬁeri
2678 3961 2768 4023 vis,
2802 3959 2888 4009 alii
2926 3975 2988 4010 ne
3012 3959 3209 4024 feceris.
3247 3959 3316 4008 Et»
3339 3959 3457 4024 quia

1918 4027 2031 4079 talis
2059 4038 2159 4089 est,
2209 4028 2325 4079 ideo
2369 4041 2565 4094 gressus
2609 4031 2737 4094 eius,
2774 4027 2822 4078 id
2873 4039 2951 4079 est
3000 4026 3298 4077 affectiones
3336 4027 3452 4093 ejus

1917 4111 2017 4147 non
2063 4099 2465 4162 superabantur,
2498 4099 2615 4162 quia
2666 4111 2764 4150 nec
2790 4096 2947 4148 etiam
2981 4097 3298 4163 cogitatione
3334 4110 3456 4162 pec-

1915 4168 2076 4216 03bit.

1987 4233 2279 4312 Considerat
2325 4241 2552 4302 peccator
2588 4235 2803 4312 justum.
2852 4233 3005 4312 Quasi
3042 4233 3213 4312 .dicat.
3250 4251 3273 4312 ς¹
3314 4235 3452 4298 Ergo

1920 4316 2122 4354 maneat
2149 4303 2324 4370 justus
2346 4317 2560 4357 secutus
2594 4311 2726 4356 inter
2752 4303 2938 4368 impios
2967 4312 3019 4355 et
3041 4306 3173 4356 inter
3206 4303 3449 4368 injustos.

1921 4371 2052 4435 Quid
2096 4374 2233 4424 t-niiu
2263 4374 2429 4424 oberit
2457 4375 2503 4425 ei
2552 4373 2935 4440 itnpius?7Nilul
2978 4376 3172 4439 utique.
3214 4372 3459 4423 Conside-

267 4437 527 4520 q'uantum
574 4441 660 4520 ad.
686 4448 1180 4520 rettlunerationem,
1204 4509 1214 4520 _
1234 4443 1351 4520 quia
1381 4437 1580 4520 singula
1626 4452 1813 4520 cetttu-
1850 4437 1895 4492 D
1921 4451 2000 4520 ται
2031 4442 2239 4506 quidem
2264 4452 2495 4520 pec-calor
2515 4437 2734 4520 justum,
2763 4439 3004 4520 Dominus
3035 4437 3198 4491 autem
3237 4457 3336 4518 non
3374 4445 3460 4520 tte-

268 4513 478 4578 tuplutn
501 4513 740 4578 accipiet.
773 4508 896 4563 Noli
921 4525 1047 4578 ergo
1064 4509 1292 4562 tentatari
1321 4512 1371 4560 in
1419 4511 1817 4577 indignantibus

270 4590 331 4633 tu
370 4581 590 4648 quilibet
620 4590 672 4632 ut
702 4589 1040 4648 sementuutn
1096 4579 1166 4632 sit
1213 4580 1264 4628 in
1298 4578 1695 4648 benedictione;
1725 4583 1816 4631 Sed

251 4647 451 4718 potius
481 4649 678 4701 declina
717 4665 750 4700 α
778 4647 932 4711 malo,
975 4649 1056 4700 vel
1085 4647 1395 4718 simpliciter
1423 4648 1490 4718 ita
1521 4648 1818 4718 continuari

269 4716 490 4786 potest:
520 4719 648 4784 Quia
669 4718 793 4786 jusn
821 4729 991 4769 tamen
1020 4731 1198 4768 semen
1222 4717 1323 4786 erit
1353 4719 1403 4768 in
1435 4716 1816 4780 benedictione,

267 4785 403 4854 ergo
433 4797 484 4840 tu
516 4785 729 4852 quilibet
747 4786 1056 4839 desiderans
1093 4787 1231 4839 illam
1263 4785 1698 4846 benedictionem,
1730 4786 1822 4839 de-

269 4857 415 4909 clina
441 4857 508 4911 ab
527 4857 669 4911 omni
699 4858 835 4909 malo
863 4863 916 4908 et
946 4856 1025 4908 lac
1055 4857 1246 4908 bunum
1273 4855 1623 4922 quodcunque
1650 4869 1818 4921 potes,

270 4934 328 4980 et
381 4927 480 4980 ltoc
529 4928 642 4980 sine
679 4927 1110 4989 murmuratione,
1169 4926 1369 4976 scilicet
1412 4933 1468 4976 ut
1514 4940 1614 4976 non
1674 4934 1822 4990 putes

269 4996 529 5050 dormtum
562 4997 610 5048 in
640 4996 830 5058 dando,
864 4997 968 5048 in.0
993 4994 1042 5047 ιιι
1073 4995 1342 5046 retinendo
1368 5009 1380 5051 ;
1413 4993 1533 5057 quia
1565 5006 1700 5058 quod
1728 4997 1819 5044 de—

272 5066 429 5128 disti,
477 5081 578 5121 non
611 5065 904 5131 perdidiSIi,
953 5067 1043 5116 sed
1075 5067 1211 5129 quod
1243 5064 1502 5131 isertasti,
1538 5062 1822 5126 perdidisti.

269 5137 504 5188 Attende
547 5130 668 5201 ergo
692 5134 855 5186 De’um
898 5133 1193 5201 dicentem:
1228 5130 1400 5183 Facite
1421 5130 1553 5182 vobis
1582 5131 1824 5195 sacculos,

270 5220 378 5257 non
399 5205 882 5272 contputt'escibiles,
923 5213 969 5255 et
1008 5205 1277 5272 thesauros
1324 5216 1419 5272 non
1467 5201 1746 5272 deﬁcientes
1775 5202 1828 5250 in

271 5268 527 5342 sitimque
549 5274 630 5342 [ur
651 5274 976 5342 nonlaccedit.
997 5271 1059 5323 Et
1081 5272 1300 5323 inhabile
1318 5271 1367 5321 in
1380 5268 1616 5342 siccatum
1637 5273 1827 5322 steculi.

250 5337 604 5409 ‘Quasi'dic'at
629 5360 641 5393 :
668 5345 709 5393 si
738 5340 1086 5399 declinaveris
1109 5357 1134 5392 a
1163 5342 1320 5401 malo,
1347 5349 1398 5392 et
1421 5337 1579 5409 facies
1612 5341 1826 5398 bonum,

276 5406 402 5467 tunc
437 5409 813 5466 inbubitaveris
856 5424 1135 5474 supernam
1168 5410 1523 5462 haereditatctn
1561 5406 1613 5458 in
1662 5421 1829 5459 saecu-

277 5485 386 5537 ιιι...
419 5483 620 5541 saeculi.
655 5482 702 5534 id
733 5488 812 5532 est
844 5481 893 5528 in
924 5489 1197 5530 aeternum.

348 5555 485 5618 Quia
515 5550 758 5603 Dominus
784 5557 921 5618 autat
946 5547 1216 5614 judicium.
1245 5546 1367 5618 ltleo
1389 5546 1508 5618 dico
1537 5545 1648 5596 sine
1683 5558 1828 5618 mur-

271 5615 576 5674 tnuratiotte
615 5635 729 5672 esse
769 5617 1085 5675 faetentium,
1114 5619 1234 5682 quia
1269 5615 1514 5666 Dominus
1559 5625 1692 5662 umat
1732 5615 1828 5680 ju—

268 5694 468 5748 dicium
498 5692 690 5755 facere,
722 5688 769 5743 id
803 5696 903 5752 cat,
932 5685 1150 5753 diligens
1173 5687 1497 5738 examinator
1536 5690 1654 5746 crit,
1692 5683 1827 5749 quod

1919 4509 2153 4575 relinqui
2176 4525 2308 4562 eum.
2345 4510 2521 4561 l’oteSt
2554 4520 2604 4561 et
2630 4512 2781 4561 aliter
2811 4511 2893 4561 bic
2931 4525 3113 4561 versus
3139 4512 3456 4572 continuari,

1921 4588 1976 4629 ut
2003 4582 2140 4628 sicut
2166 4579 2303 4643 quod
2335 4580 2621 4643 pra‘cessit,
2668 4582 2763 4630 fuit
2802 4593 2956 4630 cau~a
2989 4580 3050 4630 ad
3081 4577 3279 4645 justos;
3313 4582 3376 4631 ita
3411 4589 3462 4631 et
3507 4598 3519 4607 -

1921 4646 2056 4698 istud
2086 4660 2240 4698 causa
2273 4649 2339 4698 sit
2369 4648 2433 4698 ad
2482 4648 2723 4714 injustas.
2752 4645 2908 4712 Quasi
2939 4648 3096 4700 dicat.
3144 4649 3323 4700 Merito
3371 4650 3463 4700 in-

1915 4715 2039 4789 justi
2066 4717 2365 4789 ponientur,
2396 4719 2511 4789 quia
2540 4727 2769 4789 peccator
2798 4717 3308 4789 consideratljustunt
3335 4717 3458 4789 insi-

1921 4785 2115 4836 diando
2144 4787 2223 4847 ei;
2254 4797 2301 4837 et
2331 4787 2426 4836 lt0c
2459 4785 2574 4838 ιιθῦ
2599 4786 2716 4852 quia
2744 4794 2920 4851 quaerit
2951 4787 3273 4851 molli/icore,
3300 4787 3347 4836 id
3377 4798 3462 4838 est

1923 4852 2128 4920 penitus
2155 4856 2405 4905 devorare
2434 4868 2566 4912 eum,
2603 4869 2737 4905 nunc
2770 4855 3142 4918 fraudulenter,
3179 4869 3312 4906 nunc
3340 4857 3454 4915 vio-

1925 4927 2109 4974 tenter.
2140 4924 2240 4974 Sed
2266 4936 2380 4987 qua:
2410 4936 2530 4972 cura
2547 4925 2569 4984 ft
2599 4922 2768 4985 Nulla,
2803 4924 3033 4988 inquam,
3065 4938 3131 4988 qtt
3155 4937 3181 4973 a
3214 4921 3458 4975 Dominus

1925 5006 2024 5043 non
2055 4992 2356 5052 derelinquet
2399 5006 2530 5054 eum,
2557 4991 2752 5058 justutu
2800 4995 3018 5049 scilicet,
3064 4993 3160 5043 etsi
3215 4993 3453 5045 traditum

1926 5059 2154 5112 exterius
2182 5059 2234 5123 in
2260 5072 2444 5110 "Ianus
2472 5064 2776 5123 peccatoris.
2794 5062 2918 5112 Nam
2944 5065 3037 5112 etsi
3070 5061 3119 5112 iit
3152 5064 3304 5114 éarnc
3330 5062 3452 5128 justi

1927 5131 2218 5180 dominetur
2266 5128 2528 5190 inimitos,
2574 5134 2718 5195 juxta
2763 5131 2883 5181 illud
2929 5133 3060 5183 beati
3109 5130 3208 5183 Job
3252 5147 3263 5181 :
3305 5130 3462 5182 Terra

1928 5199 2110 5268 tradita
2148 5207 2218 5246 est
2246 5198 2296 5247 in
2342 5212 2519 5268 manus
2550 5207 2883 5262 peccatorum,
2923 5209 3085 5252 tamen
3123 5200 3324 5268 spiritus
3356 5203 3462 5268 ejus

1928 5265 2225 5325 salvabttur,
2278 5281 2376 5315 non
2425 5267 2746 5331 derelinquat,
2797 5269 3026 5335 inquam.
3084 5265 3330 5321 Dominus
3377 5265 3460 5335 jn-

1930 5345 2087 5394 stunt,
2122 5348 2208 5384 nec
2237 5336 2490 5386 damnabit
2529 5351 2660 5394 eum,
2694 5340 2798 5388 imo
2828 5339 3072 5390 exaltabit
3104 5353 3221 5390 eum
3253 5354 3366 5391 cum
3412 5342 3462 5391 in

1935 5405 2106 5455 futuro
2125 5404 2455 5473 judicttbttur,
2493 5404 2538 5456 id
2584 5416 2663 5456 est
2705 5408 2953 5470 judicium
2985 5410 3332 5460 damnationis
3374 5411 3462 5461 lict

1932 5476 1997 5524 de
2023 5474 2178 5537 intth
2209 5474 2305 5533 illi,
2338 5473 2385 5524 id
2430 5483 2508 5524 cst
2539 5477 2600 5524 ad
2635 5479 2883 5525 bontncnt
2923 5475 3071 5541 justi.
3123 5479 3160 5528 Ε
3202 5490 3463 5529 contrarii)

1933 5548 2037 5613 non
2062 5543 2314 5594 damnabit
2351 5544 2596 5613 Uotninns
2620 5543 2841 5613 justum,
2870 5558 3025 5596 ell'dltl
3057 5554 3176 5598 tunc
3198 5548 3464 5613 cumjudi—

1935 5611 2123 5660 cubitat
2154 5613 2203 5662 itt
2236 5612 2476 5675 |tl'(l}b'eltli
2507 5610 2609 5679 illi.
2642 5612 2844 5663 scilicet
2869 5613 3027 5678 impio
3055 5618 3120 5666 de
3144 5616 3245 5679 pio,
3268 5610 3460 5664 ρι’ριιιιι

1937 5682 2039 5733 luet
2075 5695 2168 5747 pro
2199 5687 2457 5734 voluntate
2493 5678 2634 5746 impii
2664 5679 2798 5747 pius.
2829 5684 2956 5736 Mm
2985 5695 3033 5737 et
3063 5689 3106 5738 si
3136 5678 3253 5736 tunc
3284 5684 3460 5736 ritch-
