3912 6230
596 300 659 353 7:)

1008 294 1206 349 BEDE.
1250 292 1687 347 VENERABILIS
1725 292 1868 346 OPi‘.
1917 291 2085 345 PARS

2215 293 2399 345 SECT.
2445 293 2502 343 II.
2546 321 2610 330 —-
2642 292 2837 345 DUBIA
2880 292 2963 345 ΕΤ
3002 292 3266 346 SPUmA.

556 414 643 460 tur
687 403 962 455 damnatus
1006 402 1139 466 pius,
1174 418 1275 453 non
1307 410 1480 453 tamen
1512 416 1634 455 vere
1676 411 1755 454 est
1790 402 2082 462 damnatus,
2117 412 2160 460 Α

556 476 677 541 quia
707 472 747 521 si
792 472 977 534 aet-ipit
1003 473 1067 523 ab
1099 471 1539 541 iiileriorepjudiCe
1571 473 1919 541 sententiam,
1949 473 2083 523 acci-

559 538 664 607 piet
691 553 720 591 a
748 542 1000 604 superiori
1042 555 1309 590 eoi-onum.
1346 539 1466 589 Ideo
1496 538 1598 589 noli
1626 538 1852 589 tenttilari
1889 540 1939 589 in
1979 554 2087 589 ma-

557 609 894 677 lignantibus,
951 607 1040 660 sed
1087 609 1254 671 potius
1303 618 1531 669 exspecta
1576 607 1863 677 Dominum,
1922 616 1966 677 et
2004 622 2090 677 cu-

556 675 686 728 stodi
726 677 828 727 vias
866 676 993 741 ejus.
1024 677 1197 727 Potest
1234 677 1307 726 sic.
1348 690 1551 740 quoque
1579 676 1899 727 continuatio
1926 675 2035 727 ﬁeri
2071 691 2085 727 :

559 745 697 805 Dixi,
746 744 987 794 Dominus
1019 760 1118 793 non
1149 745 1448 810 dere/inque!
1481 744 1692 809 justum,
1741 744 1828 793 sed
1873 742 2090 794 salvabit

556 828 697 865 enin.
746 812 887 863 lianc
934 821 1102 863 autem
1151 815 1484 862 Szilvalittttt’ltl
1536 822 1585 860 tu
1632 813 1843 875 quilibet
1878 813 1925 861 in
1953 826 2088 875 pne-

560 886 692 935 senti
726 897 788 931 tie
817 891 1045 944 appetas,
1071 884 1312 944 quoniam
1342 882 1509 929 adluit:
1540 889 1743 943 tempus
1767 891 1843 929 est
1876 882 2086 937 laboris,

560 951 790 1001 nendum
820 948 1069 1000 mercedis
1098 966 1111 999 :
1136 959 1186 999 et
1228 950 1343 1000 ideo
1384 952 1637 1012 patienter
1666 958 1892 1014 exspecta
1925 946 2090 998 Domi-

560 1034 680 1067 num
731 1017 938 1067 tandem
969 1018 1332 1077 exhibitoretn,
1371 1031 1521 1082 quem
1565 1016 1670 1082 jam
1719 1028 1860 1067 tenes
1890 1016 2089 1067 debito-

560 1101 697 1136 rem.
734 1085 795 1134 Et
821 1099 883 1136 oe
912 1095 1189 1145 exsiiectes
1228 1088 1462 1135 mttnllllh‘
1492 1084 1757 1134 dissolutis
1787 1094 1839 1135 et
1872 1086 2089 1148 genibus

562 1154 860 1213 debilitatis,
893 1153 983 1203 sed
1013 1154 1253 1204 custodiri
1278 1154 1408 1203 viam
1433 1154 1561 1212 eius,
1592 1154 1638 1203 id
1680 1164 1755 1203 εει
1803 1167 1957 1217 opina
2006 1154 2087 1205 vel

566 1230 818 1287 pimcepta
849 1220 962 1287 ejus
992 1239 1002 1270 :
1035 1232 1078 1271 et
1104 1224 1177 1272 sic
1206 1222 1312 1285 ip~e
1354 1223 1569 1273 veniens
1611 1219 1847 1272 exaltabit
1894 1230 1940 1271 te
1984 1237 2086 1274 non

560 1292 729 1356 aliqua
759 1290 1029 1353 tetupoiali
1059 1288 1325 1353 dignitate,
1367 1290 1457 1341 si-d
1502 1291 1567 1339 ita
1612 1299 1663 1339 ut
1710 1301 1759 1339 tu
1790 1290 1956 1351 copias
1998 1300 2089 1340 ter-

564 1374 675 1410 ram
718 1357 993 1409 viventium
1042 1360 1337 1419 luereditati,
1388 1358 1436 1408 id
1485 1366 1565 1408 est
1616 1358 1678 1407 ad
1736 1359 2086 1409 hccreduatem

564 1440 831 1486 mtertiam,
863 1438 913 1476 et
943 1427 1071 1478 hanc
1100 1436 1287 1478 terram
1321 1426 1519 1477 videbis
1549 1434 1623 1484 tu,
1662 1434 1782 1476 tunc
1829 1440 1944 1477 cum
1994 1441 2087 1490 pe-

562 1494 745 1547 rierint
794 1506 1113 1558 peceatores.
1161 1495 1285 1544 Nam
1332 1493 1431 1545 illis
1476 1494 1626 1560 longe
1653 1494 1834 1559 positis
1869 1496 1931 1545 ad
1962 1496 2088 1546 sini-

560 1574 743 1621 strani,
769 1567 871 1614 eris
901 1573 951 1612 tti
977 1576 1091 1612 cum
1123 1562 1493 1625 eaeterisjustis
1519 1566 1581 1612 ad
1611 1564 1874 1613 ili-sterant
1905 1566 2088 1628 quibus

561 1632 759 1683 dicetur
800 1648 810 1680 :
858 1630 1042 1689 Venite,
1077 1630 1313 1689 benedicti
1346 1630 1512 1681 Patris
1554 1634 1685 1692 mei;
1726 1631 1825 1682 illis
1865 1641 2035 1683 autem
2074 1648 2084 1682 :

564 1699 661 1761 Ite,
692 1700 959 1757 maledicti,
990 1710 1091 1750 etc.

651 1768 761 1818 Vidi
792 1770 1017 1830 impium.
1052 1768 1179 1819 Vere
1210 1776 1507 1834 peccatores
1538 1768 1796 1833 peribunt,
1837 1767 1953 1833 quia
1985 1782 2083 1836 ego

557 1836 669 1903 jam
700 1836 912 1904 prieVidi
942 1836 1202 1887 inti-ritum
1230 1851 1428 1889 eorum.
1459 1837 1584 1889 Nam
1612 1838 1755 1904 quasi
1782 1837 1919 1887 dicat
1951 1852 1965 1887 ε
2000 1837 2081 1887 Ιη-

566 1905 718 1956 tioivi
746 1903 853 1970 jam
882 1916 1054 1956 mente
1081 1907 1129 1955 iu
1159 1906 1505 1957 Sani-tumtum
1540 1903 1648 1967 Dei,
1689 1914 1741 1956 et
1766 1904 2088 1957 considerari

564 1989 743 2026 eorum
772 1973 1075 2023 novissima.
1099 1974 1243 2035 Quod
1274 1973 1350 2024 sic
1373 1982 1449 2024 est
1472 1974 1521 2023 iii
1553 1974 1713 2024 libro:
1742 1972 1871 2035 Vidi,
1905 1973 1954 2025 id
1987 1984 2086 2039 est,

563 2042 887 2094 consideravi
917 2040 1121 2107 impium
1166 2041 1215 2091 in
1248 2040 1345 2093 hoc
1374 2041 1588 2103 mundo,
1638 2048 1689 2092 et
1718 2058 1866 2104 super
1895 2044 2089 2107 multos

560 2112 833 2162 exaltatum
864 2118 916 2159 et
941 2110 1096 2160 etiam
1145 2110 1381 2160 eleuatum
1408 2111 1533 2161 sicut
1577 2112 1749 2161 cedros
1789 2108 1988 2173 Libani,
2037 2110 2090 2163 id

563 2186 644 2231 est
666 2178 727 2228 ad
760 2177 965 2227 modum
999 2177 1359 2229 subliuiiorum
1391 2179 1438 2228 in
1468 2178 1607 2229 omni
1638 2180 1795 2242 gloria
1828 2180 2087 2240 saeculari,

564 2246 652 2312 qui
674 2245 1024 2312 sign’licantur
1047 2260 1136 2309 per
1156 2248 1340 2298 eedros
1365 2246 1564 2297 Libani.
1585 2244 1647 2295 Et
1673 2247 1771 2297 hoc
1802 2248 1909 2298 viso
1930 2256 2089 2298 trans-

563 2317 626 2365 ivi
670 2314 780 2381 ha-e
817 2314 1114 2378 temporalia
1172 2323 1367 2377 mente,
1414 2325 1466 2367 ut
1513 2315 1738 2367 viderem
1770 2316 1883 2381 ejus
1912 2315 2089 2368 novis-

566 2386 715 2433 sima.
745 2380 806 2432 Et
835 2398 941 2433 ecce
966 2399 1061 2432 non
1084 2392 1187 2433 erat
1213 2383 1423 2447 impius,
1455 2398 1558 2435 non
1584 2384 1718 2449 quod
1750 2380 1963 2448 prorsus
1986 2400 2089 2436 non

568 2461 726 2512 esset,
771 2452 859 2501 sed
888 2452 1005 2516 quia
1050 2462 1161 2501 erat
1207 2452 1353 2515 quasi
1406 2466 1509 2502 non
1556 2461 1686 2502 erat.
1722 2452 1783 2501 ιιι
1831 2451 1944 2502 ideo
1975 2454 2092 2503 dico

566 2534 671 2571 non
718 2526 852 2582 erat,
907 2520 1024 2583 quia
1080 2521 1247 2570 locum
1292 2520 1487 2569 nullum
1534 2520 1774 2569 habebat.
1818 2520 1945 2571 Nam
1997 2533 2093 2585 ego

562 2590 760 2655 qua'sivi
809 2602 944 2646 eum,
986 2598 1149 2637 etnon
1197 2598 1265 2637 est
1313 2588 1535 2638 inretitus
1583 2589 1718 2638 locus
1762 2590 1887 2654 ejus,
1936 2588 1984 2640 id
2014 2596 2093 2640 est

564 2671 686 2709 usus
714 2657 901 2721 aliquis
928 2656 1058 2720 ejus.
1090 2657 1222 2721 lirgo
1253 2657 1352 2706 noli
1382 2657 1633 2718 a’ntttlari,
1663 2655 1754 2707 sed
1784 2657 1978 2707 custodi
2009 2658 2090 2706 in-

565 2728 861 2776 iurentiani.
916 2724 1000 2774 Vel
1054 2728 1121 2773 ita
1170 2726 1339 2789 potest
1382 2725 1687 2787 SIIIIpIitIIt‘l‘
1731 2725 2020 2775 continuari
2076 2737 2088 2773 :

565 2794 695 2857 Quia
728 2794 913 2856 impius
944 2792 992 2840 in
1028 2796 1197 2842 luturo
1230 2805 1331 2841 non
1363 2791 1571 2842 habt-hit
1600 2796 1792 2853 locum,
1837 2806 1983 2857 ergo,
2039 2800 2093 2842 ut

565 2863 734 2913 locum
770 2862 979 2922 habeas,
1012 2861 1204 2910 ειιειοιίὶ
1227 2860 1573 2918 innocentiam,
1607 2860 1657 2911 id
1687 2868 1768 2911 est
1796 2874 1857 2911 ne
1900 2859 2089 2926 iapias,

568 2946 631 2979 ne
657 2929 844 2995 injuste
874 2946 993 2993 ngas
1026 2939 1079 2979 ut
1106 2930 1343 2995 aequis-as
1371 2928 1661 2993 pecuniam,
1696 2939 1748 2980 ut
1779 2931 1986 2979 amittas
2011 2928 2090 2978 in-

568 2998 894 3059 iioceutiaui;
920 2996 1023 3047 imo
1054 2998 1239 3063 perdas
1274 2997 1561 3063 pecuniam,
1593 3006 1647 3047 ut
1675 2998 1911 3063 acquiras
1944 2999 2090 3047 inuo-

565 3070 807 3117 ceotiain.
841 3064 902 3117 Et
931 3059 1374 3131 vide—(equitatem,
1410 3066 1457 3116 id
1487 3059 1565 3117 εει
1594 3065 1717 3116 illud
1747 3059 1883 3131 quod
1918 3064 2095 3115 videre

570 3136 636 3185 de
667 3145 716 3185 te
742 3148 945 3198 mqttuin
970 3143 1067 3192 est,
1094 3132 1143 3183 id
1171 3142 1253 3185 est
1283 3134 1509 3197 intellige
1541 3142 1589 3184 te
1621 3132 1868 3200 quidquid
1901 3132 2097 3198 pateris

562 3204 701 3269 justc
735 3204 873 3269 pati;
907 3204 982 3253 vel
1011 3202 1118 3252 inde
1143 3203 1438 3270 (equitatem,
1470 3202 1671 3256 sciliut
1701 3202 1933 3268 intellige
1961 3214 2097 3252 none

568 3271 907 3323 labOiandotn
955 3273 1003 3321 in
1047 3274 1217 3335 vinea,
1268 3285 1321 3323 ot
1354 3286 1554 3323 lllCl'tCS
1600 3273 1883 3338 accipiatur
1916 3274 1963 3321 in
2008 3286 2096 3319 ve-

565 3355 736 3407 spera.
777 3340 889 3391 Non
917 3341 1047 3391 enim
1093 3342 1427 3401 coronabi.ur,
1463 3342 1558 3391 nisi
1585 3343 1667 3406 qui
1700 3341 1913 3405 legitime
1942 3347 2097 3389 certa-

566 3411 707 3459 i'erit.
742 3414 799 3459 Iit
820 3409 979 3461 debes
1006 3412 1270 3461 Cttstodire
1297 3417 1349 3461 et
1376 3409 1569 3474 videre,
1597 3411 1711 3474 quia
1742 3408 1931 3457 homini
1953 3409 2101 3469 paci-

568 3478 681 3541 ﬁca,
717 3477 765 3529 id
795 3486 875 3530 est
904 3495 1002 3529 non
1035 3478 1398 3536 murmuranti,
1442 3476 1533 3528 sed
1582 3477 1901 3528 custodienti
1942 3475 2094 3525 inno-

566 3550 787 3597 Ct-niiaui
819 3556 871 3597 et
901 3546 1095 3598 videnti
1126 3548 1446 3610 aequitatem,
1492 3556 1605 3595 sunt
1654 3548 1893 3609 rcltqtttw,
1942 3544 1987 3593 id
2019 3552 2101 3595 est.

566 3616 735 3664 l'utura
760 3625 810 3665 et
839 3616 1148 3680 posteriora.
1177 3616 1237 3663 Li
1260 3613 1299 3663 si
1329 3616 1565 3665 videntur
1591 3614 1734 3664 arida
1757 3628 1872 3664 esse
1902 3610 2096 3678 priora,

570 3685 777 3748 pinguia
810 3695 959 3733 etum
995 3683 1041 3733 ei
1076 3683 1381 3746 posteriora.

643 3751 830 3815 lnjusli
860 3764 1042 3801 autem.
1078 3750 1206 3801 Vere
1240 3751 1410 3800 nullus
1440 3748 1583 3803 locus
1623 3750 1723 3801 erit
1768 3749 1947 3816 impio,
1981 3750 2097 3815 quia

571 3819 745 3886 injusti
788 3818 1112 3885 disperibunt,
1147 3819 1195 3868 id
1235 3827 1315 3870 εει
1358 3820 1506 3870 valde
1536 3823 1794 3886 peribunt.
1829 3820 2013 3880 Simul,
2050 3819 2097 3870 id

572 3898 651 3939 est
672 3898 723 3937 et
758 3888 1050 3953 incorpore
1078 3896 1130 3938 et
1156 3886 1205 3936 in
1231 3890 1421 3939 anima.
1455 3889 1515 3937 Et
1547 3890 1660 3939 ideo
1692 3890 1952 3952 peribunt,
1978 3890 2096 3952 quia

572 3957 792 4020 reliquiaz
820 3958 1107 4020 impiorum,
1156 3955 1203 4005 id
1252 3965 1330 4006 est.
1370 3960 1654 4020 posteriora
1702 3957 1929 4019 ipsorum
1963 3956 2097 4021 inju-

574 4033 793 4085 storuin,
846 4040 945 4074 non
978 4025 1093 4077 die.»
1126 4038 1227 4075 non
1258 4032 1429 4087 erunt,
1480 4024 1571 4076 sed
1601 4026 1886 4080 interibunt,
1937 4026 1985 4074 id
2018 4032 2098 4075 est

574 4100 727 4141 erunt
756 4093 900 4156 quasi
929 4108 1029 4144 neu
1056 4094 1190 4155 sint;
1224 4094 1341 4157 quia
1366 4101 1821 4160 quantumcunque
1851 4092 1955 4143 sint
1983 4094 2097 4159 pin-

579 4160 696 4223 guia
727 4174 903 4209 eorum
935 4164 1124 4227 priora,
1160 4163 1305 4213 \alde
1337 4168 1506 4213 tamen
1545 4170 1687 4214 arida
1732 4170 1884 4215 erunt
1912 4175 2096 4213 eorum

574 4240 881 4296 posteriora.

654 4296 804 4346 Salus
847 4304 1009 4347 autem
1042 4300 1311 4366 justorunt.
1360 4297 1548 4367 lnjusti
1593 4298 1797 4363 quidem
1850 4299 2092 4361 peribunt,

571 4364 699 4444 justi
744 4376 912 4444 autem
946 4364 1055 4442 non
1089 4366 1345 4444 petilium,
1388 4364 1505 4444 quia
1545 4371 1676 4418 salus
1723 4368 2097 4444 continuaerit

575 4434 725 4501 jnstis
750 4450 778 4483 a
812 4435 1041 4485 Domino.
1075 4436 1221 4498 Quod
1252 4451 1278 4485 a
1306 4450 1386 4502 pa:
1406 4438 1536 4485 tibus
1566 4451 1639 4485 sn:
1670 4441 1872 4497 probat,
1898 4435 2015 4498 quia
2047 4446 2100 4487 et

580 4515 795 4569 tempore
816 4505 1162 4566 tribulationis,
1197 4503 1245 4554 id
1274 4514 1351 4553 est
1380 4504 1617 4567 prasenti
1652 4504 1773 4560 vita,
1804 4518 1918 4567 qua:
1948 4505 2099 4567 plena

578 4580 660 4627 est
688 4572 933 4637 angusms
960 4582 1011 4623 et
1060 4573 1494 4633 tribulationibus,
1546 4573 1644 4621 erit
1687 4570 1932 4620 Dominus
1980 4588 2105 4634 pro-

583 4651 731 4692 teCtor
760 4657 946 4699 eorum,
982 4640 1028 4690 id
1075 4650 1152 4691 est
1193 4642 1469 4705 justoruin,
1515 4656 1629 4704 qnia
1662 4642 1755 4691 erit
1788 4656 1861 4689 eis
1890 4642 2105 4705 clypeos

582 4720 760 4759 contra
811 4710 954 4775 ignea
1000 4709 1096 4757 tela
1146 4712 1466 4772 llBtlllIS>Il|Ih
1521 4709 1579 4757 Et
1628 4709 1877 4772 adjuvuln't
1921 4723 2003 4757 eos
2052 4722 2101 4757 in

585 4774 900 4839 perlicietido
934 4778 1222 4837 bonorum;
1278 4786 1320 4826 et
1364 4774 1585 4826 liberabit
1642 4793 1721 4824 eos
1769 4778 1833 4825 ab
1884 4775 2102 4838 impedi-

588 4858 782 4906 ιιιειιιιυ,
813 4860 875 4894 ite
902 4846 1165 4904 delietaiit,
1216 4854 1267 4896 et
1296 4849 1362 4895 ita
1395 4842 1648 4902 liberabit,
1676 4845 1811 4905 quod
1852 4850 1986 4892 eruet
2027 4856 2105 4891 eos

587 4927 618 4959 a
646 4914 974 4973 peccatoribus
1010 4922 1232 4978 penitus,
1266 4916 1312 4964 id
1344 4924 1422 4966 est
1470 4914 1533 4963 ab
1576 4915 1715 4963 omni
1765 4914 2109 4977 perplexitate

590 4988 643 5029 et
669 4980 1079 5033 conformatione
1103 4997 1212 5048 peei
1232 4996 1455 5043 aiorum,
1483 4991 1533 5032 et
1564 4986 1638 5033 sic
1672 4983 1875 5031 tandem
1901 4979 2108 5031 salvabit

550 5096 554 5101 ,
589 5060 669 5096 eos
697 5060 817 5097 vera
846 5060 895 5096 et
923 5058 1111 5101 ait-terna
1144 5050 1462 5112 salvatione;
1496 5060 1543 5101 et
1577 5051 1674 5102 hoc
1705 5050 1821 5100 ideo
1848 5052 1965 5115 quia
1990 5062 2106 5112 spe-

588 5125 813 5186 raverant
843 5117 890 5165 in
920 5132 996 5178 eo,
1031 5122 1076 5167 id
1108 5130 1206 5180 est,
1252 5120 1366 5186 quia
1398 5122 1489 5184 ipsi
1524 5133 1625 5169 non
1657 5124 2107 5169 niiirmuraverunt

2123 3039 2165 3099 C

3649 296 3745 346 68G

2782 420 2910 456 ΕΧΡΙ,
2921 422 2943 455 Α
2953 420 3125 457 κλτιο.

2262 490 2486 542 Direntlo
2530 493 2577 543 in
2600 496 3128 554 commrmorationem,
3162 494 3253 544 ltac
3278 494 3419 555 nobis
3450 495 3627 544 titulus
3657 497 3746 548 iste

2189 561 2504 623 pronuntiat,
2539 574 2587 611 ut
2609 563 2725 627 quia
2770 573 3026 628 peccatum
3066 562 3367 612 omnimodis
3394 562 3561 626 effuge
3593 582 3620 613 c
3646 581 3735 613 nos.

2186 630 2425 689 valemus,
2454 641 2580 681 cerfe
2608 640 2661 679 ut
2683 631 2741 679 ab
2771 634 2880 696 ejus
2908 634 3184 695 Iri-quentia
3214 640 3568 681 temneremus.
3606 649 3735 682 sem-

2189 712 2277 759 per
2297 696 2390 746 ltoc
2413 708 2526 747 ante
2553 699 2721 748 oculos
2746 703 2920 749 utentis
2951 700 3233 762 habeamus,
3261 712 3313 749 ut
3342 701 3465 749 alibi
3488 701 3608 751 dtrit
3637 714 3653 749 :
3678 701 3741 751 Et

2188 765 2423 833 delictum
2458 781 2617 815 meum
2648 783 2817 816 coram
2849 784 2922 817 me
2948 777 3020 817 cst
3062 784 3272 833 semper.
3307 769 3456 829 Quod
3481 776 3649 818 autem
3681 780 3740 820 «te

2190 831 2412 884 Sabbato
2439 836 2717 901 exponitur,
2747 836 2863 902 quia
2892 838 3127 900 paenitens
3152 831 3322 901 quilib.
3343 848 3359 886 t
3382 840 3511 885 inter
3530 852 3735 888 suarum

2186 902 2393 951 vulnera
2420 914 2731 965 peccatorum
2762 914 2958 955 a'terntc
2977 921 3164 969 semper
3185 906 3362 970 quietis
3386 906 3530 955 debet
3557 906 3737 959 habere

2188 972 2498 1020 memoriam.
2527 971 2746 1035 Quidam
2776 976 2907 1022 hunc
2931 977 3176 1039 psalmum
3202 974 3269 1022 ad
3296 976 3426 1023 beati
3455 972 3553 1023 Job
3582 977 3736 1025 histo-

2187 1040 2315 1107 riam
2345 1048 2535 1104 aptant,
2561 1041 2647 1091 sed
2680 1039 2983 1107 Hieronymo
3012 1042 3204 1092 videtur
3244 1042 3393 1091 illum
3415 1057 3478 1091 ex
3499 1045 3735 1107 peniten-

2189 1106 2252 1155 tis
2282 1108 2526 1176 alicujus,
2560 1108 2635 1158 vel
2665 1106 2952 1175 mysticeex
2981 1107 3181 1160 Domini
3214 1106 3505 1161 Saluatoris
3526 1128 3736 1176 persona

2189 1175 2433 1238 passionis
2467 1184 2681 1238 tempore
2730 1189 3001 1228 cantatum.
3039 1176 3265 1228 I’salmus
3312 1179 3408 1229 iste
3457 1175 3733 1243 pdnitentts

2185 1246 2505 1305 quadt'iIaria
2528 1246 2842 1296 distinctione
2867 1246 3125 1296 diuiditur.
3161 1244 3221 1296 In
3243 1248 3431 1307 prima,
3459 1250 3732 1298 miseriter.

2188 1312 2325 1361 dium
2351 1323 2505 1363 movet
2533 1313 2732 1381 benigni
2773 1313 2966 1363 Judicis
2998 1314 3094 1364 t-ila
3119 1317 3344 1379 poenalis.
3382 1314 3447 1365 In
3499 1320 3733 1379 secunde,

2187 1397 2330 1429 suum
2355 1392 2400 1430 et
2432 1397 2607 1447 emptis
2638 1382 2828 1433 verbere
2848 1386 3091 1433 sulcatum
3124 1393 3166 1433 et
3194 1386 3417 1433 animam
3448 1386 3568 1434 dicit
3606 1387 3730 1437 ami-

2187 1450 2768 1513 Corumerprobrutione
2803 1453 3098 1503 sauciatam.
3150 1450 3209 1502 In
3262 1454 3434 1512 tt‘rtia,
3493 1455 3731 1505 medicin

2187 1518 2425 1586 salutaris
2474 1520 2788 1582 adiungitur,
2846 1536 2960 1570 cum
2997 1529 3147 1569 totam
3189 1522 3318 1571 inter
3346 1524 3560 1572 adversa
3604 1539 3730 1586 span

2196 1585 2413 1636 Domino
2458 1603 2509 1637 se
2559 1590 2857 1638 commisisse
2901 1598 3109 1639 testatur
3144 1631 3157 1650 ,
3212 1604 3552 1655 paratumque
3597 1585 3730 1642 seu

2190 1656 2395 1719 ﬂagella
2424 1665 2467 1706 et
2488 1656 2595 1713 plus
2626 1658 2798 1707 mereri
2818 1674 2964 1723 quam
2994 1662 3180 1719 patitur
3205 1662 3407 1710 astruit.
3444 1658 3505 1709 In
3537 1673 3728 1722 quarta,

2119 1724 2161 1779 Β
2195 1725 2425 1783 periculis
2449 1724 2674 1775 omnibus
2702 1736 2951 1792 exemptus
2981 1728 3161 1776 salutis
3182 1742 3285 1778 sua:
3326 1728 3490 1779 Deum
3536 1729 3731 1795 pro/ite-

2190 1803 2269 1841 tttr
2298 1800 2570 1844 auctorem.

2746 1896 3160 1935 CHMIIBNTARIUS.

2262 1965 2486 2027 Domine,
2514 1983 2573 2018 ne
2602 1968 2651 2018 in
2673 1970 2837 2029 furore
2856 1980 2957 2020 tuo.
2977 1971 3178 2021 Titulus
3208 1971 3328 2023 talis
3344 1978 3427 2023 est
3454 1984 3472 2019 :
3507 1968 3726 2023 Psalmus

2190 2036 2281 2103 ipsi
2323 2034 2487 2086 David
2527 2040 2575 2086 in
2602 2039 2941 2089 recordatione
2967 2040 3190 2090 Subbati.
3232 2040 3523 2093 Sablniintn
3553 2052 3631 2091 est
3654 2056 3726 2091 re-

2192 2104 2361 2169 quies,
2391 2114 2442 2155 et
2480 2108 2732 2167 athIptltIl'
2762 2109 2877 2157 ideo
2926 2122 3019 2171 pro
3048 2107 3247 2173 requie,
3292 2123 3412 2173 quia
3447 2109 3726 2160 Sabbttnin

2193 2173 2384 2241 dit-itur
2430 2174 2638 2236 quando
2688 2188 2781 2223 nos
2836 2189 2863 2224 a
2914 2177 3091 2227 labore
3126 2180 3387 2241 corporali
3438 2191 3724 2229 cessamus.

2193 2240 2460 2305 Signiﬁcat
2504 2251 2678 2293 autem
2714 2245 2822 2311 haec
2870 2254 3043 2295 nostra
3096 2240 3301 2311 requies
3353 2246 3498 2295 illam
3560 2260 3725 2297 Veram

2195 2310 2425 2378 ieqitient
2456 2325 2609 2373 quam
2642 2324 2736 2361 nos
2763 2310 2811 2361 in
2845 2313 3013 2375 primo
3035 2315 3199 2364 Adam
3227 2313 3531 2371 habuimus,
3562 2323 3617 2365 et
3648 2329 3726 2378 per

2201 2376 2367 2441 ipsum
2411 2380 2697 2439 amisimus,
2725 2390 2777 2430 et
2803 2394 2955 2444 quam
3007 2397 3096 2445 per
3123 2382 3413 2433 secundum
3446 2376 3657 2443 Adam;
3683 2383 3724 2433 id

2192 2454 2293 2505 est,
2330 2445 2617 2510 Christum,
2670 2462 2980 2511 recepimus,
3027 2449 3070 2499 si
3124 2451 3351 2499 nondum
3410 2465 3491 2508 re,
3544 2456 3723 2503 saltem

2192 2527 2300 2585 spe.
2330 2514 2431 2578 Spe
2453 2515 2727 2564 enimsalvi
2765 2517 2881 2575 [acti
2923 2533 3109 2581 sumus,
3154 2528 3489 2585 exspectantes
3537 2521 3722 2570 redea-

2194 2582 2411 2645 ptioneni
2438 2585 2660 2646 corporis
2688 2586 2859 2635 nostri.
2894 2585 3054 2649 Ilujus
3083 2582 3255 2651 itaque
3283 2588 3523 2647 Sabbati,
3555 2590 3603 2638 id
3627 2598 3719 2646 est,

2195 2652 2469 2714 requietis,
2501 2654 2805 2703 recordatur
2826 2655 3031 2718 quidam
3056 2655 3241 2706 dolens
3272 2666 3323 2707 et
3350 2656 3532 2720 lugetis
3554 2662 3603 2705 iti
3636 2664 3724 2708 hoc

2196 2719 2417 2786 psalmo,
2451 2732 2601 2784 quem
2639 2720 2820 2771 titulus
2872 2731 3021 2772 vocnt
3053 2736 3153 2773 non
3200 2719 3510 2786 simpliciter
3551 2724 3721 2781 David.

2193 2786 2292 2857 sed,
2329 2784 2498 2857 ipsum
2554 2786 2735 2857 David.
2781 2790 2927 2852 Quod
2982 2790 3097 2841 ideo
3149 2801 3249 2851 est,
3296 2784 3416 2853 quia
3476 2807 3721 2857 nusquam

2193 2855 2417 2923 legimus
2441 2855 2646 2906 beatum
2682 2856 2840 2908 David
2880 2860 3179 2923 prophetam
3212 2862 3544 2911 recordatum
3576 2855 3724 2914 luisse

2194 2922 2406 2995 §abbati
2452 2926 2735 2995 secundum
2787 2928 3205 2979 observatioiiem
3258 2926 3582 2991 Judmurum,
3639 2933 3720 2995 qui

2195 2991 2478 3061 sabbatum
2528 2993 2893 3053 observabant,
2926 3011 3042 3061 quia
3073 3012 3173 3046 non
3206 2999 3611 3057 recordanduni,
3635 2991 3720 3050 sed

2198 3059 2577 3130 observandum
2608 3072 2737 3124 erat,
2768 3064 2904 3130 quod
2935 3059 3066 3116 inter
3096 3074 3293 3128 septem
3324 3064 3441 3116 dies
3490 3081 3721 3118 necessa-

2199 3128 2277 3199 rio
2304 3130 2560 3180 veniebat.
2598 3131 2760 3199 Nemo
2786 3128 2923 3182 enim
2974 3136 3296 3195 rt-ciirdatur,
3344 3135 3444 3184 nisi
3492 3138 3626 3199 quod
3676 3138 3721 3187 ir.

2199 3195 2433 3248 absentia
2458 3208 2555 3249 est.
2606 3198 2740 3262 Quid
2794 3215 2917 3263 ergo
2964 3201 3059 3252 sibi
3122 3204 3232 3251 volt
3271 3203 3381 3251 lia-c
3433 3195 3715 3255 recordata:

2198 3266 2430 3323 Sabbati,
2462 3280 2578 3332 quin
2606 3282 2721 3317 cum
2753 3276 2894 3319 tanto
2936 3268 3137 3324 dolore,
3157 3283 3272 3320 cum
3305 3278 3450 3321 tanto
3480 3285 3718 3329 maerore.

2199 3336 2737 3405 cuuttanto‘getnitu,
2792 3352 2907 3387 cum
2944 3344 3087 3389 tanto
3133 3340 3253 3389 Iletu
3306 3340 3406 3389 Iit?
3452 3341 3553 3390 Aut
3604 3346 3723 3405 qtnd

2200 3402 2409 3473 prodeSi
2438 3403 2459 3451 ἲ
2502 3403 2735 3473 Multum,
2773 3406 3001 3470 ittqttattt,
3033 3408 3154 3472 quia
3184 3405 3307 3457 felix
3353 3418 3456 3467 est,
3489 3402 3720 3473 quisquis

2198 3470 2275 3542 sic
2304 3472 2460 3521 miser
2481 3482 2581 3523 est.
2612 3472 2831 3542 Undeet
2868 3470 3112 3524 Dominus
3142 3474 3194 3525 in
3237 3470 3521 3537 Evangelia
3567 3470 3723 3542 quos-

2199 3537 2316 3589 dam
2346 3551 2611 3609 gementes
2661 3548 2714 3591 et
2742 3541 2925 3593 ﬂentes
2968 3544 3145 3593 beatos
3175 3552 3345 3593 vocat.
3393 3537 3723 3609 Accipiatuus

2198 3616 2404 3673 ergoet
2453 3608 2532 3659 hic
2579 3610 2731 3660 talem
2786 3612 3069 3661 Sabbaium
3118 3608 3723 3673 recordantem,’nesrio

2199 3689 2354 3741 quem
2384 3677 2661 3739 lugentem,
2688 3687 2739 3728 et
2768 3680 2961 3729 utinam
2995 3692 3089 3730 nos
3114 3680 3305 3731 simus!
3340 3684 3430 3730 list
3459 3686 3599 3732 enim
3642 3684 3722 3734 hic

2199 3745 2405 3807 quidam
2429 3746 2630 3807 dolens,
2662 3746 2861 3811 lugens,
2886 3748 3167 3797 Sabbatom
3192 3747 3494 3799 recordans.
3521 3749 3721 3802 Sabbs.

2200 3822 2307 3864 ttiiii
2341 3828 2558 3877 namque
2585 3822 2664 3863 est
2692 3815 2913 3880 requies.
2944 3815 3007 3865 Et
3034 3816 3148 3865 sine
3190 3816 3351 3866 dubio
3394 3819 3447 3866 in
3495 3820 3719 3880 quadam

2202 3883 2555 3952 inquietudine.
2576 3892 2709 3943 erat,
2741 3884 2825 3949 qui
2848 3885 3127 3935 Satibatuin
3150 3884 3224 3933 sic
3249 3888 3574 3936 recordatur.
3612 3889 3721 3952 Ipse

2201 3951 2374 4017 itaque
2434 3951 2843 4015 inquietudinem
2891 3967 3045 4015 quam
3099 3954 3391 4017 patiebatur
3420 3951 3642 4015 narrat,
3673 3969 3722 4005 et

2202 4018 2319 4090 Deo»
2338 4026 2667 4090 commendat
2696 4031 2879 4070 timens
2936 4023 3113 4071 nescio
3162 4022 3285 4086 quid
3316 4036 3527 4090 gravius
3572 4027 3721 4087 quam

2201 4088 2323 4139 illud
2353 4098 2460 4136 i-rat
2492 4088 2540 4137 in
2573 4104 2676 4151 quo
2705 4099 2836 4141 erat.
2864 4090 3007 4152 Quod
3038 4091 3175 4140 enim
3205 4090 3253 4140 in
3285 4088 3423 4140 malo
3453 4092 3519 4141 sit
3545 4103 3723 4155 aperta

2198 4159 2346 4218 dicit,
2377 4170 2469 4207 nec
2499 4171 2630 4222 opus
2682 4168 2761 4208 est
2798 4157 3099 4223 interprete,
3142 4168 3231 4208 aut
3272 4158 3587 4223 suspitione.
3638 4172 3725 4211 aut

2197 4227 2512 4290 conjectura.
2566 4226 2615 4273 In
2638 4241 2740 4290 quo
2770 4236 2943 4276 autem
2976 4235 3110 4278 malo
3138 4230 3224 4289 sit,
3273 4241 3341 4279 ex
3391 4231 3563 4277 Verbis
3610 4234 3723 4294 ejus

2200 4309 2299 4344 non
2331 4296 2622 4354 dubitatur;
2655 4308 2749 4345 nec
2771 4310 2900 4359 opus
2930 4304 3009 4344 est
3053 4303 3110 4345 ut
3163 4297 3505 4360 iuquiramus,
3534 4300 3624 4345 sed
3670 4308 3721 4348 ut

2124 4352 2173 4413 β
2201 4364 2336 4425 quod
2367 4362 2491 4411 diett
2524 4352 2890 4427 intelligamus.
2925 4364 2987 4414 I'Jt
3020 4377 3140 4414 vere
3170 4352 3264 4413 nisi
3286 4352 3502 4427 gravius
3531 4370 3721 4418 malum

588 5184 652 5235 de
683 5183 925 5235 lelicitate
956 5189 1230 5248 malorum,
1263 5183 1316 5240 et
1356 5183 1645 5238 maluerunt
1674 5188 1808 5251 apud
1836 5186 2107 5237 Domitium
2134 5224 2137 5225 ν

590 5266 706 5305 esse
736 5269 783 5305 tti
815 5269 905 5320 spe
930 5270 1082 5320 quam
1115 5272 1229 5306 enin
1262 5272 1336 5308 eis
1366 5260 1412 5306 iit
1448 5270 1520 5307 ie.

1009 5324 1067 5373 IN
1109 5325 1409 5376 I’b’AlJIUM
1446 5321 1694 5374 XXXVII.

660 5391 895 5445 Psalinus
927 5394 1100 5454 David,
1136 5394 1183 5443 in
1220 5401 1649 5443 remeinoratione
1684 5392 1767 5442 die
1813 5390 2044 5443 Sabliiti.

1174 5475 1536 5513 AIlGUSIENTUM.

660 5530 909 5583 Ezechias
935 5540 1191 5597 :rgrotaus
1223 5531 1437 5580 Domino
1472 5525 1747 5597 supplicat.
1794 5528 1958 5580 Aliter
1984 5543 2111 5583 con-

592 5597 747 5653 fessio
771 5595 1049 5668 patientiae,
1082 5614 1132 5653 et
1163 5606 1323 5652 virtus
1358 5598 1422 5649 ad
1453 5595 1693 5649 salutent.
1728 5598 1861 5665 Lege
1890 5599 2005 5652 Job.

2204 4431 2293 4482 illo
2324 4430 2371 4479 iii
2403 4444 2503 4493 quo
2524 4438 2633 4480 erat
2675 4440 2897 4491 timeret,
2947 4445 3269 4496 nequaquam
3300 4432 3381 4483 sic
3428 4447 3675 4497 iueiperct
3708 4452 3722 4486 :

2206 4499 2435 4561 Domine,
2470 4513 2527 4548 ne
2556 4500 2603 4548 in
2634 4500 2819 4565 furore,
2853 4512 2954 4552 etc.
2987 4500 3265 4552 Sciendum
3296 4513 3377 4552 est
3427 4504 3564 4569 quod
3614 4506 3723 4567 qui.

2203 4573 2321 4619 itam
2349 4584 2397 4617 in
2431 4572 2599 4618 loturo
2628 4583 2656 4618 a
2690 4570 2906 4619 Domitio
2932 4580 3237 4635 urguentur,
3269 4573 3478 4638 quidam
3510 4586 3633 4623 vero
3673 4589 3722 4623 tu

2206 4639 2281 4686 ira
2308 4652 2350 4686 ει
2376 4640 2668 4701 rripientur.
2700 4638 2775 4687 Illi
2822 4641 2961 4689 enim
2990 4655 3038 4689 in
3070 4640 3243 4691 furore
3286 4649 3590 4707 urguentur,
3638 4657 3723 4705 qui

2208 4710 2283 4754 vel
2315 4710 2606 4775 Ctirtstuiii__
2633 4706 3017 4757 fundamentum
3051 4722 3150 4758 nou
3181 4706 3494 4771 habuerunt,
3531 4714 3598 4760 de
3624 4726 3725 4775 quo

2210 4771 2525 4836 Apostolus:
2565 4771 2960 4843 Fundamentum
2982 4775 3121 4826 aliud
3161 4791 3301 4825 nemo
3344 4787 3502 4839 potest
3548 4771 3729 4843 ponere

2206 4856 2352 4902 quatit
2381 4843 2509 4905 quod
2540 4842 2746 4905 ρυδὶέωη
2776 4856 2864 4903 est,
2890 4847 2939 4893 id
2987 4858 3077 4906 est,
3129 4846 3369 4894 Christus.
3420 4844 3510 4895 νει
3547 4842 3591 4895 si
3639 4849 3727 4896 Ila-

2209 4913 2470 4968 huerunt,
2525 4912 2647 4960 itiiiil
2704 4910 2822 4961 boui
2872 4917 3432 4977 superiedilieavet'utit.
3490 4922 3725 4981 Arguere

2211 4993 2453 5043 uanique,
2488 4989 2565 5029 est
2592 4982 2815 5043 aliquem
2847 4983 3136 5032 accusando
3175 4986 3505 5035 eotivincere.
3542 4987 3605 5034 tt
3645 4988 3726 5036 isti

2210 5062 2353 5111 qiiaSi
2385 5063 2680 5112 arsllt'tllllt’,
2710 5063 2823 5097 eum
2852 5050 2927 5100 eis
2956 5066 2983 5098 a
3016 5053 3230 5101 Domino
3270 5046 3721 5115 exprobrabitur':

2214 5117 2427 5176 bsunm,
2467 5129 2511 5166 et
2542 5132 2636 5165 non
2684 5118 2884 5166 dedistis
2927 5118 3044 5166 mihi
3089 5122 3402 5179 πηιιηάιεάγε.
3433 5132 3487 5172 ει
3537 5135 3726 5173 ωιτη

2212 5190 2354 5254 talia.
2403 5188 2794 5236 Αεευεκιιυιιειιι
2844 5196 3011 5235 autem
3062 5192 3195 5238 solet
3240 5204 3385 5254 sequi
3433 5192 3723 5241 damnatio.

2213 5253 2458 5306 SIIIIIIileI‘
2487 5264 2538 5304 et
2593 5262 2715 5303 istos
2748 5255 2829 5302 tali
2860 5256 3186 5309 accusatione
3213 5253 3482 5307 COIIHCILS
3515 5263 3729 5305 daturu-

2216 5327 2289 5373 Itlt
2320 5328 2480 5381 luror,
2506 5325 2553 5372 id
2581 5330 2680 5383 est,
2712 5324 2957 5374 terribilis
2983 5340 3028 5375 et
3056 5326 3287 5377 distiicu
3317 5326 3489 5374 divum
3509 5332 3725 5375 senten-

2216 5394 2305 5451 tia,
2334 5407 2448 5443 Cum
2474 5408 2548 5442 eis
2574 5391 2809 5440 dicetur:
2844 5389 2941 5455 Ite,
2992 5397 3257 5454 maledicti,
3302 5407 3405 5443 ete.
3443 5393 3564 5441 ltmc
3610 5408 3724 5459 gra-

2216 5465 2357 5510 viora
2392 5462 2575 5511 timens
2606 5466 2701 5510 iste
2730 5464 2810 5522 qui
2863 5464 3086 5528 loquitur
3134 5466 3213 5514 hie
3266 5478 3315 5511 in
3350 5468 3447 5510 huc
3503 5465 3728 5529 pastum,

2216 5544 2293 5580 exi
2314 5544 2426 5594 opta
2455 5534 2693 5594 praesnti
2726 5538 2847 5590 Vita,
2878 5546 3021 5596 cuius
3052 5534 3202 5584 dellet
3245 5534 3515 5580 innumera
3562 5532 3725 5596 Inda,

2218 5602 2291 5650 sic
2317 5601 2548 5667 gemitet
2572 5606 2701 5649 orat.
2750 5601 2901 5663 Quam
2930 5601 3062 5655 dicat
3095 5618 3107 5651 :
3165 5601 3435 5664 Futurum,
3476 5598 3723 5669 Domine,
