3912 6230
198 399 301 453 681

873 397 941 455 ΙΝ
979 400 1386 456 PSALMORUM
1428 398 1682 455 LIBRUM
1728 397 1736 450 1

1839 396 2081 456 EGESIS;
2123 429 2188 440 ——
2228 397 2463 454 PSALM.
2510 401 2765 459 XXXVII.

3287 407 3390 459 ιιιιὲ

197 522 286 566 es:
307 521 364 566 υι
383 512 632 580 quosdam
657 511 706 564 in
729 512 898 578 furore
917 519 1000 563 tuo
1026 527 1229 580 arguas.
1256 511 1321 565 Et
1346 513 1463 565 ideo
1485 525 1660 579 quaeso
1690 529 1750 564 ne
1777 515 1820 569 Α
1855 516 1988 573 tum,
2015 509 2133 576 quia
2186 513 2468 564 multorum
2501 512 2778 564 criminum
2831 514 3014 578 ipsum
3051 517 3213 570 Adam
3263 523 3380 574 fecit

193 587 388 651 arguas
411 599 485 634 uie
514 580 564 634 in
588 583 756 646 lurore
776 592 877 643 luo,
909 580 957 637 id
985 592 1086 644 est,
1105 597 1170 634 tie
1197 582 1408 647 patiaris
1438 595 1520 632 ine
1547 596 1663 634 esse
1691 581 1740 632 iii

199 667 427 704 numero
467 653 672 705 illorum
720 651 807 717 qui
854 662 1137 715 urguentur
1189 652 1238 703 in
1291 654 1466 703 lurore
1522 657 1633 707 tuo,
1685 661 1742 701 ut

195 735 360 786 supra
388 722 584 775 dietum
613 733 714 774 est.
751 719 998 772 Futurum
1028 734 1233 788 quoque
1279 729 1361 772 est
1419 729 1476 772 tit
1511 720 1736 788 quidam

193 791 554 857 Corripis-itur
580 791 630 841 in
678 792 754 841 ira
794 799 897 850 tua,
951 797 1005 840 ct
1052 785 1189 851 ideo,
1227 788 1467 847 Domine,
1502 785 1732 855 ﬂagella,

191 873 342 921 seca,
378 875 491 919 ure,
525 871 798 927 purgatum
849 873 932 911 me
964 858 1046 911 ltic
1074 858 1253 920 redde,
1281 867 1335 909 ut
1365 874 1465 910 non
1495 859 1738 927 corripias

195 944 279 980 me
311 939 432 981 tunc
452 929 502 980 iii
524 930 602 981 ira
629 924 734 979 tua.
764 927 1126 990 liorripiuntitr
1145 928 1195 980 in
1230 929 1304 980 ira
1338 928 1446 984 Dei,
1473 927 1560 994 qui
1588 924 1736 978 Ultri-

193 1007 337 1049 sium
368 998 760 1049 fundamentum
795 998 1005 1058 habent,
1032 997 1124 1050 sed
1149 1012 1249 1049 non
1283 1007 1480 1048 tantum
1527 1011 1734 1051 aurum.

193 1073 515 1133 argentum,
569 1067 767 1126 lapides
819 1067 1077 1130 pretiosos
1121 1066 1538 1130 supersedillcaiit
1571 1104 1586 1127 ,
1642 1065 1735 1118 sed

191 1140 355 1188 ctiam
405 1136 769 1188 intermiscent
811 1135 972 1199 ligna,
1017 1138 1212 1198 lenum,
1261 1136 1501 1201 stipulas,
1547 1134 1596 1188 id
1629 1145 1732 1197 est,

190 1207 531 1260 committunt
560 1205 796 1270 quaidain
852 1205 1069 1258 venialia
1127 1213 1336 1272 peccata
1384 1204 1626 1272 graviora
1680 1215 1734 1258 et

194 1276 413 1327 leviora.
447 1275 511 1326 Et
537 1274 654 1328 ideo
680 1288 893 1326 necesse
921 1285 1000 1325 est
1029 1286 1084 1326 ιιι
1131 1275 1181 1326 bi
1216 1275 1345 1325 tales
1376 1274 1424 1325 in
1457 1274 1530 1325 ira
1561 1274 1727 1325 corri-

197 1347 428 1402 piantur,
465 1343 511 1393 id
563 1354 666 1404 est,
724 1344 774 1394 iii
820 1344 1119 1408 ptirgatorio
1161 1344 1278 1411 igne
1331 1358 1468 1394 nunc
1516 1344 1726 1394 interim

191 1423 319 1465 :tttle
341 1413 477 1465 diem
505 1412 684 1480 judicii
719 1424 995 1477 ponantur,
1033 1423 1225 1478 titqiize
1257 1413 1304 1462 in
1335 1411 1412 1463 eis
1461 1413 1730 1465 immunda

189 1491 336 1539 sunt,
371 1497 461 1544 per
493 1483 635 1533 illum
664 1491 970 1542 BXIll‘altlil’f,
993 1489 1046 1532 et
1067 1482 1142 1533 sic
1167 1480 1572 1536 tandemidooei
1605 1483 1728 1534 esse

187 1564 315 1603 cum
342 1551 421 1602 bis
448 1551 532 1614 qui
567 1552 616 1603 in
647 1549 834 1602 dextra
890 1549 1174 1602 coronandi
1228 1558 1350 1602 sunt
1377 1550 1725 1603 inveniantur.

191 1617 303 1671 Nec
331 1621 592 1671 immerito
615 1627 812 1670 tantum
842 1618 992 1672 timet
1016 1621 1112 1671 iste
1143 1620 1275 1672 lianc
1324 1620 1726 1684 eoi-rectionem,

188 1689 317 1754 quia
367 1688 585 1740 attendit
624 1703 740 1741 eam
786 1701 903 1740 esse
951 1691 1242 1755 graviorem
1290 1703 1444 1756 quam
1477 1688 1724 1755 quidquid

192 1772 426 1824 unquam
459 1757 749 1826 passisuut
770 1757 1017 1821 latrones,
1048 1757 1131 1812 vel
1147 1758 1312 1810 sancti
1342 1769 1617 1826 martyres,
1642 1759 1724 1811 vel

1849 592 2018 632 reum.
2043 580 2323 634 Sciendum
2349 593 2521 634 autem
2545 585 2680 648 quod
2711 599 2804 636 vox
2837 587 3019 655 capitis
3059 597 3137 639 est
3162 589 3210 640 iii
3247 595 3383 655 pstil-

1841 663 1948 722 tiio,
1979 664 2118 722 nunc
2169 665 2368 722 prose,
2405 665 2543 722 nunc
2588 667 2680 717 pro
2730 654 2980 706 membris
3003 654 3275 722 loquentis.
3321 662 3381 713 Et

1841 716 1961 768 liCet
1989 717 2072 769 liic
2103 734 2205 770 nou
2229 720 2293 771 sit
2315 716 2962 785 distinctiop'rsoiiarnm,
2994 716 3270 779 esttamen
3303 730 3382 781 di-

1837 789 2031 839 scretio
2060 788 2394 861 dignitatum.
2426 789 2519 840 llic
2545 791 2686 842 enim
2726 800 2802 842 est
2836 805 2990 850 eaput
3021 797 3152 858 quod
3187 799 3369 861 salvat,

1836 871 2032 923 corpus
2059 858 2195 921 quod
2225 858 2473 917 solvatur,
2501 861 2924 924 caputexliibens
2947 858 3374 926 iiiisiericordmm,

1835 937 2028 991 corpus
2045 926 2190 999 quasi
2210 927 2410 999 deﬂens
2429 927 2690 999 miseriam
2712 945 2732 990 ;-
2757 940 2914 999 ciput
2946 933 3010 981 ad
3032 935 3372 999 purgandum,

1836 1006 2030 1057 corpus
2058 996 2120 1046 ad
2144 997 2521 1071 conli_te_ndu_i_n._
2555 997 2828 1071 Quomodo
2860 1013 2985 1062 ergo
3031 996 3149 1063 ille;
3196 1005 3243 1054 in
3277 996 3374 1071 qo-i

1838 1073 2240 1135 peccatiiinuon
2273 1067 2388 1127 fuit,
2421 1066 2548 1118 dicit
2573 1082 2599 1117 a
2632 1067 2760 1135 facie
2787 1079 3100 1132 peccatorum
3125 1066 3372 1134 meorum,

1836 1130 1933 1183 nisi
1960 1133 2080 1195 quia
2113 1133 2164 1186 in
2195 1149 2418 1200 persona
2449 1130 2804 1188 membrorum
2845 1139 2961 1198 ista,
3015 1139 3150 1190 sit‘tlt
3179 1151 3232 1193 et
3279 1130 3377 1193 cae.

1835 1209 1943 1252 tera
1975 1203 2244 1268 prmdicta.
2279 1203 2507 1270 loquitur
2533 1206 2556 1255 Ἰ
2584 1205 2688 1257 Nec
2721 1205 2925 1267 mirum,
2972 1207 3013 1257 si
3054 1210 3258 1260 illorum
3291 1224 3366 1262 cst

1831 1284 1931 1344 vox
1963 1287 2083 1344 una,
2113 1287 2332 1344 quorum
2382 1282 2462 1325 est
2515 1288 2641 1344 caro
2689 1289 2810 1326 una.
2847 1273 2994 1328 Unde
3050 1281 3324 1344 Apostolus
3359 1298 3372 1332 :

1835 1338 1992 1391 Erunt
2021 1341 2120 1391 duo
2169 1343 2218 1393 in
2247 1357 2394 1394 carne
2443 1360 2559 1393 mm.
2587 1342 2964 1395 Sacrantcntitm
2995 1338 3105 1396 hoc
3141 1364 3372 1411 magnum

1831 1417 1898 1460 est
1943 1449 1957 1470 ,
1999 1427 2090 1477 ego
2133 1419 2302 1462 autent
2341 1413 2452 1482 dico
2479 1413 2530 1463 in
2561 1411 2757 1463 Christo
2804 1413 2930 1464 etin
2962 1406 3369 1482 Εεεὼιᾱαᾨρυω

1832 1493 2042 1544 propter
2071 1497 2133 1531 ex
2166 1483 2322 1532 nimia
2380 1480 2630 1532 affinitate
2679 1490 2832 1545 caput
2888 1498 2990 1534 non
3022 1495 3233 1550 separat
3261 1480 3371 1537 ⁷ιιῑε

1828 1562 2016 1609 corpus
2048 1565 2075 1599 a
2102 1565 2157 1601 se
2181 1550 2420 1601 iaciendo
2454 1561 2664 1615 peccata
2697 1551 3054 1602 iiiembroruoi
3105 1566 3220 1605 esse
3251 1569 3358 1615 suo,

1829 1631 2050 1682 quorum
2071 1618 2351 1679 ipset-liam
2378 1621 2636 1684 particeps
2655 1618 2767 1679 fuit,
2789 1630 3038 1686 quantum
3058 1621 3122 1673 ad
3145 1637 3371 1684 poenam.

1827 1687 1974 1748 Quod
2029 1687 2146 1739 ideo
2176 1687 2314 1757 facit,
2351 1699 2405 1739 ut
2435 1703 2623 1748 corpus
2677 1703 2776 1739 non
2826 1699 3086 1747 separata
3118 1705 3174 1741 se
3221 1705 3378 1757 caput

1830 1758 2094 1828 passione,
2129 1759 2233 1808 imo
2263 1755 2419 1809 faciat
2441 1771 2560 1810 esse
2591 1772 2736 1809 suam
2771 1759 3064 1823 passionem
3094 1762 3210 1824 eius
3252 1755 3371 1828 ρξιιι·

191 1823 452 1891 quidquid
480 1825 686 1893 gravius
740 1825 896 1878 homo
926 1827 1090 1893 possit
1119 1829 1434 1893 excogitare.
1481 1823 1537 1878 Si
1594 1842 1719 1880 vero
1757 1838 1799 1894 Β
1829 1823 2060 1876 sicui-in.

192 1896 276 1948 illi
308 1909 439 1962 quos
459 1910 613 1958 supra
653 1894 902 1961 diximus,
935 1904 1134 1964 tantum
1189 1910 1394 1955 aurum,
1424 1903 1720 1964 argentum,

191 1964 400 2031 lapides
425 1969 700 2026 pretiosos,
734 1963 784 2016 id
825 1974 928 2027 est,
961 1963 1094 2017 bona
1143 1978 1301 2030 opera
1333 1963 1724 2029 superlrdiﬂca-

191 2043 335 2094 rent,
363 2044 484 2085 tunc
507 2049 673 2099 neque
700 2033 843 2086 illum
869 2032 1040 2101 ignem
1067 2033 1334 2095 timerent,
1364 2034 1450 2100 qui
1473 2034 1731 2086 cremabit

187 2102 510 2155 :eternaliter
539 2100 747 2168 impios,
777 2100 943 2170 neque
991 2102 1137 2155 illum
1165 2102 1254 2170 qui
1297 2101 1546 2167 corripiet
1592 2101 1727 2170 pios.

189 2171 478 2225 Sciendum
508 2183 682 2224 autem
707 2173 961 2239 quosdam
991 2187 1111 2226 esse
1134 2180 1437 2224 sanctorum
1465 2173 1541 2238 (ut
1571 2181 1731 2224 testa-

193 2253 285 2292 tur
316 2241 674 2308 Evnugelium)
703 2241 792 2308 qui
835 2256 938 2294 non
965 2245 1180 2294 veniunt
1221 2243 1273 2293 in
1315 2240 1588 2308 judicium,
1638 2241 1730 2293 sed

187 2320 470 2362 transeunt
493 2311 559 2361 de
587 2321 756 2363 morte
772 2310 836 2362 ad
868 2312 1048 2373 vitam,
1088 2312 1208 2376 quia
1235 2320 1288 2363 et
1313 2310 1355 2361 si
1385 2310 1583 2375 aliquas
1632 2311 1729 2362 sti-

192 2381 371 2443 pulas,
394 2380 442 2430 id
463 2388 562 2441 est,
589 2394 743 2445 parva
771 2387 982 2446 peccata
1009 2379 1450 2446 supertedilicant,
1481 2380 1614 2431 adeo
1654 2389 1732 2429 ta-

190 2463 318 2500 men
356 2449 490 2501 levia
520 2457 664 2507 sunt,
693 2448 830 2515 quod
861 2448 993 2516 ignis
1022 2448 1372 2500 tribulationis
1423 2461 1578 2512 quem
1633 2461 1728 2512 pa-

195 2518 401 2568 tiuntur
431 2517 538 2580 hic,
570 2517 652 2570 vel
682 2518 839 2570 etiam
872 2531 1026 2585 ptena
1053 2520 1238 2570 mortis
1268 2517 1472 2582 penitus
1511 2531 1573 2571 ea
1604 2531 1732 2568 esu-

192 2591 286 2638 rit.
320 2586 383 2638 Et
404 2585 456 2638 bi
488 2587 616 2640 tales
644 2587 765 2653 quia
799 2587 922 2640 nihil
953 2587 1004 2640 in
1030 2589 1108 2641 eis
1135 2589 1268 2655 ignis
1309 2601 1459 2639 suum
1510 2587 1729 2646 invenit,

190 2656 377 2707 statim
426 2655 551 2707 dum
604 2672 634 2708 a
682 2670 904 2722 corpore
960 2665 1292 2723 separantur,
1343 2665 1618 2709 transeunt
1667 2656 1733 2708 ad

193 2725 358 2796 vitam
398 2735 671 2789 aeternam,
696 2725 832 2796 sicut
851 2741 880 2778 e
906 2736 1088 2779 contra
1112 2725 1325 2796 quidam
1349 2727 1601 2778 malorum
1626 2733 1734 2778 sta-

193 2795 292 2846 tim
322 2808 546 2848 internas
573 2808 751 2860 pauos
784 2795 1075 2849 incurrunt.

269 2863 519 2925 Quoniam
535 2864 729 2930 sagitta
754 2871 870 2932 tute.
903 2863 1040 2926 Ideo,
1073 2864 1298 2928 Domine,
1323 2878 1449 2932 rogo
1474 2879 1536 2916 ne
1554 2879 1736 2931 arguas

193 2947 277 2984 me
327 2938 406 2985 vel
437 2932 680 2998 corripias
701 2932 752 2984 in
781 2931 974 2998 futuro,
1005 2933 1250 3000 quoniam
1289 2931 1450 2986 multa
1470 2941 1524 2986 et
1547 2947 1733 3000 magna

191 3009 321 3053 sunt
343 3016 458 3068 qua:
485 3002 534 3053 in
567 3002 808 3068 praesenti
840 3003 1028 3069 patior.
1076 3000 1244 3067 Unde,
1276 3017 1478 3069 quaeso,
1509 3002 1737 3056 sulliciat

194 3071 292 3125 tibi
321 3072 388 3123 de
421 3086 503 3123 me
531 3072 820 3136 sumpsisse
845 3071 1121 3138 supplicia.
1171 3073 1235 3125 Et
1279 3073 1462 3137 incipit
1514 3085 1734 3124 enume-

192 3154 317 3194 rare
347 3155 406 3193 ea
433 3141 760 3210 satisfaciens
787 3141 1026 3204 Domino,
1079 3141 1308 3196 olierens
1334 3155 1392 3195 ea
1425 3155 1542 3210 quae
1593 3144 1731 3206 pati-

191 3219 280 3261 tur
301 3224 368 3262 ne
396 3211 631 3277 graviora
655 3209 898 3276 patiatur,
917 3210 1100 3279 dicens
1127 3212 1193 3263 ita
1219 3227 1232 3263 :
1261 3209 1512 3276 Quoniam
1539 3211 1735 3279 sagitta:

189 3281 487 3344 tucinﬁxc
507 3280 622 3330 sunt
640 3279 787 3331 mihi.
808 3278 1037 3348 Sagittas
1069 3289 1215 3333 vocat
1251 3278 1734 3348 animadversiones

195 3349 294 3400 ira:
354 3347 467 3408 Dei,
499 3348 720 3410 scilicet,
747 3347 932 3401 omnes
982 3363 1160 3415 ptenas
1214 3357 1266 3402 et
1320 3347 1558 3402 miserias
1605 3363 1735 3414 quas
1790 3391 1794 3395 .

194 3418 431 3482 patimur
459 3417 678 3468 interius
700 3418 810 3468 sive
854 3422 1104 3470 exterius.
1129 3417 1269 3482 Quas
1295 3418 1504 3484 quidem
1553 3433 1736 3471 omnes

190 3485 440 3537 miserias
467 3499 530 3538 es
556 3487 987 3551 praevaricatione
1010 3486 1161 3552 primi
1194 3490 1424 3553 parentis
1451 3487 1578 3540 Adae
1605 3502 1736 3537 con-

190 3556 479 3606 traximus.
510 3555 631 3622 lnde
650 3567 729 3607 est
752 3555 888 3622 quod
916 3555 1137 3608 mortale
1161 3570 1353 3622 corpus
1371 3558 1602 3622 gerimus
1627 3555 1736 3621 ple-

189 3638 323 3675 itum
355 3621 723 3676 tentationibus
744 3621 795 3677 et
824 3624 1283 3688 sollicitudinibus,
1311 3621 1592 3678 oliiioxitiiii
1621 3639 1738 3675 cur-

189 3694 470 3757 poralibus
510 3694 800 3756 doloribus,
852 3708 1042 3747 nexum
1075 3693 1446 3760 indigentibus.
1482 3693 1737 3746 Mutabile

189 3763 496 3830 languidum
519 3777 636 3815 cum
667 3773 745 3815 est
775 3778 980 3815 sanum.
1007 3762 1154 3817 Unde
1183 3765 1323 3816 enim
1351 3763 1552 3816 diceret
1595 3761 1695 3830 iste
1723 3779 1735 3813 :

192 3829 319 3882 Non
341 3842 410 3883 est
432 3834 621 3884 sanitas
642 3831 692 3883 in
717 3847 867 3884 carne
895 3849 1023 3896 mea,
1054 3831 1152 3884 nisi
1190 3833 1308 3900 quia
1356 3832 1573 3896 sanitas,
1622 3829 1739 3899 qua:

187 3902 394 3951 dicitur
425 3903 574 3966 liuius
609 3901 729 3952 vitae
755 3901 972 3964 sanitas,
1029 3901 1162 3954 bene
1209 3902 1640 3969 intelligentibus,
1687 3913 1740 3955 et

187 3970 480 4021 Sabbatum
512 3970 929 4031 recordantibus,
982 3985 1084 4022 non
1144 3980 1283 4022 esset
1339 3985 1462 4023 vera
1518 3971 1734 4031 sanitas,

189 4039 304 4089 imo
327 4052 513 4105 magna
546 4039 843 4090 intirtnitas.
872 4039 925 4091 Si
973 4040 1110 4090 enim
1166 4039 1365 4090 sanitas
1414 4048 1579 4103 esset,
1635 4053 1738 4092 nun

188 4119 302 4158 tam
358 4109 508 4160 l'acile
562 4117 989 4172 Corrumpcretur
1043 4109 1264 4160 naturali
1314 4109 1520 4170 morbo,
1579 4107 1737 4173 fame,

191 4191 234 4226 si
259 4177 425 4240 ilicet,
460 4177 570 4238 siti,
603 4185 655 4228 et
675 4177 882 4229 cmteris
904 4175 1225 4245 liujusmodi.
1259 4176 1388 4242 Quae
1419 4177 1536 4230 ideo
1589 4189 1748 4230 natu-t

191 4249 324 4296 ralia
357 4246 617 4307 dicuntur,
643 4248 762 4314 quia
789 4247 925 4313 quod
957 4249 1006 4298 in
1031 4246 1196 4299 Adam
1229 4249 1426 4314 peccati
1478 4261 1656 4313 poena,
1690 4249 1739 4300 iii

191 4315 353 4366 nobis
378 4322 461 4368 est
497 4313 698 4368 natura.
735 4315 880 4369 Unde
908 4318 1186 4381 Apostolus
1220 4332 1234 4367 :
1264 4313 1456 4368 Fuistis
1484 4317 1618 4368 enim
1646 4317 1742 4368 ali-

189 4385 402 4449 quando
431 4395 612 4436 natura
651 4385 743 4450 filii
787 4386 892 4438 ινιτ.
925 4386 1071 4437 Nunc
1101 4386 1164 4437 ad
1195 4387 1414 4438 litteram
1445 4387 1738 4438 redeamus.

192 4455 414 4520 Sagitta:
435 4463 554 4514 tute,
581 4455 817 4520 inquam,
848 4468 950 4506 non
989 4468 1113 4516 una,
1143 4453 1234 4506 sed
1278 4454 1454 4506 multae
1484 4453 1605 4505 mihi
1657 4457 1740 4505 in-

191 4523 315 4582 lixre
342 4532 478 4583 sunt,
503 4533 555 4574 et
579 4521 630 4573 in
654 4523 736 4574 bis
757 4525 955 4589 sagittis
983 4523 1292 4588 conﬁrmasti
1331 4537 1480 4591 super
1527 4537 1605 4573 me
1635 4539 1740 4572 ma-

193 4606 320 4642 num
369 4603 523 4654 tuam,
575 4591 624 4642 id
676 4602 774 4653 est,
810 4597 1007 4644 lirmaiii
1040 4603 1092 4643 et
1137 4592 1400 4644 assiduam
1450 4591 1733 4658 potentiam

193 4675 363 4726 super
390 4677 474 4714 tne
502 4660 800 4720 cxbibuisti,
825 4662 942 4726 quia
973 4661 1088 4713 sine
1108 4659 1493 4713 intermissione
1526 4675 1734 4726 poenam
1767 4676 1774 4683 ’

193 4746 263 4782 ex
297 4741 515 4794 peccato
549 4727 752 4797 perfero
781 4739 834 4781 et
863 4730 1072 4796 pertuli.
1125 4729 1322 4782 Dicitur
1349 4743 1520 4783 autem
1551 4733 1646 4783 boc
1671 4733 1735 4783 ad

193 4800 602 4852 similitudinem
662 4799 884 4867 aIiCujits
935 4802 1262 4851 verberantis
1307 4800 1578 4867 tnagistri,
1649 4803 1734 4866 qui

195 4867 354 4938 quasi
407 4883 615 4920 manum
667 4883 826 4935 super
855 4868 999 4920 illitiit
1042 4869 1340 4934 conlirmal,
1390 4886 1542 4938 quem
1599 4879 1740 4925 tenet

194 4937 300 4990 sub
318 4938 533 5004 assidua
568 4939 728 5004 virga.

273 5003 396 5079 Non
417 5014 486 5079 est
503 5003 688 5079 sanitas
713 5008 762 5058 in
794 5021 942 5059 carne
963 5022 1108 5079 mea.
1125 5004 1261 5058 Vere
1283 5007 1498 5071 sagittas
1523 5007 1755 5079 inlisisti.

197 5075 354 5137 milii,
373 5075 490 5142 quia
511 5076 726 5128 interius
745 5078 1057 5131 etexterius.
1071 5075 1197 5129 Nam
1213 5092 1310 5126 non
1327 5086 1394 5127 est
1415 5092 1532 5129 vera
1551 5081 1739 5131 sanitas

195 5147 251 5197 in
278 5159 428 5215 carne
452 5158 580 5204 mea,
609 5153 662 5194 ut
683 5161 837 5209 supra
859 5147 1049 5199 dictum
1072 5155 1174 5208 est,
1198 5146 1332 5213 quod
1357 5149 1592 5211 procedit
1615 5164 1644 5197 a
1663 5151 1741 5215 fa.

199 5215 300 5275 cie,
329 5214 378 5265 id
396 5222 496 5276 est,
516 5227 542 5264 a
563 5215 835 5278 priet-tentia
858 5217 948 5269 ira:
962 5228 1080 5279 tuw,
1098 5218 1216 5281 quia
1241 5229 1332 5282 per
1351 5222 1448 5266 tioc
1463 5214 1742 5278 repraesen-

201 5285 430 5334 taturira
453 5294 558 5344 tua,
576 5297 726 5345 quam
751 5285 800 5334 in
824 5295 1206 5352 transgressore
1229 5284 1358 5351 legis
1381 5285 1540 5334 Adam
1561 5286 1740 5338 liabui-

199 5353 295 5402 sti.
325 5355 387 5402 Et
410 5368 507 5404 non
532 5362 602 5404 est
629 5353 785 5404 etiam
807 5368 908 5420 pax
935 5354 1126 5406 ossibus
1150 5355 1290 5417 meis,
1326 5353 1373 5404 id
1403 5359 1503 5412 est,
1535 5369 1638 5406 non
1662 5366 1743 5408 est

201 5425 499 5473 constantia
533 5425 579 5472 iii
628 5421 926 5485 virtutibus,
969 5437 1086 5488 quin
1113 5435 1234 5476 sunt
1257 5439 1398 5484 ossa,
1429 5422 1476 5472 id
1505 5432 1604 5482 est,
1658 5429 1742 5475 liro

202 5499 468 5541 memerita
492 5492 678 5543 animm
702 5508 850 5545 niese.
874 5493 1019 5556 Quod
1061 5492 1182 5544 item
1213 5505 1291 5544 est
1321 5509 1350 5542 α
1379 5491 1525 5556 facie,
1560 5494 1606 5542 id
1639 5503 1738 5555 est,

203 5569 233 5610 δ
265 5561 542 5623 pra-senda
571 5577 882 5628 peccatorum
908 5576 1150 5623 meorum,
1193 5563 1310 5627 quia
1344 5576 1432 5627 per
1462 5562 1557 5610 hoc.
1586 5561 1742 5614 etiam

203 5637 615 5696 repraesentatur
645 5646 913 5695 peccatum
960 5628 1346 5694 iuobedieutiae,
1394 5629 1528 5695 quod
1577 5631 1741 5683 Adam

206 5696 586 5762 principaliter,
621 5709 672 5750 ct
704 5700 752 5750 iii
776 5701 890 5766 ipso
917 5700 1086 5753 omnis
1113 5699 1386 5761 posteritas
1405 5706 1739 5764 perpetravit.

209 5766 404 5820 Dicitur
436 5774 610 5817 autem
656 5769 923 5833 pluraliter
956 5775 1207 5836 prmcciita
1239 5770 1333 5818 bo:
1366 5785 1522 5820 unum
1557 5782 1741 5834 pecca-

483 5858 751 5918 PsrnOL.
795 5862 1010 5923 XCIII.

1899 1915 2149 1978 Quoniam
2182 1916 2466 1988 iniquitates
2514 1917 2872 1988 metarMcrito
2895 1918 2998 1971 dixi
3036 1919 3376 1975 Peccalorttm

1828 1999 2091 2043 meorum,
2115 1987 2487 2053 qumtia’mgcgo
2515 2002 2628 2036 sunt
2665 1987 2715 2038 iu
2747 1988 2922 2053 culpa,
2960 2005 3059 2038 non
3088 1999 3159 2047 ιιι,
3201 1990 3380 2042 Domi-

1830 2069 1915 2112 iie,
1949 2069 2049 2104 una
2081 2053 2296 2114 fictim'i,
2331 2051 2432 2106 non
2460 2056 2618 2112 aliud,
2671 2056 2788 2122 quia
2836 2051 3120 2120 iniquitates
3150 2074 3289 2118 meae,
3327 2060 3375 2112 id

1829 2133 1934 2194 est,
1968 2121 2020 2194 iu
2047 2123 2324 2194 ilieilii-niia
2357 2135 2404 2176 et
2440 2121 2894 2194 przcvai-icaiiones
2926 2143 3074 2186 inec,
3123 2142 3253 2194 quas
3283 2133 3383 2181 sci-

1832 2189 1950 2262 licet
1984 2193 2033 2243 in
2055 2192 2216 2244 Adam
2241 2193 2501 2250 commisi,
2528 2210 2859 2262 Silpm'gl'es‘sa’
2879 2207 2996 2245 sunt
3022 2189 3171 2261 caput
3196 2214 3379 2261 meum,

1834 2261 1882 2311 id
1917 2267 2017 2322 est,
2053 2263 2433 2328 prasialiirr-iut
2467 2263 2624 2323 capiti
2663 2261 2799 2322 meo,
2848 2273 2900 2316 et
2928 2267 3096 2328 ipsum
3148 2266 3382 2319 involve-

1833 2339 1975 2382 runt.
2013 2332 2117 2398 Ego
2145 2332 2290 2402 enim
2323 2342 2480 2402 caput
2513 2347 2683 2402 meum
2710 2347 2736 2384 ε
2763 2349 2888 2383 uita
2923 2343 2971 2382 to
3003 2341 3164 2394 erexi,
3196 2338 3382 2402 iniqui-

1834 2409 1912 2450 tas
1935 2411 2109 2452 autem
2144 2400 2269 2452 illud
2303 2400 2512 2467 dcjecit.
2543 2401 2690 2454 Unde
2723 2403 2840 2453 alibi
2874 2405 3067 2454 dictum
3101 2415 3180 2455 est
3211 2422 3222 2456 :
3255 2400 3382 2457 (Ῐυιι-

1831 2479 2045 2539 ucrtetiir
2071 2469 2214 2521 dolor
2245 2472 2352 2539 ejus
2391 2469 2440 2520 in
2472 2481 2621 2537 caput
2644 2470 2771 2537 ejus,
2809 2481 2854 2522 et
2896 2472 2946 2522 in
2978 2473 3205 2524 verticem
3228 2475 3385 2532 ipsius

1832 2538 2071 2610 iniquitas
2098 2543 2208 2607 ejus
2231 2538 2512 2592 descendit.
2550 2541 2613 2592 Et
2666 2543 2921 2607 accipitur
2969 2541 3050 2593 ltic
3105 2553 3256 2610 caput
3289 2560 3381 2606 pro

1833 2607 2053 2674 digniori
2086 2621 2250 2672 parte,
2283 2623 2376 2675 pro
2405 2611 2577 2662 anima
2606 2610 2826 2676 scilicet,
2849 2625 2963 2676 qtae
2998 2625 3119 2663 vere
3154 2607 3240 2673 per
3270 2613 3382 2664 iuo-

1837 2677 2152 2736 bedientiam
2186 2678 2432 2740 depreSsa
2463 2678 2576 2740 luit,
2604 2681 2723 2745 quia
2771 2679 3124 2744 cognitionem
3155 2683 3258 2734 veri
3299 2686 3380 2735 lu-

1839 2746 1992 2798 minis
2018 2745 2208 2797 amisit.
2242 2745 2564 2810 lniqiiitates,
2588 2749 2821 2816 inquam,
2851 2764 3208 2816 supergressa:
3236 2766 3376 2810 sunt,

1837 2822 1883 2864 et
1911 2824 2028 2866 sunt
2053 2824 2270 2884 gravatae
2315 2831 2465 2877 super
2512 2833 2611 2877 me,
2663 2815 2710 2868 id
2761 2826 2841 2869 est
2899 2819 2964 2868 ita
3009 2815 3384 2884 Oppresseruot

1839 2885 2003 2948 ipsam
2035 2893 2265 2936 mentem
2297 2899 2488 2955 meam,
2519 2887 2647 2937 sicut
2677 2901 2799 2937 onus
2829 2903 2977 2955 graue
3006 2890 3252 2952 opprimit
3283 2890 3380 2940 :ili—

1837 2967 2018 3020 quem,
2040 2955 2158 3019 quia
2182 2955 2318 3006 sicut
2348 2954 2435 3006 ille
2466 2968 2523 3006 se
2551 2956 2753 3020 erigere
2777 2954 2878 3007 non
2927 2965 3119 3020 pulest,
3175 2959 3242 3008 ita
3289 2974 3383 3011 nec

1841 3037 1990 3074 mens
2021 3037 2137 3076 mea
2160 3022 2223 3074 ad
2257 3038 2442 3088 purum
2473 3025 2763 3075 i-ontuitiim
2803 3027 3035 3076 veritatis
3079 3026 3282 3086 erigere
3326 3046 3382 3078 se

1840 3091 1999 3145 valet.
2024 3091 2154 3156 Quae
2183 3094 2359 3144 omnia
2408 3094 2471 3144 ad
2506 3097 2739 3146 membra
2771 3097 3090 3158 i'el'ei-iiotur,
3150 3099 3281 3148 sicsi
3334 3110 3385 3149 ct

1762 3173 1809 3233 ο
1839 3176 1956 3228 quae
1981 3170 2289 3226 sequuntur.

1906 3250 2216 3306 Putruerunt
2246 3261 2291 3304 et
2339 3260 2589 3315 corruptis
2633 3263 2748 3304 sunt
2798 3255 3046 3306 cicatrices
3076 3272 3214 3308 mere.
3249 3256 3384 3308 (ira--

1836 3331 1959 3375 calce
1989 3332 2127 3382 sunt,
2162 3323 2392 3387 inqua-tit,
2440 3324 2722 3387 iniquitates
2766 3341 2913 3389 super
2956 3341 3049 3386 me,
3108 3337 3152 3376 ct
3180 3328 3390 3382 'stiner-

1837 3408 2017 3463 gressa:
2044 3401 2161 3443 sunt
2191 3391 2489 3453 iniquitates
2516 3406 2700 3463 caput;
2732 3404 2778 3443 ei
2829 3395 2944 3443 ideo
2977 3397 3230 3445 cicatrices
3263 3412 3382 3446 meto

1837 3461 2131 3514 etiamsunt
2155 3467 2425 3527 corrupztc,
2471 3461 2676 3529 etatleo
2724 3473 3001 3529 corrupte,
3031 3467 3165 3527 quod
3221 3467 3375 3515 ctiam

1838 3538 2155 3598 putrtterunl,
2179 3529 2226 3580 id
2246 3539 2345 3589 est,
2371 3528 2589 3588 putrida:
2611 3530 2758 3582 facue
2781 3528 2917 3581 sunt.
2950 3531 3036 3581 Vel
3064 3542 3379 3596 minuerunt,

1841 3600 1888 3650 id
1914 3609 2015 3660 est,
2050 3602 2266 3650 letorein
2289 3598 2758 3665 etiiisuruul,ju\ta
2785 3602 2937 3650 aliain
2961 3603 3374 3654 translationem.

1839 3669 2125 3720 Cicatrices
2181 3681 2402 3730 namque
2452 3669 2582 3720 liiittt
2612 3682 2674 3721 ει
2703 3670 2900 3720 sanatis
2946 3670 3278 3732 vulneribus,
3331 3684 3384 3724 et

1841 3737 1891 3790 iu
1917 3737 2068 3790 nobis
2098 3736 2308 3788 vulnera
2342 3735 2552 3789 fuerunt
2580 3753 2642 3788 ex
2691 3739 3118 3801 praevaricatione
3160 3743 3307 3801 Adae,
3331 3755 3384 3794 et

1840 3823 1901 3860 ex
1935 3807 2126 3860 tiostiis
2158 3805 2470 3859 actualibus.
2492 3807 2616 3869 Qum
2649 3806 2862 3857 vulnera
2916 3821 3096 3859 sanata
3142 3820 3281 3873 sunt,
3330 3823 3379 3863 ιιι

1842 3881 1984 3929 veYitt
2011 3877 2288 3927 cicatr.ces
2320 3874 2560 3928 fecerunt
2587 3890 2677 3942 per
2705 3874 2857 3944 lidcin
2889 3889 2940 3928 et
2963 3881 3177 3943 gratiam
3211 3881 3380 3944 bapti-

1841 3948 1962 4006 smi,
1989 3945 2079 3996 scil
2098 3959 2163 3996 ex
2192 3944 2492 3998 inlirinitate
2520 3957 2694 3997 nostra
2723 3945 2775 3996 lit
2807 3942 2903 3997 bac
2934 3942 3068 4012 quod
3097 3942 3373 3999 iiulios'eSt

1843 4015 1911 4065 ita
1949 4014 2231 4078 perfectus,
2260 4015 2382 4080 quin
2413 4013 2694 4082 aliquando
2721 4028 2809 4078 per
2837 4015 2976 4065 aliud
3009 4017 3212 4066 actitole
3237 4017 3378 4068 laba.

1843 4095 1924 4135 tur
1947 4084 1997 4135 in
2028 4093 2321 4150 peccatum.
2349 4085 2410 4133 lit
2442 4085 2558 4135 ideo
2585 4083 2858 4134 cicatrices
2887 4099 3003 4147 ιιιιτε
3054 4086 3191 4148 prius
3240 4103 3378 4137 suum

1843 4164 2014 4215 erant,
2043 4161 2451 4210 etirruiiipuntur
2478 4161 2530 4204 et
2561 4152 2749 4222 l'ctent,
2775 4153 2853 4201 vol
2905 4163 3227 4217 putrescunt,
3262 4171 3377 4222 quia

1843 4236 1893 4274 ut
1923 4223 1967 4274 si
1995 4223 2146 4273 valde
2177 4223 2305 4272 levia
2336 4230 2458 4272 sunt
2483 4235 2600 4289 qure
2634 4219 2847 4286 pet‘feCll
2883 4223 2975 4273 viri
3025 4219 3376 4283 Coniiuittuiil,

1843 4293 1929 4360 qui
1961 4293 2300 4344 recordamur
2355 4291 2714 4360 delectabilem
2748 4290 2979 4360 odorem
3012 4292 3242 4352 Sabbati,
3300 4297 3376 4344 eis

1847 4358 2017 4413 tamen
2051 4360 2202 4413 fetida
2235 4370 2284 4411 et
2313 4359 2677 4413 abominabilia
2711 4358 2970 4412 videntur.
3021 4361 3199 4412 Nullus
3237 4367 3374 4412 enim

1846 4430 2088 4496 intelligit
2113 4443 2270 4497 quam
2294 4430 2362 4482 sit
2391 4429 2712 4497 delecmbilis
2738 4429 2867 4497 odor
2894 4427 3129 4492 Sabbati,
3171 4432 3269 4482 nisi
3295 4433 3378 4484 cui

1771 4518 1818 4576 υ
1846 4495 2222 4576 aborniiiabilis
2267 4507 2342 4550 est
2396 4496 2530 4576 fetor
2561 4495 3069 4576 peccati-Corrupit:
3115 4509 3249 4561 sunt,
3302 4501 3376 4551 iit-

1844 4583 2018 4632 qttaui,
2051 4568 2323 4629 cicatrices,
2351 4577 2403 4620 et
2433 4569 2533 4620 hoc
2548 4578 2626 4619 est
2645 4583 2675 4618 (ι
2704 4566 2851 4633 facie,
2882 4568 2929 4619 id
2953 4578 3053 4628 est,
3087 4583 3112 4617 ιι
3147 4582 3377 4636 pnesett-

1839 4639 1906 4688 tia
1936 4637 2238 4693 insipientia:
2262 4651 2397 4694 metu,
2429 4639 2550 4705 quia
2578 4653 2668 4704 per
2700 4641 2796 4688 boc
2823 4647 3222 4703 ieprtesentntur
3253 4639 3378 4688 iusi-

1839 4708 2032 4772 |iieutia
2064 4720 2198 4757 mea.
2233 4708 2307 4757 'I‘ii
2333 4705 2472 4758 enim
2501 4722 2581 4758 me
2601 4707 2892 4772 sapientem
2923 4721 3040 4760 esse
3070 4706 3301 4767 voluisti,
3327 4717 3377 4759 et

1839 4791 2013 4829 veram
2065 4774 2373 4842 Sapientiam
2422 4791 2504 4828 me
2551 4777 2792 4837 thCtllSll,
2851 4777 3077 4828 dicens:
3124 4773 3198 4827 De
3243 4781 3380 4828 omni

1838 4847 1854 4896 ι
1878 4862 1976 4912 guo
2003 4847 2224 4908 paradisi
2249 4847 2496 4903 comedas,
2530 4847 2590 4895 de
2617 4849 2781 4915 [ructu
2804 4856 2964 4907 autent
2985 4847 3226 4915 scientia:
3268 4846 3382 4898 boni

1837 4928 1880 4966 et
1909 4917 2027 4966 ntali
2075 4931 2134 4966 ne
2172 4916 2425 4968 comedas.
2463 4918 2567 4982 ligo
2600 4929 2722 4966 iero
2772 4929 2853 4964 ine
2901 4914 3225 4982 insipientctii
3260 4916 3379 4976 [εει.

1838 4989 1954 5055 quia
1978 4997 2138 5049 magis
2171 4988 2400 5050 serpenti
2431 4999 2587 5051 quam
2613 4984 2991 5036 tibi-consensi.

1912 5073 2063 5124 Miser
2111 5076 2271 5138 factus
2319 5090 2445 5125 sum.
2501 5073 2655 5136 Quasi
2699 5073 2836 5124 dicat
2879 5088 2892 5124 :
2947 5074 3075 5137 Quia
3124 5072 3380 5123 cicatrices

1839 5145 1994 5195 etiam
2019 5156 2268 5205 currupue
2294 5151 2429 5204 sunt,
2458 5143 2572 5193 ideo
2602 5143 2761 5205 [actus
2814 5158 2922 5192 sum
2965 5143 3128 5203 miser,
3179 5140 3227 5191 id
3271 5151 3370 5202 est,

1840 5213 2022 5279 plenus
2041 5210 2216 5262 multis
2233 5212 2470 5262 miseriis.
2492 5209 2551 5261 Et
2570 5213 2653 5277 qoi
2675 5213 2816 5261 ereti
2840 5226 2921 5262 me
2943 5225 3030 5275 per
3051 5209 3368 5272 suiierbiom,

1842 5298 1951 5333 sunt
1988 5283 2291 5336 incurvatus,
2322 5280 2370 5330 id
2393 5288 2492 5342 est,
2526 5280 2824 5330 humiliatus
2872 5295 2960 5344 per
2995 5280 3291 5341 vindictam,
3325 5294 3369 5329 ei

1843 5352 1941 5403 hoc
1974 5364 2124 5415 usque
2178 5350 2228 5400 in
2281 5350 2794 5416 ﬁnemcurvatiouis,
2851 5349 2897 5398 id
2930 5357 3026 5402 est,
3077 5349 3374 5397 munimodn

1841 5431 2160 5474 CIII'VJUO'IIB.
2193 5417 2282 5470 V'el
2316 5422 2382 5471 ita
2408 5434 2516 5470 sum
2559 5426 2811 5480 curvatus,
2837 5417 2970 5481 quod
3000 5417 3234 5468 curvatio
3259 5428 3370 5469 mea

1843 5491 2052 5543 durabit
2080 5503 2231 5554 usque
2282 5488 2331 5538 in
2386 5488 2552 5549 finem,
2601 5489 2649 5536 id
2693 5495 2792 5544 est,
2839 5490 3004 5536 donec
3039 5487 3368 5550 perveniatur

1843 5564 1904 5612 ad
1935 5561 2235 5612 Sailibatum.
2273 5555 2434 5617 Unde,
2458 5557 2674 5615 scilicet,
2706 5555 2850 5605 miser
2878 5556 3038 5619 [astus
3063 5568 3169 5603 sunt
3191 5565 3233 5602 et
3255 5568 3369 5602 cur-

1844 5642 2004 5688 vitus,
2053 5635 2151 5678 tota
2189 5627 2285 5686 die,
2334 5625 2380 5674 id
2408 5633 2507 5686 e~t,
2540 5625 2748 5675 assidue
2797 5623 3107 5690 ingrediebar
3134 5632 3184 5672 et
3224 5636 3373 5686 egre-

1845 5702 2048 5754 ιΙιεὶιιιι.
2073 5697 2244 5759 idest,
2274 5694 2620 5745 eoiivers-abor
2650 5693 2700 5743 in
2727 5695 2818 5742 hac
2848 5691 3084 5755 praestanti
3107 5691 3228 5751 vita,
3257 5706 3371 5755 qum

1845 5782 1923 5823 cst
1955 5773 2216 5836 ingressus
2245 5764 2307 5816 ad
2357 5763 2602 5826 futuram;
2643 5771 2977 5821 conti-status,
3011 5760 3059 5810 id
3091 5769 3191 5821 est,
3222 5760 3373 5812 simul

2875 5852 2951 5908 2:2
