3912 6230
250 358 360 415 693

916 360 975 414 IN
1017 359 1422 413 I‘SALMORUM
1466 359 1715 412 LIBRUM
1761 356 2102 411 EXEGESIS.
2146 387 2210 395 —
2253 355 2488 408 PSALM.
2533 353 2769 408 XXXIX.

3325 359 3425 411 (591

253 479 621 538 perceperunt,
648 471 838 532 statuit,
884 469 941 538 id
988 478 1090 530 est,
1119 471 1329 523 stabiles
1353 480 1406 523 et
1449 472 1624 524 lirmos
1664 473 1780 525 fecit
1812 473 1855 529 Α
1886 472 2100 530 tionum,
2127 479 2176 520 et
2208 466 2389 518 ﬂuctus
2422 466 2830 538 tribulationum,
2863 475 2914 538 et
2945 473 3275 538 tempestates
3309 479 3419 521 ton-

255 542 455 604 ptrsitos
478 555 631 602 supra
661 551 866 605 petram,
898 537 946 591 id
974 548 1073 598 est,
1104 539 1152 591 itt
1184 542 1330 590 lirnio
1351 550 1401 590 et
1428 549 1536 591 tuto
1563 543 1693 600 loco,
1736 543 1783 594 itt

252 607 643 675 ecclesiasticis,
674 608 914 675 scilicett
937 609 1200 659 institut-s.
1240 607 1347 665 Vel,
1390 623 1542 674 supra
1575 625 1658 660 me
1696 626 1785 675 pe-

257 687 415 728 tram.
437 674 583 727 Petra
603 677 730 726 enirn
756 685 856 727 crat
878 673 1120 728 Christus.
1147 677 1400 728 Stahiliv't
1422 673 1532 737 eos,
1550 678 1665 741 quia
1698 673 1790 741 per

253 760 344 796 tne
368 755 665 798 constantes
688 759 778 797 eos
817 744 956 806 fecit,
1002 754 1047 794 et
1075 745 1152 795 sic
1190 746 1371 797 direxit
1413 761 1609 812 gressus
1632 764 1784 809 meos,

258 814 310 865 id
344 823 444 875 est,
469 829 624 876 opera
654 827 921 882 meorum,
942 814 1020 864 vel
1053 814 1168 865 illos
1208 828 1298 878 per
1327 830 1457 881 quos
1485 829 1788 882 egresSurns

253 896 405 934 cram
435 883 496 931 ad
525 881 759 933 notitiam
789 881 1038 948 gentium.

329 950 396 1002 Et
416 951 613 1001 immisit
637 952 687 1001 in
706 966 760 1001 os
787 965 970 1001 meum.
997 948 1204 1007 Statuit,
1227 949 1456 1015 inquam,
1480 952 1628 1013 pedes
1646 967 1789 1003 meo-

253 1033 398 1080 rum,
428 1029 474 1071 et
503 1018 684 1071 direxit
710 1035 906 1087 gressus
933 1032 1113 1070 eorum
1130 1033 1149 1081 ;,
1176 1026 1220 1068 et
1249 1019 1346 1070 hoc
1384 1021 1539 1071 tnodo
1582 1022 1789 1072 immisit

251 1090 311 1138 in
339 1103 394 1140 os
423 1101 604 1149 meum,
630 1089 678 1138 id
707 1098 805 1150 est,
840 1101 1093 1147 nieorum,
1118 1087 1332 1147 scilicet,
1365 1096 1419 1139 et
1447 1089 1495 1139 in
1524 1104 1584 1143 os
1612 1091 1786 1141 cordis

248 1163 309 1207 et
356 1157 408 1207 in
447 1170 506 1206 os
548 1156 780 1222 corporis
829 1155 1077 1206 canticum
1119 1170 1317 1213 novum.
1362 1156 1409 1207 id
1453 1167 1552 1218 est,
1597 1173 1785 1210 novam

248 1224 564 1276 charitatem
592 1233 644 1276 et
675 1223 1038 1276 humilitatem.
1070 1223 1215 1275 Sicut
1241 1225 1378 1275 enim
1425 1237 1571 1278 vetns
1615 1231 1784 1279 cauti-

249 1308 378 1345 cum
421 1300 503 1346 est
540 1301 688 1345 vetus
732 1293 1038 1346 animositas
1082 1303 1134 1344 et
1178 1293 1442 1354 superbia,
1489 1295 1557 1346 ita
1606 1311 1787 1348 novum

249 1362 506 1412 continua
532 1369 610 1413 est
635 1362 861 1416 Charitas
892 1373 1023 1412 nova
1049 1369 1101 1412 et
1124 1361 1384 1412 humilitas
1406 1376 1560 1414 nova.
1586 1363 1785 1418 Novum

239 1431 508 1492 canticum
551 1430 689 1494 dico,
731 1429 867 1496 quod
906 1439 988 1482 est
1034 1445 1250 1490 carmen,
1284 1430 1331 1480 id
1379 1440 1479 1492 est,
1509 1432 1621 1484 lans
1654 1432 1786 1494 Deo;

248 1500 346 1564 qui
389 1513 506 1551 cum
536 1503 604 1550 sit
644 1499 876 1551 omnium
921 1499 1054 1550 Deus
1102 1512 1192 1564 per
1221 1507 1477 1561 naturam,
1507 1509 1702 1564 noster,
1738 1503 1785 1555 id

248 1576 370 1627 est,
413 1581 560 1619 mens
598 1577 651 1620 et
697 1582 930 1619 meorum
959 1575 1040 1620 est
1081 1581 1172 1630 per
1213 1567 1451 1632 gratiam.
1488 1568 1608 1620 Iltec
1647 1576 1783 1621 enim

247 1643 379 1687 sunt
422 1643 628 1701 pi0pter
657 1651 772 1698 qua:
814 1635 952 1688 Deus
992 1636 1224 1686 maxime
1262 1635 1323 1686 ad
1372 1651 1467 1687 nos
1493 1637 1783 1702 descendit,

247 1705 478 1762 scilicet,
520 1703 828 1763 cliaritaseet
859 1704 1140 1766 humilitas,
1173 1713 1226 1758 et
1266 1705 1382 1756 ideo
1413 1719 1504 1770 per
1535 1706 1646 1759 Ιιιεε
1678 1723 1786 1759 ina-

250 1773 397 1827 Iinte
426 1773 678 1826 laudatur.

339 1840 579 1893 Videbunt
609 1843 772 1894 multi.
801 1840 958 1906 Quasi
1000 1841 1178 1893 dicat:
1213 1841 1327 1905 Quo
1377 1841 1545 1894 fructu
1589 1844 1777 1898 factum

243 1920 336 1964 est
367 1911 484 1971 hoc,
513 1911 650 1973 quod
678 1925 823 1963 meos
848 1909 1071 1962 eduxisti
1102 1910 1163 1962 de
1189 1908 1303 1961 lacu
1340 1912 1568 1973 miserim,
1599 1924 1650 1965 et
1685 1915 1778 1964 iiii-

247 1979 516 2033 misistiin
543 1995 597 2032 os
637 1994 817 2032 eorum
843 1980 1090 2030 canticum
1134 1982 1352 2031 nouum?
1389 1979 1513 2044 lloc,
1557 1983 1774 2044 scilicet,

250 2057 312 2100 ιιι
347 2048 491 2098 multi
524 2048 732 2101 videant
758 2047 874 2110 hoc,
907 2057 960 2100 et
989 2048 1223 2107 timeant,
1255 2051 1387 2100 sicut
1422 2064 1600 2102 revera
1635 2053 1778 2104 multi

243 2116 486 2169 videbunt
515 2127 562 2168 et
603 2117 873 2169 timebunt.
892 2116 1000 2168 Duo
1029 2118 1167 2170 enim
1195 2117 1405 2170 ordines
1434 2128 1556 2171 sunt
1598 2120 1645 2172 in
1678 2123 1776 2174 Ec-

243 2186 412 2237 clesia
458 2200 471 2236 :
525 2186 612 2240 alii
654 2186 1028 2253 praecedentes,
1076 2188 1160 2239 alii
1206 2187 1598 2253 sttbsequeutes.
1639 2189 1769 2242 Prte-

245 2253 502 2306 cedentes
527 2256 765 2320 exemplo
792 2263 913 2307 sunt
940 2256 1395 2318 subsequentibus,
1429 2267 1482 2306 ut
1524 2273 1614 2309 eos
1662 2261 1776 2310 imi-

246 2333 451 2393 tentur,
493 2323 865 2393 stthsequentes
911 2338 1034 2393 vero
1084 2324 1368 2393 imitatores
1416 2334 1533 2376 sunt
1580 2341 1777 2393 praece-

241 2391 502 2444 dentium.
533 2393 596 2445 Et
625 2394 740 2446 ideo
765 2392 926 2444 dicit:
964 2391 1114 2442 Multi
1151 2393 1378 2444 videbunt
1426 2394 1540 2445 illos
1584 2391 1775 2459 praece-

240 2460 456 2524 dentes,
485 2472 536 2515 et
578 2473 771 2515 arctam
813 2463 947 2513 viam
990 2462 1309 2522 insistentes,
1342 2473 1385 2514 et
1429 2462 1660 2519 videntes
1708 2467 1774 2517 ti-

243 2530 478 2600 mebunt,
525 2543 734 2598 propter
763 2532 882 2592 hoc,
908 2532 1128 2600 scilicet.
1161 2531 1276 2600 quia
1313 2547 1403 2595 per
1444 2534 1598 2585 lataui
1641 2534 1772 2587 iiam

244 2596 665 2667 incedutit,‘qn£e
707 2613 847 2653 arcta
886 2607 966 2652 est
1005 2599 1054 2652 in
1088 2596 1206 2661 line,
1238 2610 1289 2652 et
1327 2615 1429 2653 non
1462 2600 1631 2667 potius
1661 2603 1775 2655 illos

242 2665 538 2736 imitantur.
570 2665 648 2719 Et
694 2669 810 2721 ideo
851 2669 1134 2736 sperabunt,
1180 2670 1226 2721 id
1274 2679 1381 2732 est,
1430 2665 1572 2734 spem
1626 2687 1771 2724 suam

239 2734 529 2800 ctittjicient
559 2738 806 2789 imitando
837 2734 951 2790 illos
977 2753 1078 2789 non
1109 2741 1157 2789 in
1192 2740 1312 2796 illis.
1337 2738 1426 2790 sed
1460 2740 1511 2789 in
1535 2738 1771 2803 Domino,

240 2817 404 2869 quem
452 2805 789 2859 itnitihuntur
823 2808 871 2859 in
906 2809 1049 2871 ipsis.
1090 2807 1240 2858 Juxta
1291 2808 1451 2858 illud:
1488 2806 1774 2862 Imitatores

241 2874 344 2945 mei
387 2883 559 2938 estote,
589 2876 887 2945 citarissimi,
925 2877 1047 2926 sicut
1089 2883 1134 2926 et
1172 2892 1271 2945 ego
1305 2876 1510 2928 Christi.
1555 2876 1616 2928 Et
1659 2878 1774 2930 ideo

241 2941 406 2993 etiam
428 2959 527 2996 non
553 2946 602 2996 in
631 2944 730 2997 illis
749 2947 1036 3005 sperabunt,
1060 2946 1149 2998 sed
1172 2941 1222 2995 in
1247 2944 1479 3007 Domino,
1510 2946 1628 3011 quia
1659 2961 1773 2997 ont-

244 3011 332 3079 nis
361 3011 526 3066 virtus
557 3024 608 3066 et
634 3016 884 3067 auxilium
911 3028 1088 3066 eorum
1122 3014 1470 3079 principaliter
1494 3015 1591 3067 erit
1615 3029 1644 3066 a
1671 3016 1767 3066 lio-

243 3078 416 3145 nino,
457 3082 606 3148 justa
650 3083 813 3136 illud:
847 3083 1025 3135 Levavi
1075 3078 1245 3134 oculos
1289 3078 1419 3134 tneor
1460 3084 1511 3134 in
1560 3093 1770 3147 montes,

240 3151 382 3219 unde
406 3153 566 3204 veniat
592 3154 857 3206 auxilium.
882 3152 1142 3207 Auxilium
1169 3159 1363 3212 autem,
1389 3151 1608 3213 scilicet,
1639 3156 1773 3219 prin-

237 3217 412 3284 cipale
437 3233 463 3270 a
494 3220 728 3274 Domino.

315 3283 504 3358 Beatus
553 3291 645 3343 uir.
687 3290 868 3343 Merito
914 3290 1180 3358 sperabunt
1226 3290 1278 3340 in
1327 3289 1451 3348 Deo,
1493 3288 1610 3355 quia
1656 3290 1777 3344 inde

243 3353 622 3427 Deatitudittetn
664 3353 1025 3427 assequentur.
1069 3360 1192 3427 Nam
1232 3359 1401 3410 amnis
1440 3353 1521 3408 viri
1563 3360 1646 3411 ille
1689 3370 1774 3412 est

242 3423 604 3495 {tectugcujus
631 3443 739 3494 spes
769 3423 836 3479 eit
876 3445 1052 3480 nomen
1095 3426 1294 3480 Domini
1340 3428 1438 3489 sui,
1475 3426 1523 3477 id
1557 3437 1657 3491 est,
1687 3429 1775 3495 qui

240 3490 388 3563 lacit
408 3494 503 3546 sibi
517 3490 676 3556 ’δυριιί
726 3496 823 3548 hoc
852 3511 1036 3548 nomen
1067 3499 1201 3563 quod
1229 3507 1304 3548 est
1337 3495 1606 3556 Dominus,
1637 3490 1774 3559 quod

239 3560 422 3613 cunnis
451 3563 537 3617 ille
566 3564 683 3616 facit
721 3565 955 3631 quisquis
983 3579 1039 3618 se
1063 3560 1273 3616 exhibet
1303 3565 1508 3617 ﬁdelem
1559 3564 1776 3620 Domino

241 3643 459 3682 servum
485 3644 536 3684 et
579 3641 940 3700 spontaneum.
973 3633 1034 3686 Et
1073 3635 1137 3684 ita
1176 3635 1292 3685 dico
1334 3649 1450 3686 eum
1491 3647 1610 3686 esse
1653 3637 1776 3688 heao

241 3706 379 3767 tum,
402 3700 446 3750 si
477 3716 575 3752 non
603 3704 832 3767 respiciat
856 3704 906 3753 in
935 3705 1192 3764 vanitates,
1225 3704 1272 3754 id
1298 3712 1397 3764 est,
1430 3703 1477 3754 in
1503 3702 1612 3754 haec
1632 3718 1776 3756 mutt-

240 3766 406 3827 dana,
433 3784 548 3834 quae
577 3766 703 3822 vana
732 3781 853 3823 sunt
878 3771 1164 3823 aﬂ'ectando
1193 3787 1270 3824 ea.
1309 3772 1466 3823 Nemo
1494 3773 1624 3823 enim
1664 3775 1776 3824 mit-

241 3845 354 3885 tens
382 3853 584 3909 manum
604 3842 657 3891 in
688 3851 930 3909 aratrum,
954 3850 1000 3890 et
1039 3842 1300 3906 respiciens
1332 3852 1482 3904 retro,
1513 3852 1655 3909 aptus
1683 3846 1772 3894 erit

241 3918 400 3976 regno
436 3905 544 3959 Dei.
577 3909 641 3959 Et
676 3908 794 3973 quia
825 3911 977 3968 multi
1001 3905 1125 3961 sunt
1163 3911 1249 3975 qui
1281 3925 1459 3973 parum
1490 3905 1774 3976 restiicittnt

243 3973 334 4045 ad_
361 3987 514 4034 vana,
557 3976 778 4036 scilicet,
821 3977 884 4028 ad
927 3993 1126 4037 aurum,
1172 3973 1461 4045 argentum,
1494 3988 1547 4030 et
1579 3973 1774 4033 caetera

242 4039 392 4103 talia,
417 4046 539 4107 quia
575 4059 676 4096 non
707 4053 892 4096 curant
930 4059 1017 4107 ea;
1046 4047 1135 4098 sed
1169 4039 1337 4098 tamen
1372 4039 1472 4100 non
1507 4063 1624 4099 vere
1657 4064 1772 4114 per.

235 4121 716 4182 caverantessunt.
747 4114 866 4182 quia
905 4114 1227 4166 delectantur
1255 4116 1303 4167 in
1329 4116 1654 4182 jocularibus
1686 4133 1767 4170 re—

243 4179 366 4238 lius,
394 4178 530 4230 sicut
559 4181 608 4233 in
652 4181 842 4247 aurigis
869 4191 920 4232 et
959 4185 1289 4246 lunambulis,
1321 4178 1535 4237 canibus
1573 4196 1625 4238 ct
1665 4190 1773 4238 avi-

238 4250 378 4321 bus;
407 4249 523 4321 ideo
550 4250 761 4321 subdit:
793 4252 922 4321 Etsi
954 4268 1049 4303 non
1090 4254 1319 4321 respiciat
1345 4255 1499 4306 etiam
1531 4257 1596 4305 ad
1631 4256 1773 4307 insa-

236 4318 360 4391 siias
389 4319 565 4391 (uisas,
597 4318 646 4372 id
687 4329 785 4382 est,
815 4319 888 4391 ad
902 4320 1152 4391 iocularia
1169 4318 1232 4374 et
1273 4324 1486 4383 ludicra,
1520 4339 1634 4389 quae
1660 4326 1774 4391 qui-

237 4387 368 4437 dem
401 4388 613 4442 insania:
640 4399 779 4450 sunt,
806 4389 923 4453 quia
955 4389 1214 4442 hominem
1256 4387 1604 4444 abalienatum
1654 4387 1772 4445 red-

1893 542 2166 600 tationum,
2201 546 2252 587 et
2298 537 2534 586 homines
2582 549 2672 598 per
2701 534 3074 587 dett-actionem
3118 551 3175 587 se
3205 537 3420 591 invicvm

1890 608 2216 663 deierantes,
2261 604 2394 655 sicut
2425 605 2473 654 in
2507 603 2632 654 mari
2679 606 2861 662 pisces.
2901 604 2998 655 hoc
3030 618 3190 663 mare,
3235 605 3283 656 id
3316 619 3418 663 est,

1892 676 2163 735 tunndnm,
2212 674 2366 725 debet
2409 672 2626 736 quisque
2668 673 3050 724 contemnendo
3098 672 3320 734 Calcare,
3368 690 3422 727 et

1889 755 2044 806 super
2075 743 2241 797 ipsum
2270 742 2563 792 ambulare:
2593 742 2683 790 sed
2716 752 2884 791 tamen
2915 756 3012 791 tton
3044 741 3285 801 caltaliis,
3315 759 3416 795 tiott

1889 810 2359 875 superabuznlahis.
2393 809 2487 859 nisi
2524 809 2606 860 ille
2642 808 2857 872 jusserit
2885 810 2971 874 qui
3006 809 3146 873 prior
3181 811 3418 864 calcavit.

1889 878 2117 946 Namque
2146 878 2187 930 si
2214 879 2298 930 ille
2323 876 2539 946 jusserit
2571 878 2703 946 lead
2730 893 2785 946 se
2815 878 3009 933 venire,
3045 894 3144 928 tton
3189 879 3324 930 sinet
3369 891 3418 932 te

1892 943 2078 1011 perire.
2106 947 2204 1010 Tu,
2234 947 2461 1011 inquam,
2495 943 2726 1004 Domine,
2759 945 2918 1011 fecisti
2949 946 3217 1008 mirabilia,
3243 959 3286 998 et
3319 947 3415 999 hoc

1889 1016 1940 1067 itt
1971 1018 2100 1068 solis
2128 1013 2671 1083 cogitationibustuis,
2707 1013 2753 1064 id
2791 1023 2887 1083 est,
2929 1029 3021 1080 per
3057 1025 3105 1065 te
3148 1016 3258 1066 sine
3295 1032 3415 1066 coo-

1890 1084 2008 1137 silio
2038 1086 2114 1136 vel
2145 1081 2339 1134 auxilio
2382 1081 2620 1148 alicujus,
2664 1083 2805 1148 juxta
2855 1082 2973 1133 illud
3001 1098 3013 1134 :
3050 1083 3167 1147 Quis
3197 1088 3420 1152 cOgitocit

1887 1169 2083 1205 actuum
2120 1151 2343 1211 Domini,
2369 1161 2456 1202 aut
2485 1152 2594 1216 quis
2620 1152 2937 1221 consiliarius
2973 1153 3080 1220 ejus
3104 1153 3238 1221 fuit?
3260 1151 3312 1204 et
3342 1170 3418 1204 re-

1890 1223 2048 1288 liqua.
2079 1222 2272 1287 Quare,
2302 1221 2419 1286 quia
2453 1233 2545 1285 per
2588 1229 2636 1268 te
2663 1222 2829 1272 solum
2861 1219 3057 1278 iecisti.
3089 1219 3188 1272 non
3223 1234 3303 1273 est
3332 1226 3416 1285 qui

1888 1290 2258 1342 assimilandus
2286 1289 2353 1341 sit
2386 1289 2499 1347 tilii,
2534 1287 2722 1339 nedum
2758 1288 3128 1353 przcl‘ercndns.
3161 1291 3305 1353 Quod
3340 1303 3416 1342 ta-

1889 1374 2006 1413 men
2037 1359 2107 1411 illi
2139 1357 2355 1421 faciunt,
2388 1355 2609 1417 scilicet,
2642 1358 2737 1407 alia
2769 1357 2858 1408 tibi
2895 1358 3191 1420 pra-lerunt,
3222 1361 3304 1424 qui
3338 1376 3418 1410 rc-

1887 1427 2006 1479 licta
2057 1428 2288 1479 Ecclesia
2319 1435 2532 1478 currunt
2561 1425 2622 1476 ad
2669 1426 3005 1490 joculatoria,
3038 1429 3266 1478 maxime
3296 1444 3418 1480 vero

1887 1495 1963 1548 illi
2008 1497 2308 1554 idololatrze.
2340 1495 2424 1562 qui
2470 1503 2761 1548 creaturam
2803 1496 2998 1557 colunt,
3028 1507 3078 1547 et
3111 1498 3411 1547 Creatorem

1889 1574 2225 1630 postponam.

1955 1634 2252 1684 Annuntiavi
2295 1642 2340 1683 et
2384 1634 2572 1684 locutus
2609 1647 2738 1684 sum.
2780 1631 2866 1687 Sic
2912 1634 3277 1686 continuatur:
3316 1633 3417 1685 Ex-

1886 1713 2116 1764 spectans
2138 1701 2415 1768 exspectavi
2445 1701 2733 1752 Dominum.
2762 1702 2821 1752 Et
2848 1705 3196 1765 exstiectando
3222 1719 3420 1753 annun.

1818 1789 1860 1846 Β
1891 1772 2024 1846 tiavi,
2058 1771 2194 1846 quod
2224 1770 2630 1846 annuntiandum
2661 1770 2971 1846 fuitnopcre;
2995 1782 3039 1846 et
3064 1771 3257 1822 locatus
3286 1788 3416 1834 sum,

1889 1841 2024 1904 quod
2071 1841 2381 1905 loquendum
2432 1837 2527 1889 fuit
2569 1852 2722 1905 fore.”
2745 1838 2918 1890 Potest
2968 1840 3043 1890 sic
3099 1854 3304 1905 quoque
3349 1846 3411 1891 ad

1878 1904 2175 1973 proximum
2203 1910 2494 1960 continuari
2522 1923 2534 1956 :
2563 1904 2658 1965 Tu,
2694 1904 2922 1967 Domine,
2957 1907 3116 1974 fecisti
3146 1904 3410 1971 attrahi/ia,

1877 1985 1930 2027 et
1962 1977 2044 2029 illa
2074 1976 2328 2028 tnirabilia
2375 1974 2666 2026 annuntiavi
2695 1990 2792 2041 ego
2833 1986 2883 2028 et
2925 1977 3022 2027 mei
3053 1991 3226 2041 Opi-re,
3261 1987 3304 2026 et
3334 1979 3413 2028 lo-

1875 2054 2017 2096 catus
2043 2062 2155 2097 sum
2177 2059 2273 2110 ego
2295 2055 2348 2096 et
2377 2047 2475 2097 mei
2504 2059 2612 2097 ore.
2642 2043 2752 2096 Non
2784 2046 2953 2098 solum
2985 2050 3123 2097 enim
3153 2047 3411 2106 Lhristns,

1876 2114 1967 2168 sed
2003 2115 2225 2183 apostoli
2255 2129 2461 2180 quoque
2503 2124 2574 2183 et,
2599 2115 2762 2165 sancti
2804 2128 3091 2183 praecones.
3126 2116 3412 2167 docuerunt

1875 2181 2047 2237 verbo
2073 2193 2128 2236 et
2154 2185 2391 2250 exemplo
2422 2181 2667 2234 mundum
2701 2181 3027 2244 calcandum,
3069 2191 3122 2236 et
3167 2187 3400 2236 carnales

1875 2254 2321 2315 concupiscentias
2352 2251 2705 2303 relt‘enandas.
2735 2252 2790 2300 l-lt
2827 2251 2967 2315 prius
2997 2251 3115 2303 fecit
3141 2252 3398 2311 Christus,

1874 2322 2059 2373 deinde
2089 2323 2241 2380 dixit,
2271 2321 2415 2387 juxta
2447 2319 2568 2372 Illud
2596 2335 2609 2371 :
2640 2317 2868 2370 Primum
2899 2320 3094 2383 quidem
3131 2335 3403 2372 sermonem

1875 2391 1970 2454 feci
1996 2391 2058 2442 de
2086 2392 2329 2450 omnibus,
2365 2405 2392 2440 ο
2424 2388 2717 2457 Tlteopltile,
2741 2399 2850 2456 quo?
2878 2391 3021 2454 carpit
3047 2387 3193 2441 Iesus
3222 2391 3407 2457 facere,

1875 2469 1920 2510 et
1941 2460 2120 2522 dicere,
2144 2459 2260 2524 quia
2282 2468 2403 2509 tunc
2424 2458 2634 2510 demum
2656 2469 2795 2512 recta
2822 2468 2902 2512 est
2925 2459 3179 2519 doctrina,
3203 2461 3408 2525 quando

1875 2529 2104 2581 doctoris
2131 2543 2232 2581 n0u
2274 2528 2574 2594 discrepant
2619 2527 2748 2580 facta
2794 2537 2848 2582 et
2891 2529 3047 2581 dicta.
3081 2531 3402 2592 Annuntiavi,

1877 2596 2116 2663 inquam,
2149 2606 2194 2647 et
2239 2597 2431 2648 locutus
2460 2611 2600 2656 sum,
2639 2604 2692 2648 et
2739 2612 2822 2650 me
2860 2598 3200 2651 anttnntiante
3229 2609 3280 2650 et
3326 2600 3407 2650 lo-
3459 2600 3463 2603 ’

1873 2675 2085 2733 queute,
2132 2663 2448 2732 multiplicati
2478 2673 2592 2715 sunt
2642 2666 2915 2718 credentes
2942 2682 3095 2733 super
3123 2684 3396 2724 numerum.

1877 2734 1926 2805 i_d
1983 2745 2096 2805 est,
2155 2735 2327 2805 plures
2378 2741 2712 2805 accesserunt
2769 2749 2924 2801 quam
2984 2737 3297 2805 pertinerent
3339 2740 3405 2788 ad
3481 2782 3490 2784 ι

1879 2802 2173 2856 Dominum.
2206 2802 2294 2856 Est
2323 2802 2475 2871 enim
2507 2811 2679 2854 certus
2723 2817 2973 2856 numerus
3005 2803 3230 2856 ﬁdelium
3283 2820 3402 2871 per-

1878 2872 2150 2924 tinentium
2201 2872 2265 2924 ad
2311 2870 2600 2924 Jerusalem
2647 2883 2944 2937 supernam.
2993 2873 3053 2925 lli
3110 2889 3232 2925 vero
3282 2870 3401 2924 sunt

1876 2952 2136 2992 amatores
2186 2951 2238 2991 et
2298 2939 2677 3006 observatores
2722 2951 3093 3006 praeceptorum
3163 2941 3286 3003 Dei,
3338 2944 3404 2993 do

1875 3010 2063 3074 quibus
2092 3009 2284 3062 dictum
2316 3017 2394 3060 est
2419 3025 2428 3059 :
2465 3005 2615 3057 Novit
2649 3005 2888 3077 Dominus
2909 3012 2992 3077 qui
3021 3018 3134 3060 sunt
3163 3011 3289 3076 ejus,
3318 3013 3404 3074 qui

1877 3092 2048 3132 autem
2105 3078 2326 3144 parietes
2372 3077 2616 3128 Ecclesia
2661 3075 2889 3142 iaciunt,
2921 3075 2981 3129 'et
3021 3088 3271 3142 praecepta
3318 3080 3407 3131 Dei

1882 3157 2239 3207 contemnunt.
2267 3146 2315 3198 hi
2345 3144 2555 3212 quidem
2577 3144 2639 3196 ad
2670 3156 2992 3211 sacramenta
3019 3147 3262 3200 Ecclesia:
3295 3163 3404 3217 per-

1885 3218 2048 3268 tinent
2096 3226 2293 3267 tzititum
2353 3229 2443 3281 per
2490 3216 2843 3280 voeationetn,
2885 3219 2975 3269 sed
3024 3233 3123 3269 non
3171 3216 3306 3270 sunt
3337 3220 3407 3271 dc

1882 3298 2098 3337 numero
2139 3286 2227 3338 illo
2263 3287 2327 3336 de
2368 3283 2554 3350 quibus
2590 3285 2783 3336 dictum
2827 3294 2943 3338 est:
2980 3283 3127 3338 Multi
3166 3298 3280 3340 sunt
3322 3303 3408 3339 vo-

1880 3355 1997 3418 cati,
2025 3365 2125 3408 etc.

1948 3423 2266 3490 Sacriﬁcium
2302 3429 2345 3472 et
2380 3420 2673 3473 oblationem
2715 3423 2940 3474 noluisti.
2974 3423 3291 3486 Annutttfavi,
3326 3427 3406 3477 in-

1877 3508 2054 3558 quam,
2083 3503 2129 3544 et
2159 3494 2348 3543 locutus
2377 3507 2505 3553 sum,
2538 3500 2592 3557 ct
2621 3505 2832 3542 incoesse
2885 3492 2978 3542 luit
3015 3501 3068 3542 ut
3113 3507 3210 3559 ego
3254 3499 3396 3545 Veni-

1877 3578 1986 3616 rem
2034 3571 2087 3613 et
2132 3563 2491 3612 annuutiarettt
2536 3562 2656 3625 quia
2699 3569 2779 3619 tu,
2827 3559 3058 3624 Domine,
3101 3566 3163 3612 ad
3214 3562 3412 3614 horam

1879 3641 2078 3684 tantum
2110 3631 2293 3696 legalia
2337 3630 2588 3681 sarrilicia
2620 3630 2949 3690 constituisti,
2982 3644 3029 3681 et
3071 3631 3289 3693 amplius
3331 3646 3392 3684 ea

1876 3715 1994 3753 esse
2045 3701 2279 3751 noluisti.
2328 3700 2507 3750 Potest
2548 3701 2622 3749 sic
2662 3714 2867 3763 quoque
2909 3699 3193 3752 contionari
3232 3717 3243 3752 :
3291 3698 3394 3761 Tu,

1876 3769 2104 3828 Domine,
2133 3768 2292 3830 fecisti
2321 3767 2568 3818 mirabilia
2597 3767 2648 3816 in
2678 3771 3052 3836 cogitationibus
3075 3770 3192 3830 tuis,
3242 3780 3293 3823 et
3333 3785 3396 3822 ex

1877 3840 1980 3891 illis
2021 3840 2339 3906 cogitarunt;
2370 3846 2448 3888 est
2491 3837 2596 3906 lucc
2643 3851 2761 3906 una,
2789 3837 2904 3903 quia
2936 3848 2988 3888 tu
3034 3840 3239 3892 noluisti
3281 3856 3392 3891 am-

1878 3910 2006 3973 plius
2050 3907 2353 3963 sacri/icium
2384 3919 2498 3957 esse
2528 3905 2710 3971 legale,
2742 3916 2783 3955 et
2812 3906 3106 3958 obla't‘onem
3155 3911 3392 3973 legalem.

1875 3979 2002 4030 Cum
2029 3978 2167 4029 enim
2201 3976 2423 4025 nondum
2447 3984 2586 4026 esset
2614 3983 2812 4038 tempus
2843 3975 2978 4025 illius
3001 3977 3106 4025 veni
3133 3978 3391 4041 sacrillcii,

1873 4047 2010 4110 quod
2043 4055 2235 4097 norunt
2274 4045 2472 4107 lideles,
2504 4045 2720 4102 scilicet,
2748 4057 3022 4108 antequam
3055 4057 3204 4096 verus
3228 4059 3392 4110 agnus

1873 4116 2114 4166 Christus
2153 4127 2269 4164 sese
2310 4115 2358 4164 iit
2391 4126 2478 4164 ara
2520 4113 2688 4163 crucis
2737 4126 2831 4179 pro
2880 4111 3024 4162 nobis
3071 4110 3383 4175 immolaret,

1876 4183 2283 4250 prae~ignabatnr
2319 4183 2471 4232 variis
2519 4181 2693 4248 liguris
2723 4189 2775 4233 et
2822 4179 3081 4250 mysteriis
3108 4195 3133 4229 a
3175 4182 3387 4248 quihus-

1874 4249 1992 4304 dam
2017 4249 2124 4321 jam
2168 4266 2259 4316 per
2303 4251 2548 4314 Spiritum
2577 4249 3232 4321 sanctumpwscieutihus
3263 4251 3383 4304 illud

1875 4319 2130 4382 futurum,
2168 4330 2221 4371 et
2267 4335 2291 4369 a
2343 4319 3063 4386 quibusdamnescientibus.
3110 4321 3382 4387 l’ostquam

1876 4407 2000 4444 vero
2034 4392 2242 4442 advenit
2290 4400 2490 4455 tempus
2519 4389 2655 4441 illius
2685 4389 2790 4443 veri
2837 4390 3099 4451 sacriticii,
3131 4403 3384 4443 venerunt

237 4454 523 4526 i‘lutitised
554 4468 721 4511 tamen
748 4459 863 4524 quia
894 4473 995 4509 non
1025 4462 1225 4522 penitus
1251 4471 1475 4512 tuentem
1507 4461 1768 4526 auferunt,
1802 4458 1852 4515 D
1876 4463 2028 4511 verba
2060 4454 2467 4522 completiva,’et
2513 4459 2676 4508 ablata
2711 4467 2833 4510 sunt
2871 4458 3025 4511 verba
3058 4460 3379 4526 promissiva.

239 4521 393 4596 falsa:
419 4523 633 4596 insania;
656 4521 914 4596 dicuntur.
938 4521 1066 4596 Vere
1090 4540 1261 4579 autem
1289 4529 1485 4578 insania
1508 4539 1647 4590 sunt,
1673 4521 1770 4596 ira,

239 4593 413 4708 t’u‘riojr,
441 4602 493 4642 ct
519 4593 730 4658 similia,
760 4611 873 4661 qua:
901 4595 1102 4660 penitus
1130 4596 1474 4648 abalienatum
1505 4593 1766 4650 hominem

239 4671 302 4708 re
381 4669 490 4708 tuti.

237 4669 490 4710 reddtmt.

319 4725 488 4800 Multa
514 4732 677 4798 fecisti
695 4742 769 4796 tu,
796 4730 1020 4785 Domine.
1066 4731 1189 4784 Dico
1218 4733 1259 4784 si
1300 4748 1398 4784 non
1438 4734 1666 4800 respiciat
1705 4737 1772 4786 ad

236 4795 472 4869 insanias
498 4795 673 4865 falsas,
704 4803 767 4854 ad
809 4818 936 4869 quas
977 4818 1077 4854 non
1104 4811 1184 4854 est
1211 4795 1610 4866 respiciendum,
1652 4818 1768 4856 cum

236 4863 387 4914 nulla
429 4863 580 4934 cogat
619 4863 961 4935 inopiafquia
988 4880 1060 4930 tu,
1101 4863 1311 4922 Domine
1353 4871 1483 4924 Dens
1524 4863 1680 4933 meus,
1718 4884 1771 4927 et

238 4945 505 4996 meorum,
539 4952 626 5002 per
655 4941 892 5005 gratiam,
923 4941 1081 5006 feciin
1107 4939 1263 4990 multa
1293 4941 1558 5003 mirabilia,
1589 4943 1639 4993 id
1666 4953 1766 5004 est,

235 5006 538 5076 spectacula
569 5016 675 5076 tua,
708 5009 755 5059 id
785 5017 884 5068 est,
915 5011 976 5058 ad
1018 5019 1065 5059 te
1096 5011 1422 5072 pertinentia,
1454 5020 1506 5061 et
1532 5011 1648 5062 ideo
1678 5026 1769 5076 po-

237 5073 349 5145 tius
373 5075 721 5145 spectandum
740 5085 820 5145 est
845 5077 907 5127 ad
937 5075 1025 5127 illa
1070 5092 1221 5139 qttam
1251 5080 1316 5126 ad
1346 5080 1563 5129 insanias
1591 5073 1764 5145 falsas.

236 5140 300 5192 Si
329 5153 482 5206 quem
513 5142 648 5192 enim
695 5144 916 5196 delectat
963 5145 1135 5196 videre
1177 5145 1432 5210 aurigam,
1467 5140 1634 5212 potius
1672 5149 1766 5200 de-

238 5212 404 5262 lectet
431 5225 549 5262 eum
585 5211 760 5263 videre
791 5214 1135 5266 reireiiantctn
1165 5215 1436 5274 luxuriam,
1462 5217 1541 5266 vel
1570 5217 1696 5266 irati.
1716 5227 1768 5269 et

236 5279 458 5343 similia,
489 5284 604 5343 quia
646 5281 796 5347 lange
832 5284 1034 5347 dignius
1076 5286 1181 5349 agit
1221 5284 1303 5347 tpti
1349 5285 1766 5345 equos.luntri:c

239 5349 325 5399 vel
355 5349 587 5401 avaritiae
617 5357 877 5414 raptatttes
906 5356 953 5401 in
988 5352 1326 5416 praecipitium
1361 5352 1490 5402 bene
1519 5355 1765 5417 refrenat,

238 5427 399 5482 quam
425 5419 509 5482 qui
540 5418 771 5487 gyrosin
802 5420 1040 5470 curribus
1070 5421 1145 5471 vel
1189 5424 1390 5485 equites
1419 5422 1594 5486 agitat.
1641 5424 1763 5472 Item

238 5497 288 5536 ιιι
313 5487 430 5551 quis
458 5485 673 5540 miratur
699 5485 1075 5548 funatttbulum,
1111 5490 1282 5553 potius
1312 5491 1525 5540 miretur
1558 5489 1763 5541 Petrum

241 5557 663 5612 utariatnbuluut.
690 5566 742 5609 et
767 5571 885 5609 eum
916 5556 1140 5608 imitetur
1168 5559 1414 5610 calcando
1441 5574 1602 5619 mare,
1629 5559 1764 5623 quod

241 5623 330 5674 ille
355 5627 589 5686 calcarit.
624 5625 762 5678 Marc
787 5640 923 5678 cutm
955 5634 1034 5676 cst
1063 5627 1303 5687 mundus,
1336 5635 1389 5676 ιιι
1414 5627 1586 5678 divina
1628 5630 1766 5678 Scri-

244 5703 396 5760 ptura
429 5703 659 5757 testatur,
689 5695 739 5747 in
770 5709 870 5763 quo
899 5703 979 5749 est
1020 5693 1171 5747 noxia
1219 5696 1507 5749 autatitudo
1536 5696 1761 5749 delecta-

1875 4529 1982 4579 lloc
2028 4541 2125 4587 eet,
2169 4533 2499 4579 recesserunt
2527 4527 2668 4596 signa
2703 4526 3074 4592 promittentis,
3115 4540 3381 4596 postquam
3420 4560 3427 4569 -

1871 4596 2102 4647 exhibita
2127 4603 2207 4646 est
2238 4595 2427 4646 veritas
2456 4594 2728 4660 promissa,
2749 4605 2803 4648 et
2835 4596 2931 4649 hoc
2952 4609 3035 4650 est
3060 4601 3195 4664 quod
3224 4594 3378 4650 dicit:

1873 4665 2115 4727 Noluisti,
2149 4674 2418 4731 postquam
2448 4665 2757 4718 sacrilicmtn
2805 4680 2978 4718 verum
3022 4666 3202 4728 aolntt,
3231 4672 3388 4717 sacri-

1871 4736 2040 4800 ﬁcium
2078 4743 2124 4784 et
2167 4733 2484 4791 oblationem,
2515 4749 2628 4799 quae
2674 4745 2824 4786 erant
2868 4748 3013 4799 signa
3060 4737 3380 4800 promissiva.

1871 4804 2002 4867 Quid
2033 4811 2206 4854 autem
2238 4803 2479 4852 voluisti?
2499 4818 2666 4862 aures,
2688 4805 2902 4863 scilicet,
2928 4804 2973 4851 id
3002 4815 3099 4861 est,
3130 4802 3393 4866 perfectos

1868 4873 2158 4925 obeditores
2184 4885 2300 4920 esse
2328 4870 2547 4932 Voluisti,
2579 4881 2631 4921 et
2661 4872 2775 4921 ideo
2803 4872 3045 4936 perfecisti
3072 4871 3191 4922 mihi
3217 4887 3380 4936 aures,

1869 4942 1918 4993 id
1966 4949 2073 5004 est,
2119 4940 2398 5001 perlecmm
2443 4939 2792 4991 obedientiam
2840 4941 2962 4991 mihi
3011 4940 3075 4991 ad
3122 4941 3384 5006 exmnpla:

1868 5013 2082 5062 aliorum
2112 5008 2404 5066 contulisti,
2435 5017 2485 5057 et
2512 5009 2665 5058 etiam
2699 5009 2826 5058 meis
2856 5023 2951 5060 suo
2980 5009 3152 5060 modo.
3185 5010 3287 5060 Net:
3317 5011 3382 5059 in-

1867 5092 2097 5145 congrue
2141 5090 2295 5126 aures
2339 5082 2490 5145 vocat
2523 5076 2892 5140 obedientiam;
2943 5093 3034 5145 per
3064 5093 3215 5130 aures
3240 5093 3375 5129 ennn

1869 5143 2120 5212 przccepta
2152 5143 2571 5214 intromittuntur
2595 5145 2657 5195 ad
2686 5143 3077 5214 anitnatu,_qu:e
3109 5148 3268 5211 ipsum
3298 5147 3363 5196 do

1864 5211 2016 5267 enatat
2035 5212 2404 5268 obedientiam.
2424 5211 2486 5263 Et
2513 5215 2627 5265 ideo
2651 5215 2854 5280 ponitur
2876 5216 2958 5268 hic
2980 5211 3375 5267 instrumentum

1864 5285 2170 5337 obedientia:
2198 5297 2287 5349 pro
2317 5282 2422 5347 ipsa
2446 5283 2753 5334 obedientia.

1936 5352 2297 5405 llolocaustum
2345 5359 2532 5419 autem.
2573 5351 2952 5416 chdientiam,
3005 5354 3228 5419 inquam,
3280 5369 3380 5401 vo—

1866 5421 2021 5474 luisti.
2051 5423 2178 5474 lllttd
2207 5434 2376 5473 autem
2409 5418 2570 5486 legale
2594 5420 2926 5482 sacriﬁcium,
2951 5418 3084 5487 quod
3111 5423 3380 5474 dicebatur

1864 5490 2223 5548 holocaustum,
2268 5490 2315 5539 id
2363 5497 2459 5548 est,
2494 5497 2654 5543 totum
2699 5489 2982 5547 incensum.
3013 5491 3075 5541 de
3109 5505 3209 5556 quo
3245 5493 3375 5544 nihil

1862 5560 2187 5618 servabatur,
2219 5558 2307 5610 sed
2340 5566 2499 5608 totum
2528 5556 2575 5608 in
2608 5572 2695 5606 ara
2720 5559 3138 5622 comburebatur,
3163 5571 3216 5610 et
3249 5562 3380 5614 illud

1863 5629 1997 5678 aliud
2036 5627 2173 5691 quod
2208 5628 2480 5678 vocabatur
2507 5625 2675 5695 hostia
2703 5640 2792 5695 pro
2823 5636 3040 5695 peccato,
3080 5642 3175 5677 non
3202 5641 3376 5695 postu-

1863 5697 1996 5757 lasti,
2026 5696 2075 5748 id
2104 5705 2206 5761 cst,
2238 5696 2458 5763 amplius
2491 5694 2600 5748 lieri
2630 5693 2854 5748 uoluisti.
2885 5693 3004 5747 llaec
3030 5699 3168 5748 cnim
3197 5693 3374 5753 Omnia
