3912 6230
224 370 335 427 697

959 375 1021 429 IN
1064 366 1471 431 ιιδΑιιιυιιυιι
1510 374 1759 430 LIBRUM
1802 342 2152 431 EXECESIS.
2193 402 2262 416 -
2296 376 2537 432 essen.
2578 377 2689 431 XL.

3314 383 3416 440 698

220 490 550 565 meiiquuia
596 489 948 565 multiplicatis
986 499 1102 542 sunt
1146 481 1554 565 Sttperhcqpiliosu
1580 491 1758 565 capitis
1790 490 1832 545 Α
1865 488 1912 565 id
1936 497 2021 565 est
2041 527 2076 565 ,_
2098 503 2212 542 sum
2240 490 2606 551 comparabil's
2634 490 2913 565 niendico._
2935 490 3032 565 Qui
3061 502 3113 545 et
3142 495 3184 565 si
3214 495 3411 565 aliquid

221 560 345 624 ruri,
376 559 425 612 id
451 567 552 622 εει,
581 573 833 618 meorum,
865 559 982 626 quia
1013 573 1132 611 cum
1159 560 1332 625 capilli
1371 563 1420 610 iii
1449 561 1760 622 quibusdam

215 632 332 681 sint
373 627 745 691 numerabiles,
788 627 913 692 ipse
955 629 1254 694 iniquitates
1300 637 1422 681 sunt
1467 630 1762 681 innumera-

222 700 382 752 biles.
409 695 557 750 Licet
588 697 730 750 enim
769 697 960 762 aliquis
989 697 1086 749 sibi
1116 706 1297 749 caveat
1337 713 1364 748 a
1410 698 1546 749 mole
1577 712 1762 764 pecca-

219 777 422 828 turum,
454 766 503 819 id
531 774 632 829 est,
666 781 694 817 a
719 765 1095 826 criminalibus,
1132 773 1207 818 tot
1229 775 1400 818 tamen
1431 777 1549 819 sunt
1578 767 1757 818 venia-

221 839 289 888 lia
327 851 443 902 qua:
474 835 752 888 committit
779 838 938 894 et'am
971 835 1120 885 unius
1163 833 1288 897 diei,
1310 838 1450 901 quod
1485 850 1757 887 niimeriim

215 907 504 958 escednnt.
541 903 630 956 Vol
661 918 754 968 per
775 903 990 971 capillos
1021 905 1204 969 capitis
1227 902 1342 970 ejus
1374 919 1646 968 possumus
1674 919 1760 955 ac-

212 987 400 1038 cipere
429 987 695 1037 prmcones
717 971 833 1040 ejus
858 971 1035 1028 Verbi.
1061 973 1146 1036 qui
1176 984 1331 1036 caput
1360 983 1462 1034 est,
1492 975 1560 1024 ita
1582 973 1760 1024 adita:-

217 1054 398 1096 rentes
439 1051 492 1094 et
533 1056 651 1093 eum
689 1052 956 1104 ornantcs,
985 1043 1122 1093 sicut
1164 1042 1333 1107 capilli
1367 1042 1640 1094 adlnerent
1669 1056 1756 1093 ca—

218 1113 338 1175 piti,
366 1121 412 1163 et
445 1118 635 1161 ornant
663 1111 808 1171 i'lud,
833 1109 979 1176 juxta
1009 1109 1145 1172 quod
1176 1111 1251 1162 sic
1289 1111 1492 1163 dicetur
1518 1130 1529 1162 :
1563 1111 1614 1162 ln
1647 1122 1762 1162 tan-

217 1191 332 1232 tum
371 1179 718 1244 multiplicata:
741 1191 854 1230 sunt
873 1180 1170 1246 iniquitates
1185 1194 1438 1241 nieorum,
1471 1181 1610 1247 quod
1638 1191 1759 1232 sunt

209 1264 370 1311 super
398 1249 627 1314 capillos,
659 1249 707 1300 id
747 1257 845 1308 εμι,
888 1249 1025 1314 quod
1057 1247 1319 1300 excedunt
1349 1249 1465 1299 illos
1509 1249 1596 1316 qui
1639 1258 1759 1300 sunt

217 1320 353 1370 mihi
383 1318 538 1383 capiti
585 1317 912 1369 ailharentes
956 1327 1012 1368 ut
1040 1317 1239 1382 capilli,
1272 1318 1319 1370 id
1358 1328 1460 1378 est,
1491 1319 1761 1371 excellunt

209 1399 404 1440 omnes
445 1401 711 1454 prmcozies
755 1401 920 1448 meus,
962 1385 1185 1447 scilicet,
1214 1387 1351 1452 quod
1386 1402 1475 1453 per
1513 1401 1605 1441 eos
1656 1403 1776 1452 non

211 1466 437 1521 possunt
475 1455 611 1507 ablui
654 1464 708 1508 et
736 1454 900 1507 deleri
930 1454 1043 1506 sine
1071 1469 1259 1520 magno
1288 1465 1377 1507 tuo
1405 1466 1454 1507 et
1486 1455 1759 1508 manifesti)

208 1525 435 1578 auxilio.
465 1524 635 1590 Quare
662 1538 880 1577 necesse
908 1533 991 1576 est
1019 1532 1075 1575 iit
1101 1539 1203 1574 non
1249 1524 1395 1589 longe
1422 1526 1579 1590 facins
1609 1526 1772 1577 missa

206 1595 440 1648 rationes
483 1608 610 1658 tuas,
655 1604 710 1645 et
752 1592 867 1646 ideo
909 1593 960 1644 in
1010 1602 1209 1645 tantum
1253 1594 1598 1657 multiplicata:
1642 1605 1758 1646 sunt

207 1665 525 1728 iniquitates,
555 1661 674 1728 quia
713 1678 800 1714 cor
827 1678 1017 1723 meum,
1052 1661 1100 1714 id
1146 1669 1248 1723 est,
1283 1677 1539 1722 nieorum,
1578 1665 1758 1716 dereli-

205 1737 324 1802 quit
354 1749 450 1791 me,
484 1733 532 1785 id
562 1741 664 1802 est,
699 1747 864 1786 meos.
896 1731 1216 1802 Necillllﬂlm
1258 1734 1298 1782 si
1338 1731 1615 1800 dereliquit
1641 1748 1754 1797 eos,

1864 557 2016 611 habet
2045 557 2108 610 de
2133 573 2210 620 se,
2247 574 2424 624 parum
2458 569 2627 611 tamen
2656 567 2754 612 est.
2802 560 2862 611 Et
2903 561 3019 612 ideo
3050 564 3171 625 petit
3203 567 3268 615 ab
3296 557 3412 620 aliis

1860 628 1995 699 quoi
2029 627 2125 678 sibi
2157 629 2322 681 deest.
2371 628 2449 699 Et,
2477 644 2590 679 sunt
2622 628 2989 699 comparabilis
3021 632 3273 695 pauperi,
3319 637 3410 699 qui

1862 696 1988 766 nihil
2015 709 2227 761 prorsus
2250 711 2341 762 per
2361 713 2417 750 se
2441 698 2616 753 habet.
2644 700 2760 765 quia
2788 698 2912 748 nihil
2937 699 3000 751 de
3022 714 3104 750 me
3127 696 3405 766 priIPStllliO,

1861 764 1988 817 nihil
2017 781 2043 814 a
2077 781 2159 815 me
2191 767 2380 817 habere
2411 779 2532 832 piito
2562 783 2576 827 ;
2627 764 2682 818 et
2732 766 2847 819 ideo
2894 766 3135 819 Dominus
3162 764 3406 824 sollicitae

1857 842 1939 906 est
1963 833 2158 906 niei,_id
2189 844 2288 894 est,
2317 849 2493 886 curam
2525 836 2678 887 habet
2707 835 2772 886 de
2799 839 3027 906 nie..Qui
3058 837 3198 889 enim
3225 853 3403 892 Cttrzitll

1862 899 2039 952 hibnit
2066 901 2130 953 de
2158 913 2226 964 te,
2257 919 2374 956 cnin
2406 919 2506 954 non
2535 917 2702 965 esses,
2743 915 2796 954 ut
2826 899 2991 962 esses.
3025 922 3194 958 nonne
3224 922 3400 961 curaui

1862 969 2070 1039 habebit
2093 971 2159 1023 de
2188 979 2258 1032 te,
2290 987 2405 1023 cum
2432 972 2538 1037 jam
2568 973 2640 1024 sis
2662 974 2798 1039 quod
2832 975 2991 1026 voluit
3013 985 3068 1025 ιιι
3092 978 3274 1027 esses?
3306 977 3406 1030 lla-
3440 1006 3442 1008 τ

1861 1035 2004 1089 beliit
2029 1039 2224 1105 utilite,
2256 1041 2374 1107 quia
2403 1035 2561 1094 omnis
2592 1035 2750 1108 qui-se
2774 1041 2983 1101 exultat,
3017 1043 3380 1099 humiliabitur.

1931 1108 2147 1176 Adjutor
2174 1126 2329 1161 meus.
2359 1111 2626 1162 Convertit
2666 1125 2722 1163 se
2752 1110 2850 1163 iste
2883 1112 3183 1164 humiliatus
3210 1115 3274 1166 ad
3302 1114 3407 1176 Do-

1859 1175 2054 1228 minum
2105 1176 2447 1230 lamiiiariter.
2494 1180 2650 1241 Qua5i
2697 1180 2870 1230 dicat:
2923 1179 3050 1234 Vere
3093 1181 3270 1236 dicunt
3312 1175 3410 1236 cu-

1859 1249 1967 1298 ra‘ni
1998 1245 2154 1298 habes
2180 1246 2245 1299 de
2273 1261 2376 1308 me,
2403 1248 2522 1312 quia
2553 1259 2603 1300 tn
2636 1249 2766 1300 Deus
2793 1249 3025 1300 omnium
3057 1264 3147 1314 per
3171 1263 3408 1305 naturain
3443 1286 3448 1293 -

1857 1330 1908 1383 es
1934 1315 2141 1383 adjutor
2164 1331 2302 1367 meus
2334 1318 2382 1368 in
2416 1318 2552 1369 bono
2575 1318 2906 1382 perﬁciendo,
2935 1325 2979 1368 et
2999 1328 3249 1383 protector
3275 1337 3410 1374 nteus

1861 1382 1914 1453 in
1931 1382 2080 1453 inan
2101 1383 2417 1448 devitando;
2448 1392 2501 1436 et
2527 1385 2642 1438 ideo
2672 1401 2732 1437 ne
2759 1382 3030 1439 tardaveris
3053 1426 3068 1447 ,
3108 1387 3156 1439 id
3180 1399 3301 1453 est,
3346 1405 3412 1442 ne

1856 1450 2067 1506 dilieras
2123 1455 2430 1518 promissam
2486 1454 2858 1507 beatitudinem
2913 1463 2968 1506 et
3024 1450 3409 1513 hmreditatem.

1861 1521 2082 1595 i’os~iiiit
2113 1532 2166 1574 et
2185 1523 2344 1595 aliter
2367 1523 2418 1574 lii
2449 1522 2552 1575 duo
2580 1537 2763 1595 versus
2794 1524 2914 1591 legi,
2939 1524 3157 1595 scilicet,
3175 1536 3231 1595 ut
3254 1538 3410 1595 caput

1862 1591 1960 1662 hoc
2000 1591 2142 1658 dicat
2185 1591 2236 1662 in
2279 1605 2498 1662 persona
2530 1591 2629 1662 sui.
2658 1591 2812 1662 Juxta
2860 1592 2996 1662 quod
3047 1594 3120 1646 sic
3163 1591 3363 1651 dicetur
3392 1613 3411 1655 ι

1860 1657 1983 1731 Dico
2012 1659 2239 1731 optando
2270 1657 2520 1731 u_t_dicant
2563 1657 2914 1731 Magni/iectu}
2945 1662 3189 1716 Dominus
3212 1703 3227 1727 ,
3267 1676 3321 1719 et
3350 1677 3408 1720 ut

1860 1742 1918 1782 se
1955 1728 2247 1782 buinilient.
2300 1728 2366 1782 Ut
2410 1740 2583 1782 autem
2633 1728 2747 1783 hoc
2775 1731 2999 1795 iaciant,
3029 1732 3146 1784 dedi
3191 1733 3270 1787 eis
3323 1751 3407 1788 me

206 1798 337 1867 quia
381 1804 524 1870 prius
562 1801 842 1867 dereliquit
869 1811 951 1876 te.
993 1801 1046 1855 Si
1077 1801 1218 1852 enim
1263 1798 1638 1876 cognoscerent
1681 1814 1755 1866 te,
1793 1817 1840 1876 Β
1864 1799 2174 1876 exemplum:
2204 1798 2333 1876 Qui?l
2376 1814 2465 1866 €90
2493 1813 2816 1876 003933838"!
2839 1801 3148 1876 diveﬁﬁptld
3177 1802 3408 1876 Patrem.

206 1881 594 1943 cognoscerent
619 1878 674 1923 et
700 1885 788 1930 se;
817 1881 869 1924 et
910 1871 953 1923 si
991 1885 1054 1943 se
1095 1881 1490 1943 cognoscerent,
1523 1882 1575 1923 ιυ
1618 1874 1759 1940 igno.

208 1938 419 1996 sceres.
457 1942 602 1992 llliitii
655 1954 747 1993 cor
775 1955 926 1992 suum
973 1939 1306 2005 dereliiiqiiit,
1334 1938 1421 2006 qui
1451 1941 1518 1992 de
1545 1956 1602 1992 se
1632 1938 1762 2006 pra:-

206 2017 399 2072 sumit,
427 2020 482 2064 et
515 2010 877 2063 inlirmitatem
923 2023 1068 2062 suam
1119 2023 1220 2060 non
1269 2011 1617 2076 recognoscit,
1667 2027 1765 2066 nec

207 2092 428 2144 peccata
457 2093 550 2133 sua
577 2080 824 2131 attendit.
863 2079 1071 2132 Petrum
1102 2092 1326 2144 namque
1363 2093 1455 2131 cor
1481 2093 1634 2132 suum
1674 2083 1768 2135 de-

205 2150 442 2214 reliquit,
479 2164 597 2201 cuin
625 2149 691 2200 de
715 2162 774 2202 se
804 2149 1134 2213 praesumpsit
1160 2146 1342 2201 dicens
1365 2163 1381 2202 :
1413 2146 1648 2213 Domine,
1675 2151 1767 2204 etsi

202 2219 485 2285 oportuerit
513 2233 589 2269 me
616 2217 744 2269 mori
778 2225 963 2280 tecum,
1005 2233 1106 2269 uott
1136 2227 1182 2270 te
1209 2218 1417 2284 negabo.
1446 2218 1595 2282 Quod
1629 2231 1758 2272 Satis

206 2303 310 2355 per
337 2287 583 2341 eﬂ'ectum
613 2285 872 2352 apparuit.

280 2355 599 2424 Complaceot
627 2357 734 2420 tibi,
763 2355 990 2410 Domine.
1040 2354 1102 2408 Et
1129 2355 1249 2423 quia
1287 2354 1338 2407 in
1367 2361 1563 2409 tantum
1591 2358 1763 2410 multi-

201 2423 415 2494 plicati:
429 2436 544 2480 sunt
567 2425 860 2490 iniquitate:
881 2440 1136 2488 meorum,
1151 2423 1268 2478 ideo
1289 2425 1502 2490 placuit,
1527 2429 1762 2490 Domine,

201 2497 360 2554 mihi.
391 2505 448 2549 ut
473 2505 802 2558 emerentur,
824 2504 899 2559 et,
931 2509 1138 2561 quaeso,
1180 2493 1486 2561 eomplaceat
1524 2496 1627 2555 tibi.
1662 2497 1771 2554 Do-

203 2569 364 2630 mine,
384 2567 540 2620 etiam
569 2574 620 2616 ut
645 2581 792 2618 eruas
821 2582 914 2628 me,
940 2563 992 2618 id
1019 2574 1117 2626 est,
1140 2577 1285 2617 meos
1303 2565 1370 2618 ab
1393 2565 1764 2632 iniquitatibus.

208 2635 306 2689 Vel
337 2636 642 2697 complaceat
683 2635 800 2691 tibi.
846 2636 893 2688 id
923 2644 1003 2688 est
1029 2673 1045 2698 ,
1086 2639 1220 2688 sicut
1247 2635 1561 2700 complacuit
1589 2636 1682 2691 tibi
1713 2647 1766 2691 ut

205 2721 485 2771 pra-conos
514 2718 722 2756 erueres
742 2744 756 2763 .
798 2703 866 2757 ita
897 2705 1096 2770 placeat
1125 2715 1176 2757 ut
1204 2712 1256 2756 et
1284 2706 1410 2756 istos
1438 2719 1588 2758 eruas
1614 2721 1628 2769 ;
1662 2705 1764 2759 Do-

202 2776 362 2835 mine,
392 2774 579 2838 respice
603 2773 670 2824 ad
694 2774 1037 2842 adjuoaudnm
1066 2789 1160 2836 me,
1190 2773 1238 2826 id
1267 2780 1380 2837 est,
1413 2787 1576 2828 nieos'.
1608 2776 1765 2840 Quasi

201 2847 378 2896 ιιὶειιιε
412 2844 697 2900 llesicxisti
729 2856 873 2896 meos
917 2842 1085 2907 prius,
1137 2850 1190 2895 et
1229 2842 1551 2897 debilitatum
1593 2855 1674 2899 est
1714 2849 1766 2900 in

207 2917 346 2965 nit-is
393 2914 612 2966 Iberum
654 2915 968 2977 arbitrium,
1012 2911 1102 2965 sed
1141 2911 1312 2966 adhuc
1350 2912 1568 2966 scintilla
1614 2916 1663 2967 in
1689 2920 1767 2969 eis

203 2983 501 3046 remansit,
551 2997 649 3050 qua
692 2983 1078 3053 quodaminodo
1122 2992 1334 3047 possunt
1365 2990 1413 3033 te
1440 2983 1656 3053 videre,
1699 2986 1765 3038 ad

205 3067 370 3118 quam
395 3054 741 3116 adjnvandiuii
772 3066 825 3102 ut
846 3050 1077 3117 plenarie
1101 3062 1151 3106 te
1173 3055 1400 3117 videant,
1423 3062 1499 3118 tu,
1527 3050 1763 3120 Domine,

202 3125 296 3189 qui
329 3123 471 3188 prius
497 3121 804 3186 des~pexisti,
831 3121 1049 3185 res‘pice.

282 3190 690 3254 Confundontur.
724 3190 878 3256 Quasi
907 3191 1081 3244 dicat:
1130 3189 1202 3242 ita
1245 3190 1361 3243 dico
1401 3199 1456 3243 iit
1493 3193 1764 3258 reSpicias,

201 3271 267 3314 ut
295 3262 693 3327 confundantur,
719 3260 768 3312 id
791 3269 892 3324 est,
922 3270 976 3312 ut
1004 3260 1340 3314 conliisibiles
1368 3274 1763 3329 recognoscant,

199 3340 250 3383 et
278 3331 430 3382 sintut
453 3341 789 3394 rerereantur,
821 3329 872 3381 id
900 3340 1000 3386 est.
1035 3329 1383 3383 extimescant
1411 3340 1620 3397 peceata
1649 3347 1765 3394 sua,

201 3402 290 3454 vel
323 3415 592 3467 pra-cantes
623 3413 764 3451 meos
789 3439 804 3463 ,
839 3399 906 3452 illi
948 3400 1034 3466 qui
1072 3398 1228 3450 modo
1272 3409 1499 3466 quierunt
1541 3402 1765 3455 animam

203 3486 373 3522 meant
402 3481 455 3522 et
483 3485 738 3530 iiii-nium,
762 3479 813 3520 ut
835 3470 1064 3536 auferant
1085 3484 1216 3531 eam,
1235 3469 1282 3521 id
1311 3477 1410 3530 est,
1438 3477 1491 3521 ιιι
1518 3470 1768 3525 damnent

201 3555 327 3592 eam
356 3579 373 3602 ,
415 3540 742 3605 posunodum
787 3547 1020 3606 quierant
1059 3551 1173 3590 eam
1216 3548 1271 3589 ut
1316 3537 1580 3590 imitentur
1624 3555 1761 3594 cani.

201 3609 608 3671 Convertuntur,
652 3607 769 3660 dico
789 3648 802 3669 ,
851 3608 919 3660 de
942 3607 1082 3659 malo
1117 3608 1179 3658 ad
1207 3607 1395 3659 bonum
1421 3647 1435 3667 ,
1481 3608 1549 3660 ita
1581 3618 1634 3661 ut
1661 3613 1765 3664 sint

198 3687 501 3739 retrorsum,
525 3678 575 3729 id
596 3687 692 3742 est,
717 3687 770 3730 ut
793 3690 894 3730 non
919 3678 1232 3744 praecedant,
1248 3677 1337 3727 sed
1352 3676 1760 3746 subsequantur,

198 3756 261 3800 et
288 3762 367 3800 sic
393 3757 730 3812 rerereantur,
765 3747 810 3798 id
840 3758 938 3809 est,
971 3745 1202 3812 plenarie
1232 3745 1573 3800 extimescant
1596 3789 1610 3811 ,
1658 3765 1760 3800 non

198 3818 384 3869 solum
410 3818 494 3885 qui
522 3818 731 3877 iaciunt,
757 3818 846 3867 sed
876 3818 1031 3868 etiam
1065 3817 1134 3868 illi
1158 3819 1239 3882 qui
1269 3817 1422 3867 modo
1448 3820 1616 3869 volunt
1642 3819 1763 3872 milii

196 3898 260 3939 et
293 3888 422 3938 inei-
457 3888 610 3941 mala.
644 3895 698 3937 ut
724 3890 1051 3951 postmodum
1080 3887 1238 3936 velint
1271 3887 1392 3936 tiiilti
1420 3886 1572 3938 bona.

287 3956 472 4008 Ferant
498 3954 774 4024 confestim.
806 3953 933 4006 Illud
961 3953 1146 4018 dicitur
1167 3956 1232 4006 de
1257 3955 1595 4008 l‘raudulentis
1624 3967 1674 4008 ct
1697 3959 1760 4010 de

202 4026 593 4087 adulaioribus,
621 4039 716 4077 uec
742 4032 822 4078 est
849 4025 1225 4077 malevolentia:
1253 4033 1448 4086 votum,
1478 4027 1567 4077 sed
1596 4040 1758 4079 enun-

203 4099 361 4147 tiatio
423 4108 590 4160 pinna:
634 4093 857 4145 illorum.
915 4093 1071 4156 Quasi
1116 4095 1288 4146 dicat:
1348 4093 1584 4148 Veientes
1632 4097 1757 4149 tiiilii

201 4164 370 4224 inala,
417 4174 472 4214 et
515 4178 571 4214 se
619 4174 988 4228 cognoscentes
1015 4173 1401 4215 convertantur.
1453 4163 1530 4215 Illi
1583 4176 1757 4218 autent

199 4238 372 4298 [erant
402 4232 737 4297 conluvionem
766 4247 929 4295 suam,
955 4247 1108 4297 quain
1131 4244 1430 4284 meruerunt
1463 4250 1562 4285 non
1587 4239 1754 4292 Solum

202 4306 260 4356 in
295 4305 488 4364 litturo,
511 4304 598 4353 sed
617 4301 912 4357 conl'estittt.
940 4304 987 4353 id
1011 4311 1091 4353 est
1109 4302 1340 4366 itidilate,
1367 4304 1520 4353 etiam
1545 4305 1595 4354 iit
1623 4303 1748 4365 prie-

201 4374 367 4434 senti,
404 4382 460 4423 ut
485 4370 742 4437 duplicem
773 4372 1135 4423 εοιιιιίιὶιιιιειιι
1168 4375 1448 4439 patiantur,
1479 4373 1565 4437 qui
1585 4375 1756 4426 dicunt

199 4444 332 4495 mihi
363 4451 416 4496 et
446 4443 608 4493 initis:
653 4442 808 4510 Euge,
839 4457 990 4508 euge;
1020 4440 1143 4493 mihi
1181 4445 1386 4507 quidem
1434 4444 1664 4494 laetantes
1692 4444 1757 4496 de.

203 4520 384 4565 morte
409 4522 523 4563 mea
546 4527 560 4573 ;
591 4513 720 4564 nieis
733 4489 874 4562 διιέτο
901 4489 1064 4562 iniam
1109 4489 1243 4561 male
1283 4512 1553 4575 agentibus
1580 4513 1760 4573 dicunt
1787 4489 1834 4546 D

201 4595 421 4650 queque
445 4578 604 4644 Euge,
635 4595 775 4648 euge,
798 4579 848 4650 id
871 4589 970 4642 est,
996 4582 1146 4639 bene,
1173 4583 1404 4650 ιιειιεεδι
1428 4580 1566 4646 quod
1586 4579 1774 4650 agitis,

144 4675 159 4679 -
204 4647 265 4703 tit
288 4651 372 4701 sic
390 4662 482 4701 eos
507 4647 787 4714 decipiant.
811 4649 1018 4713 Linguze
1045 4652 1182 4708 enim
1205 4647 1524 4701 adulantium
1547 4647 1761 4708 alligant

199 4720 414 4771 animas
443 4717 493 4768 in
522 4718 761 4784 peCCitliS.
779 4717 867 4769 Ex
893 4720 1129 4783 opposito
1150 4726 1320 4768 autent
1350 4722 1591 4769 exsultent
1615 4729 1759 4772 exte-

204 4789 344 4852 rius,
379 4785 604 4838 lwtentur
633 4786 871 4850 interius,
897 4790 945 4839 id
975 4797 1074 4850 est,
1102 4787 1383 4851 pleiiariani
1416 4788 1646 4839 laetitiam
1669 4788 1760 4840 ha-

202 4861 371 4911 beant
401 4855 486 4908 liic
511 4866 562 4909 et
587 4852 640 4908 in
671 4859 842 4907 loturo
888 4855 1059 4922 positi,
1098 4871 1252 4923 super
1284 4867 1334 4909 te
1365 4857 1615 4910 habentes
1646 4857 1760 4910 ltiti-

199 4933 537 4985 ilattientunt,
569 4936 638 4989 te,
669 4941 770 4977 tinti
799 4939 880 4984 se,
910 4939 1079 4975 omnes
1109 4939 1379 4993 quwrentes
1411 4938 1457 4978 te
1487 4924 1759 4978 Dominum

202 5012 304 5064 p'r
346 5009 430 5045 nec
467 4995 820 5047 Mediatoreni.
866 4995 930 5046 I'lt
967 5004 1021 5043 nt
1058 4996 1197 5059 digni
1231 4997 1332 5047 sint
1372 5003 1510 5047 tinta
1544 4995 1758 5064 laetitia,

201 5063 342 5119 nihil
373 5065 437 5114 de
467 5080 522 5114 se
554 5072 868 5130 praesumant
889 5104 904 5125 ,
935 5065 1025 5114 sed
1055 5078 1244 5127 semper
1271 5069 1435 5115 dicunt
1460 5080 1478 5117 :
1513 5063 1762 5132 Magnifi-

203 5150 353 5186 σείω-
395 5131 638 5183 Dominus
663 5173 676 5197 ,
710 5149 973 5198 nunquam
1004 5147 1208 5184 servus.
1252 5133 1304 5183 Si
1341 5134 1476 5184 enim
1509 5131 1761 5186 Dulililtlls

200 5219 276 5257 ne
307 5203 467 5265 impio
496 5200 619 5253 iacit
644 5204 804 5266 piunt,
844 5203 908 5254 de
931 5216 1088 5252 servo
1124 5202 1306 5262 hlium,
1337 5212 1387 5253 et
1416 5205 1491 5254 sic
1521 5211 1671 5254 vni-at
1695 5208 1758 5255 ad

199 5276 433 5339 gloriam
459 5311 475 5334 ,
517 5272 862 5338 magni/icetur
893 5273 1168 5330 Dominus;
1209 5273 1249 5321 si
1285 5285 1405 5339 icio
1436 5284 1757 5336 peccatorein

204 5338 365 5393 uocat
392 5342 454 5392 ad
489 5342 876 5406 indulgentiam,
901 5340 1248 5406 ntiigitiﬁceiur
1273 5338 1534 5391 Dominus.
1559 5339 1758 5394 Rursus

203 5415 250 5462 si
283 5408 482 5477 justum
516 5411 752 5462 vocitati
782 5425 1068 5477 coronato,
1116 5409 1457 5475 magniﬁcetitr
1497 5408 1757 5467 Dominus,

203 5491 263 5533 et
289 5476 374 5532 istc
401 5494 609 5543 semper
637 5479 980 5546 magni/icelur
1020 5476 1281 5529 Dominus.
1309 5480 1451 5541 Quod
1482 5478 1660 5529 dicunt
1689 5479 1758 5529 illi

203 5549 300 5615 qui
327 5547 546 5612 diligunt
571 5552 789 5602 salutare
816 5561 974 5606 tuum,
1004 5561 1103 5596 non
1135 5561 1310 5609 suum,
1345 5549 1394 5598 id
1426 5556 1523 5609 est,
1549 5547 1634 5610 qui
1659 5562 1758 5598 non

209 5634 280 5673 ex
309 5633 416 5669 suis
447 5619 665 5681 meritis,
699 5620 788 5671 sed
828 5634 888 5669 ex
920 5626 1000 5667 tua
1031 5615 1189 5680 gratia
1220 5627 1519 5682 exspectant
1549 5617 1757 5669 salvari.

287 5686 395 5755 Ego
417 5697 604 5736 autem.
637 5690 759 5740 illud
791 5698 960 5755 autem
990 5684 1167 5736 dicunt
1195 5685 1258 5736 de
1289 5695 1338 5755 te
1360 5724 1375 5745 ,
1407 5687 1472 5739 dc
1500 5700 1556 5738 se
1588 5693 1760 5736 autem

205 5753 386 5814 dicunt
413 5758 629 5822 quisque
662 5773 752 5824 pro
783 5772 839 5811 se
871 5772 883 5807 :
913 5754 1016 5820 ligo
1044 5769 1150 5804 eum
1176 5753 1426 5806 mendicus
1454 5765 1497 5806 et
1526 5769 1713 5822 pauper
1745 5794 1756 5817 ,

1865 1883 1976 1919 sum
2003 1868 2258 1919 mendicus
2281 1875 2328 1919 et
2354 1881 2562 1936 pauper,
2591 1867 2643 1920 id
2669 1876 2770 1932 est,
2804 1868 2854 1922 in
2887 1869 3065 1920 habitu
3107 1873 3328 1923 mendici
3359 1883 3412 1925 et

1868 1937 2109 2003 pauperis
2129 1939 2191 1988 ait
2219 1936 2524 1989 humilitatis
2547 1937 2844 2005 exemplum
2874 1953 2955 1990 me
2978 1938 3144 2005 ipsum
3167 1941 3401 1993 exhibui.

1865 2005 1928 2060 Et
1957 2007 2075 2074 quia
2101 2020 2198 2072 ego
2227 2021 2310 2059 me
2353 2005 2638 2070 humiliari,
2669 2007 2788 2061 ideo
2818 2004 3059 2060 Dominus
3090 2007 3243 2061 Pater
3270 2010 3412 2061 solli-

1864 2077 1991 2128 citus
2016 2085 2086 2128 est
2109 2076 2225 2139 mei,
2250 2075 2371 2142 quia
2403 2076 2599 2128 divitiis
2622 2077 2730 2130 suis
2754 2085 3107 2143 paupertatem
3134 2092 3301 2130 meam
3327 2093 3410 2130 re-

1865 2144 2069 2204 stituet,
2109 2145 2283 2198 dando
2313 2146 2437 2214 mihi
2470 2145 2910 2199 immortalitatem
2936 2153 2991 2212 et
3019 2145 3411 2214 inspassibilita-

1868 2223 1990 2284 teni.
2023 2215 2085 2266 Et
2113 2228 2237 2266 vere
2267 2223 2318 2266 tu
2343 2253 2359 2276 ,
2409 2213 2624 2268 Domine
2647 2256 2662 2278 ,
2692 2215 2933 2267 sollicitus
2956 2230 3008 2267 es
3034 2218 3129 2267 mei
3154 2256 3167 2278 ,
3211 2219 3331 2284 quia
3360 2228 3414 2271 tu

1867 2283 2005 2335 Deus
2037 2292 2288 2353 nieus,_et
2314 2297 2572 2353 ineorum,
2602 2300 2692 2350 per
2711 2288 2950 2353 gratiam,
2974 2299 3032 2337 es
3051 2283 3256 2347 adiutor
3277 2301 3414 2339 meus

1867 2353 1918 2404 in
1948 2365 2026 2423 ρει
2043 2350 2264 2423 t‘iciendo
2305 2351 2692 2416 obedientiam,
2717 2350 2776 2407 'et
2802 2362 3052 2423 protector
3071 2369 3210 2408 meus
3237 2369 3267 2407 a
3294 2369 3415 2409 sen-

1867 2422 2026 2475 tentia
2053 2420 2382 2475 inimicorum
2413 2437 2607 2476 nomen
2639 2433 2781 2475 tuum
2804 2420 2986 2478 delere
3017 2426 3319 2477 volentium.
3345 2423 3410 2478 Et

1867 2492 2004 2553 ideo,
2039 2489 2277 2553 Domine,
2308 2506 2371 2543 ne
2397 2492 2692 2557 tardaueris,
2714 2490 2768 2546 id
2791 2500 2894 2556 est,
2924 2508 2990 2547 ne
3015 2491 3225 2548 differas
3249 2508 3333 2548 me
3359 2497 3412 2548 iu

1865 2574 2196 2614 communem
2224 2564 2686 2615 resurrectionem.

2357 2669 2420 2724 ΙΝ
2460 2669 2770 2726 Ρδιιιιωι
2813 2671 2922 2726 XL.

2217 2785 2271 2839 In
2302 2769 2456 2840 linem
2490 2785 2722 2853 psalmus
2750 2784 2848 2855 ipsi
2881 2785 3062 2840 David.

2450 2893 2818 2934 ABGUMENTUI.

1935 2967 2212 3022 inﬁrmitas
2241 2978 2294 3022 et
2319 2971 2518 3024 curatio
2549 2970 2847 3038 pranlicitur
2881 2970 3152 3035 Ezechiae,
3193 2980 3246 3025 et
3273 2971 3412 3040 quod

1867 3041 2143 3092 occasione
2185 3041 2450 3109 languoris
2486 3041 2703 3094 latentes
2741 3041 2937 3095 inimici
2963 3041 3155 3095 detecti
3185 3053 3305 3095 sunt
3333 3043 3410 3094 iti-

1867 3109 2129 3171 sultando,
2163 3115 2405 3176 quodque
2434 3111 2543 3177 ipsa
2573 3110 2846 3178 aegrotatio
2869 3110 2919 3162 in
2947 3110 3274 3164 devotionem
3298 3111 3412 3176 ejus

1790 3157 1834 3216 C
1869 3157 2191 3248 partem
2204 3157 2480 3248 “nam:
2491 3157 2707 3239 eiii-iiii
2721 3157 3415 3248 ἔρξ”ρὶίὲεῖὂιιῖἐιῖῖὲῖἲῖό

1865 3243 1995 3316 Jiida
2039 3249 2310 3316 traditore.
2358 3247 2631 3316 Legendus
2657 3251 2719 3301 ad
2752 3243 2955 3302 Isaiam.
3004 3251 3169 3304 Aliter
3195 3249 3414 3316 quilibet

1865 3315 2192 3384 Christianus
2220 3325 2399 3369 contra
2431 3315 2762 3373 immundum
2786 3319 3026 3384 spiritum
3052 3327 3105 3371 et
3144 3315 3404 3372 hominem

1866 3383 2009 3440 fat-cis
2037 3401 2165 3451 sua),
2200 3387 2250 3440 id
2280 3397 2382 3451 est,
2414 3402 2651 3450 carnem,
2682 3383 2934 3454 profatur.

2462 3490 2806 3530 ESI’LANATIO.

1941 3564 2102 3618 Verba
2128 3567 2225 3618 ista
2259 3567 2502 3634 frequenti
2526 3584 2617 3618 usu
2642 3565 2781 3620 nobis
2802 3569 2903 3632 iam
2927 3566 3098 3618 debent
3126 3581 3231 3636 esse
3257 3567 3414 3619 notis-

1862 3635 2008 3705 sima,
2040 3638 2127 3689 sed
2151 3646 2202 3688 ut
2227 3637 2435 3689 breuiter
2462 3638 2597 3688 dicta
2617 3644 2901 3705 tangamus,
2930 3636 3099 3688 omnia
3125 3636 3410 3705 diriguntur

1862 3706 1930 3756 ait
1953 3704 2224 3756 Dominum
2263 3708 2534 3758 Christum.
2580 3704 2873 3774 Magni/ient
2907 3716 3074 3758 autem
3107 3704 3239 3757 hunc
3276 3707 3413 3774 psal-

1862 3789 2015 3835 mum,
2047 3777 2178 3837 quod
2207 3774 2260 3826 in
2286 3773 2688 3844 quadragenario
2711 3789 2917 3825 numero
2947 3775 3167 3826 noscitur
3192 3773 3407 3826 colloca.

1863 3853 1960 3902 tus.
1984 3859 2066 3907 qui
2087 3844 2309 3894 calculus
2330 3845 2671 3896 emundationi
2699 3853 2745 3894 et
2776 3844 3110 3908 puriﬁcationi
3133 3845 3409 3911 frequenter

1861 3919 2082 3979 aptatur.
2138 3911 2579 3981 Primo‘ingressu
2625 3911 2878 3977 Propheta
2921 3914 3168 3982 loquitur,
3214 3913 3408 3982 beatum

1862 3983 2140 4054 pra-dicam
2161 3985 2482 4054 eleeinosynte
2509 3983 2820 4054 largitorem,
2845 3982 3109 4054 multiplici
3124 3992 3236 4054 eu_m
3264 3981 3410 4054 bene-

1861 4051 2078 4103 dictione
2128 4048 2493 4104 concelebraris.
2551 4048 2785 4121 Secundo
2840 4048 3110 4121 gloriosam
3166 4048 3411 4103 Dominus

1860 4136 2003 4171 suum
2050 4132 2290 4172 memorat
2336 4123 2637 4186 passionem.
2691 4119 2861 4175 Tertio
2902 4125 2968 4171 ad
3011 4121 3410 4185 conﬁrmandam

1860 4205 1995 4255 spem
2023 4189 2244 4255 ﬁdelium
2264 4231 2280 4256 ,
2319 4205 2460 4243 suam
2497 4191 2823 4243 nihilominus
2847 4191 3255 4244 resurrectionem
3279 4204 3413 4258 prte-

1860 4261 1996 4311 dicit.

2429 4366 2838 4406 εοιιιιειιτλιιιυε.

1932 4444 2119 4498 Beatus
2138 4446 2223 4513 qui
2248 4445 2498 4514 intelligit.
2522 4443 2724 4514 Titulus
2750 4443 2886 4496 idem
2910 4450 2991 4514 est
3014 4441 3065 4514 in
3091 4439 3188 4493 hoc
3213 4438 3409 4514 psalmo

1862 4516 1948 4578 qui
1982 4510 2246 4577 pr:ecessit
2272 4513 2323 4565 in
2348 4510 2602 4581 proximo,
2634 4511 2866 4576 scilicet,
2903 4511 2966 4562 lit
2994 4510 3145 4578 ﬁnem
3184 4511 3405 4578 psalmus

1870 4584 2049 4633 David.
2081 4584 2299 4636 Intentio
2325 4597 2560 4650 personae
2583 4582 2862 4650 loquentis,
2887 4589 2939 4634 et
2959 4581 3171 4650 materia
3196 4591 3404 4650 quoque

1864 4649 1945 4702 hic
1969 4651 2149 4705 eadem
2173 4663 2269 4717 est,
2297 4646 2411 4718 qua:
2433 4664 2487 4706 et
2506 4646 2764 4720 superius.
2788 4651 2851 4704 Et
2877 4649 3208 4720 continuatur
3229 4646 3401 4720 taliter

1857 4720 2001 4784 juxta
2037 4714 2325 4786 proximam
2351 4723 2540 4775 dictaui
2568 4714 2876 4775 sententiam
2903 4717 3154 4785 superiori
3179 4714 3399 4790 psalmo.

1861 4781 2015 4852 Quasi
2037 4781 2202 4841 dicat:
2233 4791 2337 4858 Ego
2361 4791 2565 4855 quidem
2591 4792 2804 4861 medicus
2825 4804 2935 4841 sum
2958 4781 3009 4838 et
3028 4798 3233 4861 pauper,
3263 4781 3402 4861 aliud

1864 4868 2032 4910 tamen
2065 4868 2254 4924 przeter
2275 4852 2499 4910 Tortnam
2531 4860 2752 4910 mendici
2778 4869 2829 4910 et
2859 4855 3096 4923 pauperis
3131 4852 3182 4905 iu
3212 4865 3295 4904 me
3324 4852 3404 4903 in-

1863 4928 2190 4993 tullgeiiduui
2222 4965 2235 4988 ,
2260 4928 2521 4998 quoniam
2549 4927 2634 4998 qui
2663 4927 2890 4998 intelligit
2916 4941 3063 4998 super
3091 4929 3404 4998 mergettttttt

1860 5005 1903 5047 et
1935 5012 2220 5060 pauperem,
2250 4997 2418 5046 beatus
2459 5007 2549 5048 est.
2592 4995 2767 5050 Potest
2792 4993 2997 5064 quoque
3023 4993 3296 5060 singularis
3319 4993 3406 5064 in-

1862 5065 2020 5115 tentio
2049 5069 2156 5115 dari
2190 5067 2238 5116 in
2267 5065 2366 5116 hoc
2396 5068 2594 5131 psalmo
2617 5106 2631 5128 ,
2681 5067 2791 5120 lucc
2812 5060 3011 5118 scilicet
3039 5085 3050 5116 :
3088 5065 3192 5116 Vox
3219 5060 3400 5127 capitis

1860 5145 1936 5186 est.
1962 5133 2010 5184 in
2040 5136 2137 5185 hoc
2163 5137 2359 5201 psalmo
2385 5136 2705 5187 exlioi'tantis
2730 5152 2843 5193 nos,
2871 5147 2925 5186 iit
2953 5135 3087 5187 sicut
3107 5147 3283 5186 verum
3309 5132 3400 5179 lin-

1863 5204 2052 5254 tninein
2083 5218 2199 5255 eoin
2226 5205 2578 5269 intelligimus,
2606 5207 2672 5255 ita
2700 5206 2856 5256 etiam
2887 5219 3061 5255 verum
3097 5203 3254 5254 Deum
3285 5212 3402 5249 esse

1868 5273 2233 5338 intelligamus.
2280 5274 2339 5324 Et
2379 5276 2474 5326 hoc
2506 5274 2659 5339 ideo,
2703 5276 2818 5338 quia
2868 5273 2950 5323 hic
2995 5272 3286 5323 intellectus
3325 5275 3406 5317 est

1860 5344 2020 5407 gratia
2065 5343 2150 5392 illa
2191 5357 2287 5409 qua
2332 5343 2692 5411 juslilicainur,
2739 5351 2790 5392 et
2827 5341 2953 5391 liiles
2993 5355 3112 5391 vera
3138 5349 3399 5411 perquam

1865 5406 1987 5461 vivit
2031 5406 2348 5474 a-ternaliter
2384 5415 2574 5478 justus.
2623 5413 2772 5464 Juxta
2806 5411 2951 5480 quod
2979 5406 3246 5480 _superiori
3297 5417 3398 5453 non

1860 5472 2285 5544 continuabitur,
2336 5472 2426 5533 sed
2471 5492 2551 5534 est
2594 5483 2737 5547 quasi
2769 5472 2931 5532 dicat:
2976 5477 3083 5543 Ego
3112 5472 3318 5547 qtiitleill
3367 5488 3395 5521 ει

1864 5551 2168 5614 patriarcliis
2201 5541 2482 5615 promissus
2504 5589 2520 5610 ,
2560 5565 2587 5602 a
2612 5541 2883 5617 prophetis
2915 5541 3187 5617 praedictus
3215 5541 3396 5617 adsum

1863 5613 1910 5668 in
1940 5619 2103 5668 l'ornia
2132 5613 2447 5684 paupertatis
2477 5633 2530 5671 et
2562 5613 2881 5671 humilitatis.
2913 5619 2973 5666 Et
3002 5613 3174 5684 beatus
3191 5613 3271 5675 qui
3297 5624 3392 5684 non

1862 5689 2004 5750 fuerit
2036 5676 2404 5738 δαιοίάαιίιαιηδ
2436 5689 2487 5738 in
2513 5706 2608 5744 me.
2657 5693 2716 5740 Ιπρι
2746 5690 2844 5740 hoc
2868 5696 2945 5739 est
2969 5683 3101 5749 quod
3129 5680 3275 5729 dicti:
3312 5676 3398 5727 “te

1862 5758 1940 5821 qui
1973 5756 2197 5826 intelligit
2232 5757 2279 5808 in
2311 5773 2388 5809 inc
2421 5773 2522 5811 non
2554 5770 2750 5810 tantum
2775 5770 2992 5824 egenum
3016 5763 3065 5805 ct
3095 5760 3392 5819 pauperem.
