3912 6230
566 374 670 425 699

1023 372 1217 426 liED/E
1262 368 1699 424 VENEliABILIS
1734 366 1879 420 OPP.
1924 364 2093 420 PARS

2225 362 2412 417 SEC'I'.
2455 362 2521 416 ll.
2552 389 2621 402 —
2657 360 2861 416 bUBlA
2901 359 2987 412 ΕΤ
3021 358 3294 415 SI‘IJBIA.

3662 361 3756 414 τω

540 509 542 511 .
566 487 656 537 νη
690 502 836 553 ηψπ
862 502 1088 554 (gruum,
1120 484 1168 536 id
1197 491 1294 548 est,
1325 484 1435 546 plus
1473 495 1628 547 quam
1651 494 1877 554 egenum
1907 488 1953 554 et
1981 495 2105 554 part-
2136 480 2181 535 Α
2208 474 2400 554 aliquid
2431 472 2600 554 aliud,
2630 471 2721 554 sed
2773 485 2870 536 ego
3040 472 3235 554 peccaui
3262 473 3368 535 tibi,
3411 472 3637 554 scilicet,
3668 481 3747 542 qui

568 547 759 619 parem,
785 547 909 605 vere
942 556 1107 605 beatus
1131 563 1212 605 est
1233 592 1248 613 ,
1296 566 1414 603 vere
1441 558 1622 602 auctus
1651 550 1700 600 in
1731 552 1891 612 gratia
1916 547 2106 612 justili-

563 633 720 683 caute
762 633 814 673 et
860 623 958 673 llle
1011 622 1326 673 viviﬁcante.
1377 620 1544 686 Super
1586 630 1757 674 autem
1807 634 2009 683 egenum
2060 623 2106 667 et

569 708 833 757 pauperem
863 692 1091 757 intelligit
1118 691 1409 751 Christum,
1438 690 1523 753 qtti
1555 688 1794 757 intelligit
1822 701 1938 757 eum
1970 687 2104 749 apttd

568 756 803 813 homines
836 756 1115 825 paupetcm
1139 799 1153 819 ,
1200 758 1334 817 apud
1368 757 1573 810 Patrem
1602 756 1843 825 divitem,
1891 756 1941 805 in
1972 764 2103 825 terra

566 830 802 893 inopem,
838 823 887 879 in
916 829 1049 879 cmlo
1078 837 1363 893 potentem.
1408 827 1468 876 Et
1503 825 1625 875 dum
1674 824 1822 893 no_his
1863 823 2108 875 ostende-

567 891 717 951 batur
745 898 1021 950 inlirmitas
1043 936 1056 953 ,
1082 891 1237 947 intus
1276 896 1399 947 latt-t
1425 893 1688 947 divinitas.
1724 891 1846 955 Ejus
1885 905 2107 956 namque

568 977 847 1033 paupertas
870 977 1042 1024 nostra
1070 964 1162 1017 fuit
1185 964 1468 1031 plenitudo,
1501 972 1552 1033 et
1579 961 1690 1029 ejus
1714 961 1987 1033 inlirmitas
2008 974 2105 1012 no-

564 1026 684 1087 stra
712 1037 807 1088 Γιιί
850 1035 1097 1087 fortitudo
1122 1072 1137 1092 ,
1179 1026 1295 1101 quia
1330 1040 1385 1086 ιιι
1413 1026 1931 1101 ριιιιέηιιιιιεειοι-ιιιη
1963 1044 2107 1101 man-

565 1106 779 1157 ducaret
807 1108 982 1159 homo,
1015 1105 1120 1154 Itex
1145 1098 1444 1169 angelorum
1473 1102 1635 1152 lactus
1660 1108 1739 1151 est
1768 1098 1942 1150 homo.
1971 1098 2108 1169 Qua-

566 1173 686 1225 liter
710 1183 880 1223 anth
912 1177 1094 1225 beatus
1134 1166 1413 1225 slt'vtaliter
1442 1170 1757 1231 intelligens,
1791 1167 2003 1228 exponit
2027 1166 2106 1217 di-

567 1256 728 1295 cens:
783 1240 1025 1293 Dominus
1060 1240 1283 1293 liberabit
1314 1255 1426 1292 cum
1456 1238 1521 1291 ab
1547 1239 1789 1291 omnibus
1817 1236 2108 1288 tribulatio-

569 1312 720 1361 Itilius
745 1312 797 1363 in
832 1312 912 1362 die
941 1312 1093 1371 mala,
1118 1310 1167 1361 itl
1194 1318 1299 1371 est,
1326 1309 1375 1361 ilt
1407 1309 1488 1360 die
1510 1304 1914 1359 examinationis
1936 1311 1988 1356 et
2013 1304 2109 1356 tri-

571 1381 870 1438 bu'ationis,
917 1395 1033 1447 qum
1082 1379 1216 1431 mala
1268 1377 1500 1447 pluribus
1528 1378 1655 1447 erit,
1674 1376 1790 1441 quia
1817 1372 1871 1447 in
1905 1388 1963 1447 ea
1990 1387 2107 1447 qua:

568 1463 704 1501 nunc
731 1441 1081 1500 occultasqu
1124 1445 1610 1508 manifestabuntur,
1636 1444 1783 1511 juxta
1816 1442 1939 1495 illud
1976 1448 1993 1495 ε’
2042 1441 2104 1493 Et

564 1519 736 1569 educet
760 1517 905 1581 quasi
932 1517 1097 1568 lumen
1114 1517 1367 1585 justitiam
1396 1526 1553 1567 tuam.

648 1606 885 1658 Dominus
914 1615 1161 1659 conservet
1191 1622 1326 1659 eum.
1360 1605 1574 1660 Videtur
1604 1605 1715 1656 lucc
1737 1602 1964 1665 optatio,
2013 1600 2103 1653 sed

569 1676 726 1727 futuri
758 1687 837 1729 est
890 1685 1028 1727 certa
1058 1676 1358 1743 promissio.
1394 1675 1452 1727 Et
1482 1674 1695 1740 exponit
1721 1673 1938 1743 qualiter
1980 1670 2108 1723 dicit

566 1745 703 1810 quod
732 1744 976 1798 Dominus
1004 1740 1116 1804 eum
1160 1745 1402 1807 liberabit,
1430 1743 1548 1810 quia
1579 1740 1905 1796 conservabit
1948 1754 2065 1792 eum
2084 1745 2113 1800 ,'

570 1814 744 1875 idest,
772 1818 905 1867 sicut
932 1816 1039 1879 jam
1069 1816 1294 1866 servavit
1322 1829 1441 1865 eum
1474 1828 1563 1877 per
1594 1813 1894 1864 interiorem
1924 1822 2100 1879 resur-

567 1885 877 1943 rectionem,
911 1876 977 1935 ita
1008 1893 1131 1935 tunc
1158 1884 1385 1936 servabit
1415 1876 1482 1934 in
1511 1894 1729 1941 corpore
1757 1891 1850 1947 per
1874 1876 2105 1947 exterio-

564 1964 678 2005 rem
708 1955 1168 2004 resurrectionem.
1197 1952 1266 2003 Et.
1286 1952 1352 2002 ita
1383 1953 1491 2008 liat,
1516 1951 1738 2011 scilicet,
1758 1945 1902 2013 quod
1935 1945 2106 1996 Domi-

566 2036 660 2073 nus
686 2033 933 2073 consrrvet
960 2037 1093 2080 eum.
1128 2030 1179 2071 et
1204 2020 1272 2071 ita
1301 2021 1420 2073 dico
1447 2028 1743 2076 conservet,
1787 2025 1842 2068 ut
1870 2015 1956 2082 qui
1994 2015 2102 2081 jam

559 2091 849 2143 'vivilicdvit
887 2106 1003 2157 eum
1037 2091 1087 2141 in
1121 2091 1294 2141 anima
1340 2104 1418 2151 pet
1458 2087 1630 2140 Iidem.
1670 2085 1847 2138 Justus
1877 2086 2005 2157 enim
2046 2099 2107 2136 ea:

564 2158 668 2229 ﬁde
691 2160 825 2220 vit-it,
857 2154 1082 2212 viv‘ilicet
1112 2173 1228 2210 eum
1260 2168 1383 2211 tunc
1412 2159 1465 2229 in
1494 2170 1714 2229 corpore
1761 2170 1853 2221 per
1886 2154 2107 2229 immor-

569 2223 815 2280 talitatem
842 2238 892 2280 et
926 2230 1386 2294 incorruptionem.
1414 2228 1476 2278 Et
1501 2242 1564 2278 ne
1594 2226 1677 2277 ille
1700 2232 1905 2289 putaret
1934 2238 1993 2276 se
2019 2223 2107 2276 ltic

568 2295 882 2364 neglectum,
928 2300 1052 2364 quia
1096 2293 1294 2349 tan'um
1343 2297 1491 2357 dixit,
1524 2297 1660 2362 quod
1694 2295 1742 2347 in
1785 2293 1957 2364 futuro
1984 2307 2103 2344 eum

570 2360 833 2428 Iibérabit,
866 2360 1062 2426 Subdit,
1089 2375 1135 2418 et
1176 2382 1312 2418 nunc
1339 2360 1553 2418 interim
1594 2364 1743 2428 faciat
1772 2378 1885 2413 eum
1915 2360 2106 2412 beatum

568 2436 621 2486 in
652 2444 799 2497 terra,
836 2437 885 2486 in
914 2450 1012 2500 qua
1038 2433 1206 2485 omnis
1224 2444 1302 2486 est
1320 2438 1549 2496 miseria,
1578 2443 1630 2485 et
1650 2432 1765 2483 ideo
1787 2429 2003 2500 diflicile
2025 2438 2107 2483 est

574 2502 685 2555 lteri
717 2507 766 2555 in
798 2518 857 2555 ea
886 2498 1112 2556 beatum.
1150 2502 1211 2555 Et
1242 2503 1309 2555 ita
1335 2503 1454 2555 dico
1484 2512 1539 2555 ut
1570 2502 1725 2555 faciat
1751 2516 1867 2553 eum
1898 2498 1948 2551 in
1969 2508 2104 2552 terra

572 2571 800 2637 beatum,
835 2583 888 2624 ut
918 2574 1157 2639 quamvis
1186 2580 1399 2633 terram,
1433 2572 1480 2623 id
1523 2581 1621 2635 est,
1653 2586 1890 2632 carnem,
1940 2569 2109 2622 tradat

570 2640 621 2693 in
655 2657 840 2694 manus
864 2642 1210 2700 inimicorum,
1244 2658 1341 2694 non
1372 2654 1535 2694 tamen
1563 2644 1728 2694 tradat
1754 2654 1867 2692 eum
1910 2640 1962 2689 in
1989 2639 2105 2689 aui-

570 2726 723 2774 mam,
753 2711 801 2763 id
834 2722 933 2773 est,
967 2712 1017 2763 in
1048 2712 1368 2763 voluntatem
1422 2722 1474 2762 et
1503 2711 1972 2764 conformationem
2012 2721 2105 2758 eo-

571 2794 708 2832 rum.
730 2782 800 2832 Et
824 2790 881 2831 ut
910 2797 1008 2831 non
1037 2780 1341 2848 tradaturiu
1368 2781 1587 2831 animum
1617 2778 1956 2831 inimicorum.

646 2867 887 2919 Dominus
914 2870 1040 2937 ferat
1064 2870 1139 2920 illi
1168 2885 1331 2935 opem,
1364 2878 1416 2919 ut
1444 2870 1506 2921 sit
1544 2884 1693 2935 super
1721 2868 1897 2918 lectum
1920 2865 2108 2937 doloris

573 2939 700 3056 (siina.
737 2937 787 2988 ιιι
832 2934 931 3001 est,
964 2938 1115 2991 faciat
1144 2954 1262 2991 eum
1305 2938 1573 2991 dominum
1624 2937 1739 2990 lecti
1771 2940 1871 2989 sui.
1919 2934 2109 2989 Lectus

612 3008 768 3056 oloris
792 3018 871 3056 est
900 3009 1173 3056 inllrmitas
1203 3009 1395 3056 earinis-
1427 3009 1509 3056 eui
1539 3008 1663 3056 dum
1693 3007 1862 3056 anima
1889 3019 2108 3056 consen-

612 3008 768 3060 oloris
792 3018 871 3060 est
900 3009 1173 3061 inllrntitas
1203 3009 1395 3070 Carnis,
1427 3009 1509 3060 eui
1539 3008 1663 3059 dum
1693 3007 1862 3058 anima
1889 3019 2108 3058 consen-

576 3075 655 3137 tit,
687 3086 737 3127 et
762 3086 1122 3143 conletnperat
1142 3078 1598 3143 concupiscentias
1622 3074 1756 3142 ejus,
1786 3082 2020 3143 portatur
2042 3073 2107 3124 ab

575 3144 685 3208 ipsa
716 3161 903 3207 carne;
936 3138 1051 3197 cum
1086 3162 1210 3197 vero
1238 3138 1408 3197 anima
1436 3147 1481 3198 ei
1514 3138 1760 3212 praevalet
1788 3138 1840 3193 et
1869 3142 2099 3194 domina-
2136 3138 2182 3201 C

576 3223 679 3273 tur,
713 3225 834 3266 tunc
862 3215 1047 3277 lectus,
1080 3214 1126 3265 id
1157 3224 1238 3265 est
1264 3228 1405 3275 caro,
1431 3228 1544 3280 qua:
1570 3215 1710 3281 prius
1742 3214 1965 3281 animam
1991 3224 2105 3281 por-

578 3282 738 3339 tabat.
763 3287 827 3333 alt
857 3283 964 3350 ipsa
998 3292 1252 3347 portatur.
1283 3282 1431 3347 Quod
1465 3285 1513 3335 in
1549 3280 1833 3351 paralytico
1864 3280 1956 3335 illo
1976 3280 2112 3334 desi-

575 3358 798 3421 gnatum
818 3364 919 3417 est,
947 3352 1029 3404 cui
1060 3352 1322 3404 submisso
1355 3367 1446 3418 per
1468 3353 1662 3421 tegulas
1691 3350 1740 3403 in
1771 3350 1981 3421 domum
1996 3352 2108 3421 Alio-

580 3420 752 3490 minus
773 3420 907 3473 dixit
930 3438 942 3472 :
970 3422 1151 3490 Surge,
1172 3424 1289 3475 tolle
1308 3419 1569 3490 grabatum
1587 3434 1746 3482 tuum,
1771 3431 1816 3471 et
1834 3419 2037 3490 ambula
2057 3419 2109 3469 in

576 3487 778 3539 domum
825 3501 979 3541 tuam.
1035 3487 1152 3543 Ideo
1182 3487 1357 3544 autem
1410 3492 1683 3544 infirmitas
1733 3490 1906 3540 carnis
1946 3488 2109 3541 lectus

575 3555 775 3610 doloris
821 3558 1031 3623 dicitur,
1072 3562 1188 3626 quia
1223 3561 1393 3611 multis
1422 3560 1694 3611 infirmitas
1720 3558 1928 3620 animat,
1961 3557 2107 3626 scili-

577 3636 681 3697 cet,
714 3642 829 3693 qua:
858 3630 1025 3681 adhuc
1076 3625 1407 3697 perfectionis
1456 3643 1709 3681 summam
1762 3642 1863 3697 non
1916 3625 2105 3695 attigit,

575 3696 783 3761 aliquod
817 3695 1087 3749 terrenum
1124 3697 1288 3764 eligit.
1339 3699 1387 3749 in
1416 3713 1519 3765 quo
1548 3698 1647 3750 sibi
1680 3695 2007 3761 acquicsrat,
2032 3703 2110 3765 et

578 3765 798 3829 quadam
832 3766 1135 3831 pansatione
1178 3764 1466 3830 recumbat,
1498 3770 1615 3834 quia
1661 3768 1998 3819 intentionem
2029 3764 2108 3816 la-

580 3834 721 3885 boris
750 3844 801 3886 et
845 3839 1034 3887 mentis
1081 3844 1306 3887 extentas
1351 3837 1401 3887 in
1451 3837 1636 3894 Deum,
1686 3836 1895 3888 dtllicile
1939 3840 2109 3902 potest

584 3913 833 3972 perpetuo
862 3903 1104 3963 tolerare,
1136 3917 1299 3970 quare
1344 3906 1487 3972 eligit
1532 3905 1630 3957 sibi
1680 3905 1873 3971 aliquid
1920 3906 1968 3955 in
2006 3916 2109 3969 quo

584 3971 833 4034 quiescat,
870 3974 1014 4024 verbi
1065 3973 1248 4036 gratia,
1282 3983 1339 4026 ut
1367 3971 1486 4027 sunt
1539 3975 1843 4027 innocentes
1875 3972 2108 4025 delecta-

586 4042 753 4090 tiones
784 4042 1038 4094 bonorum
1070 4045 1319 4103 virorum,
1347 4044 1563 4106 scilicet,
1614 4045 1793 4095 hortus
1824 4044 1955 4093 bene
1992 4040 2105 4092 cul-

584 4119 668 4159 tus
696 4121 748 4159 et
778 4125 1087 4175 pomarium,
1118 4122 1169 4163 et
1193 4122 1377 4163 tta-tera
1407 4116 1548 4167 talia.
1576 4112 1678 4166 Sed
1697 4115 1814 4178 quia
1841 4111 1974 4163 Deus
1997 4108 2109 4161 vult

586 4192 681 4229 nos
712 4192 889 4230 amare
912 4184 1018 4229 sola
1041 4189 1237 4231 mterna
1265 4191 1575 4243 etsuprrna,
1610 4184 1732 4233 inter
1749 4181 1930 4232 tttiscct
1951 4188 2106 4230 etiam

588 4246 668 4294 bis
698 4246 1057 4298 innocentibus
1086 4250 1524 4301 delectationibus
1562 4250 1978 4309 amaritudinem,
2004 4247 2110 4299 svi-

586 4315 725 4373 licet,
757 4324 811 4365 ut
838 4329 978 4379 stirpe
1024 4317 1399 4384 angusticmur,
1432 4328 1483 4370 et
1515 4319 1874 4370 tribttlationes
1900 4325 1951 4366 et
1996 4326 2110 4365 ten-

586 4392 805 4452 tationes
834 4385 1074 4449 patimur,
1100 4401 1149 4437 et
1196 4386 1293 4440 hoc
1338 4388 1475 4451 ideo,
1505 4399 1558 4439 ιιι
1588 4402 1677 4452 per
1712 4384 2106 4437 amaritudinem

2208 539 2351 596 solus
2381 543 2598 599 mederi,
2628 542 2770 593 solus
2800 551 3007 607 peccata
3040 539 3306 594 dimittere
3335 551 3506 607 potes.

2277 610 2474 662 Inimici
2503 611 2614 662 mei.
2647 610 2753 674 Ego
2779 609 2987 676 quidem
3020 608 3117 660 hoc
3148 624 3292 661 meos
3324 611 3500 663 dicere
3526 620 3581 661 et
3600 614 3746 663 inti-J-

2208 680 2368 746 ligere
2412 680 2529 731 feci.
2582 678 2782 729 Inimici
2811 688 2983 729 autent
3035 678 3130 746 mei
3183 680 3281 729 hoc
3322 695 3426 730 non
3470 680 3743 734 intellexe-

2207 745 2353 813 runt,
2389 749 2507 809 quia
2538 750 2769 799 dixerunt
2824 746 2959 797 mala
3004 745 3145 808 milii,
3177 756 3281 799 etc.
3339 747 3515 800 Potest
3562 760 3614 801 et
3651 753 3743 801 ali-

2207 827 2286 869 ter
2325 818 2607 869 universum
2648 825 2861 868 stratum
2886 815 2995 882 ejus
3040 814 3266 875 caruisti,
3307 826 3499 880 etquae
3526 831 3734 882 sequuti.

2209 894 2292 938 tur
2304 885 2515 948 exponi,
2533 885 2677 937 utsic
2690 886 2918 937 dicatur:
2938 883 3058 935 Ideo
3070 884 3189 937 dico
3200 884 3609 942 lcctumrloloris.
3624 892 3747 953 quia

2206 956 2257 1006 in
2286 956 2575 1013 inﬁrmitate
2596 956 2725 1018 ejus.
2754 953 2812 1023 id
2832 962 2913 1023 est
2949 953 3308 1023 inconstantia
3328 964 3393 1023 et
3422 956 3741 1023 impatiaitia

2208 1024 2361 1090 primi
2398 1023 2621 1075 hominis
2648 1038 2763 1088 qua:
2790 1021 2886 1074 fuit
2914 1021 3048 1086 ejus,
3078 1022 3197 1086 quia
3224 1022 3287 1074 ad
3323 1021 3737 1088 ipstnu‘desceu-

2206 1091 2302 1162 dit,
2335 1092 2847 1162 versastiuniversum
2868 1100 3077 1143 stratum
3112 1093 3242 1157 ejus,
3274 1091 3323 1144 id
3346 1102 3444 1153 est,
3471 1107 3729 1162 compara

2210 1161 2362 1214 bilem
2396 1159 2564 1212 fecisti
2593 1175 2709 1213 eum
2742 1160 2947 1212 iulirmo
2978 1162 3279 1213 universum
3318 1171 3542 1214 stratum
3590 1159 3733 1216 suum

2208 1232 2459 1292 versanti,
2495 1229 2541 1279 id
2569 1238 2671 1290 est,
2701 1230 3051 1290 conturbanti,
3080 1229 3199 1295 quia
3230 1229 3365 1282 sicut
3411 1230 3496 1282 ille
3528 1246 3733 1283 cantor.

2206 1298 2416 1363 quendo
2440 1312 2499 1351 se
2531 1298 2629 1350 huc
2656 1307 2709 1351 et
2733 1300 2859 1351 illuc
2884 1309 3091 1363 propter
3120 1298 3355 1352 dolorem
3392 1308 3593 1352 tantum
3619 1303 3737 1353 illud

2208 1367 2258 1419 in
2288 1382 2394 1433 quo
2436 1367 2706 1433 quiescere
2748 1367 2964 1420 deberet
3006 1366 3300 1427 conturbat.
3340 1368 3528 1421 eodem
3584 1374 3738 1421 modo

2206 1436 2454 1501 quidquid
2489 1438 2537 1487 in
2570 1436 2670 1487 isto
2707 1435 2886 1489 debuit
2914 1450 3033 1487 esse
3079 1436 3284 1488 [irinum
3313 1449 3375 1488 ex
3408 1438 3737 1499 inﬁrmitate.

2208 1505 2259 1575 id
2285 1512 2389 1575 est,
2424 1505 2768 1557 inconstantia
2800 1506 2914 1565 illa,
2945 1516 3024 1557 est
3064 1505 3452 1558 conturbatum.
3502 1506 3602 1557 Pro
3637 1524 3731 1575 qua

2208 1573 2511 1644 inﬁrmitate
2541 1575 2877 1644 restauranda
2908 1588 2999 1644 ego
3025 1576 3168 1644 solus
3218 1574 3353 1627 inter
3384 1576 3625 1629 homines
3656 1573 3731 1628 ἰιι

2209 1642 2308 1694 ltoc
2350 1643 2588 1704 idoneus,
2635 1642 2778 1695 solus
2805 1642 2950 1710 erga'
2982 1642 3199 1694 miseros
3246 1652 3407 1695 tanta:
3452 1645 3738 1698 atl’evtiuois

2208 1711 2336 1773 dixi,
2365 1711 2726 1763 transferendo
2756 1713 2805 1763 in
2836 1725 2919 1763 me
2945 1711 3203 1762 miseriam
3231 1725 3441 1775 eorum,
3471 1724 3520 1763 ut
3548 1724 3601 1764 tu
3622 1731 3728 1765 eam

2138 1796 2180 1854 Β
2210 1778 2414 1858 doleres
2440 1800 2450 1831 :
2480 1777 2710 1843 Domine,
2725 1782 2956 1833 miserere
2980 1779 3091 1845 mei,
3122 1787 3177 1832 et
3200 1781 3561 1833 transierendo
3589 1783 3734 1858 inme

2208 1847 2558 1901 inﬁrmitatem
2587 1859 2638 1902 et
2670 1858 2878 1915 peccata
2907 1863 3111 1910 eorum,
3140 1856 3196 1901 ut
3221 1861 3572 1914 eossaoarea,
3592 1851 3690 1902 dixi
3717 1872 3729 1904 ;

2208 1916 2438 1978 Domine,
2468 1934 2591 1970 sana
2618 1922 2837 1970 animam
2865 1933 3054 1981 meum,
3084 1918 3200 1985 quia
3230 1919 3427 1985 peccaui
3476 1921 3583 1972 tibi.
3626 1920 3729 1973 Non

2208 1995 2381 2040 tamen
2408 1989 2519 2052 ipse
2549 1990 2597 2038 in
2628 1988 2802 2055 aliquo
2827 1987 3079 2054 peccavit,
3106 1988 3191 2054 qui
3217 1986 3361 2039 solus
3390 1987 3506 2039 sine
3526 2003 3731 2056 ρεαθο

2207 2056 2426 2126 exstitit,
2457 2058 2547 2108 sed
2573 2071 2777 2120 poenam
2807 2070 2869 2110 ac
2891 2056 2935 2109 si
2962 2057 3072 2122 ipse
3100 2064 3366 2123 peccasset
3397 2070 3493 2123 pro
3516 2062 3735 2126 peccatis

2208 2125 2397 2176 nostris
2428 2126 2660 2191 pertulit.

2278 2190 2480 2244 Inimici
2510 2195 2626 2246 mei.
2652 2193 2759 2260 Ego
2783 2190 2989 2258 quidem
3015 2211 3109 2260 pro
3137 2196 3480 2251 restauranda
3509 2196 3721 2249 humana

2207 2260 2509 2315 infirmitate
2552 2265 2689 2325 veni,
2735 2264 2925 2315 inimici
2952 2274 3123 2319 autem
3167 2267 3265 2318 mei
3306 2282 3411 2320 non
3455 2265 3554 2319 hoc
3588 2268 3728 2317 intel-

2210 2332 2465 2394 lexerunt,
2495 2346 2589 2385 nec
2613 2342 2666 2384 nt
2689 2334 2945 2386 medicum
2977 2350 3058 2385 me
3080 2348 3463 2401 susceperunt;
3487 2335 3578 2388 sed
3600 2340 3731 2385 άιιρ

2206 2409 2343 2461 runt,
2363 2402 2442 2452 vel
2470 2409 2780 2464 statuerunt,
2808 2410 2861 2455 et
2882 2404 3203 2467 protulerunt
3223 2408 3361 2457 mala
3384 2404 3725 2471 mihiquidem

2210 2484 2304 2539 pro
2332 2473 2800 2535 sua-reputatione,
2830 2486 2946 2524 cum
2979 2474 3149 2539 potius
3173 2473 3249 2529 eis
3270 2484 3413 2527 esset
3440 2472 3496 2524 in
3535 2489 3607 2532 re.
3631 2474 3729 2525 hac

2208 2538 2411 2590 scilicet
2444 2542 2575 2591 mala
2607 2540 2839 2593 dicentes
2882 2558 2895 2591 :
2928 2538 3140 2603 Quando
3171 2543 3433 2602 morietur.
3464 2553 3509 2593 et
3536 2547 3734 2609 quando

2210 2608 2384 2679 peribit
2409 2624 2587 2679 nomen
2613 2610 2758 2678 ejus!
2781 2609 2828 2661 id
2859 2621 2961 2670 εει,
2989 2611 3194 2673 quando
3218 2613 3511 2679 poterimus
3532 2608 3729 2665 eflicere

2210 2686 2269 2746 ut
2317 2676 2414 2728 iste
2462 2676 2733 2740 ut0riaiur,
2761 2679 2847 2746 qui
2878 2694 2970 2743 per
3014 2683 3185 2732 omnia
3218 2676 3370 2735 nobis
3400 2681 3715 2733 adversatur.

2214 2745 2279 2797 Et
2302 2755 2357 2797 ut
2381 2760 2565 2799 nomen
2594 2746 2705 2814 ejus
2737 2745 2905 2814 patius
2938 2760 3133 2813 pereat,
3169 2748 3217 2802 id
3243 2760 3345 2809 est,
3378 2761 3655 2812 evacuatur
3669 2752 3727 2801 de

2212 2823 2373 2877 terra,
2396 2830 2548 2882 quam
2579 2831 2673 2868 nos
2704 2818 2981 2883 perdamus
3010 2819 3175 2871 locum
3198 2830 3248 2872 et
3277 2831 3510 2884 gentem.
3537 2819 3726 2872 Sinin

2212 2884 2380 2952 (quasi
2408 2885 2564 2952 dicat)
2593 2886 2887 2939 dimittimus
2909 2902 3021 2938 eum
3050 2889 3137 2947 sic,
3172 2890 3366 2941 uenient
3399 2888 3607 2941 Iiousau'
3627 2926 3642 2951 ,
3684 2900 3727 2937 ct

2213 2952 2386 3025 tollent
2408 2953 2577 3025 locum
2600 2965 2821 3023 nostrum
2848 2966 2895 3011 et
2923 2967 3131 3025 gentem.

2283 3021 2347 3073 Et
2374 3021 2824 3093 siglng‘rcdiebatur'.
2851 3021 3030 3078 Merito
3061 3040 3188 3079 voco
3216 3040 3310 3078 eos
3337 3026 3596 3089 inimicos,
3614 3040 3727 3093 quo-

2216 3091 2352 3144 niam
2393 3092 2475 3162 _illi
2503 3092 2656 3162 etiam
2703 3093 2791 3162 qui
2820 3096 3136 3147 simulabant
3159 3109 3216 3149 se
3266 3096 3489 3158 amicos,
3525 3091 3727 3148 maximi

2212 3170 2362 3232 erant
2392 3160 2607 3214 inimici.
2632 3160 2757 3215 Nam
2786 3173 2832 3216 et
2856 3166 2897 3215 si
2927 3164 3111 3231 aliquis
3132 3178 3311 3217 eorum
3342 3164 3724 3232 ingrediebatar,

2210 3230 2261 3283 id
2286 3236 2389 3294 est,
2419 3232 2748 3283 familiariter
2791 3246 2992 3286 mecum
3021 3230 3153 3286 esse
3177 3230 3414 3296 volebat,
3447 3235 3729 3287 simulando

2209 3313 2266 3352 se
2297 3300 2541 3362 amicum,
2572 3300 2708 3367 quod
2748 3302 2974 3356 maxime
3003 3302 3226 3368 pertinet
3252 3304 3315 3355 ad
3339 3302 3549 3363 ludam,
3589 3314 3637 3356 et
3665 3308 3725 3353 ad

2210 3369 2344 3441 alios
2372 3369 2529 3441 etiam
2563 3370 2657 3441 qui
2694 3369 2975 3425 dixerunt:
3006 3370 3269 3441 Magister,
3302 3375 3485 3425 scimus
3508 3374 3728 3440 quoniam

2207 3452 2254 3514 α.
2272 3436 2374 3514 Deo
2400 3437 2593 3514 utnisti,
2626 3441 2770 3514 et___ad
2794 3436 3116 3505 consimiles;
3143 3436 3654 3514 ingrediebatar’dico
3676 3456 3735 3514 as

2207 3505 2411 3566 videret,
2441 3505 2489 3557 id
2539 3514 2640 3578 est,
2670 3508 2963 3562 libertatem
2995 3505 3223 3564 nostram
3246 3512 3573 3578 exploraret,
3599 3513 3729 3562 scili-

2208 3584 2309 3645 cet,
2340 3588 2440 3645 oon
2471 3583 2525 3627 ut
2550 3577 2763 3630 haberet
2785 3579 2923 3645 quod
2965 3579 3225 3644 crederet,
3258 3577 3350 3632 sed
3382 3591 3437 3631 ut
3477 3582 3723 3631 inveniret

2208 3644 2405 3715 aliquid
2439 3646 2559 3715 mali
2612 3648 2746 3710 quod
2779 3644 3041 3713 proderet,
3089 3648 3155 3701 de
3193 3648 3381 3715 quibus
3409 3653 3684 3713 Apostolus
3714 3668 3724 3699 :

2211 3712 2430 3775 Quidam
2450 3714 2563 3780 falsi
2590 3717 2769 3782 fratres
2793 3712 3282 3779 subintroicruut,'ut
3315 3712 3628 3781 explorarent
3668 3719 3729 3767 li-

2208 3786 2441 3854 bertatem
2466 3793 2703 3854 nostram.
2730 3785 2838 3846 Illo,
2871 3785 3100 3853 inquam,
3128 3785 3469 3854 ingrediente,
3496 3802 3609 3839 cum
3632 3802 3728 3837 non

2208 3851 2411 3903 vtderet
2442 3851 2537 3923 nisi
2568 3867 2709 3917 vera,
2744 3868 2834 3905 cor
2858 3851 3030 3906 tanien
3054 3856 3169 3923 ejus
3187 3851 3301 3907 'non
3321 3855 3615 3923 loquebatur
3635 3858 3729 3906 nisi

2208 3935 2355 3995 uana,
2384 3920 2503 3995 quia
2536 3923 2863 3995 pervertebat
2891 3920 3097 3995 omnia;
3121 3924 3185 3976 Et
3238 3920 3729 3995 ideo'congregaru.

2212 3988 2262 4061 id
2292 3998 2391 4050 est,
2415 3991 2799 4061 tltesaurisavit
2844 3992 3161 4061 iniquitatem
3208 3996 3325 4053 sibi.
3355 3988 3513 4058 juxta'
3552 3988 3675 4047 illud
3718 4010 3735 4045 ;

2210 4058 2325 4129 Ipsi
2344 4060 2473 4110 enim
2497 4061 2758 4113 homicida:
2784 4058 3240 4116 tltcsaurisavcrunt
3270 4064 3365 4115 sibi
3396 4066 3551 4125 mala,
3580 4076 3682 4116 etc.

2280 4128 3077 4201 Egrediebatur.Ingrediebatur
3116 4132 3329 4199 quidem
3354 4175 3367 4195 ,
3403 4143 3458 4185 et
3484 4133 3731 4201 loqueba-

2213 4207 2295 4249 tur
2324 4214 2473 4270 vana,
2521 4210 2572 4270 et
2597 4199 2786 4252 deinde
2838 4201 3182 4270 egrediebatur
3204 4202 3362 4270 foras,
3404 4203 3453 4253 id
3497 4199 3600 4257 est.
3650 4202 3732 4263 (ιιι

2212 4270 2352 4331 prius
2381 4266 2715 4319 simulaverat
2743 4282 2801 4320 se
2849 4266 3099 4334 amicum,
3131 4266 3405 4322 manifeste
3435 4271 3737 4322 ostendebat

2209 4348 2281 4406 se
2300 4334 2583 4406 inimicum.
2619 4335 2683 4388 Et
2709 4337 3023 4406 egrediendo
3067 4339 3392 4406 loquebatur,
3428 4345 3649 4393 tendens
3689 4341 3742 4391 is

2209 4404 2448 4473 idipsum,
2479 4404 2527 4457 id
2558 4414 2657 4467 est,
2688 4408 2739 4457 in
2772 4405 3052 4461 vanitatem
3081 4404 3213 4460 sicut
3246 4408 3409 4474 prius.

540 4466 543 4467 '
586 4450 886 4531 inferiorum
918 4454 1175 4522 erigamur
1200 4458 1262 4543 ad
1311 4472 1541 4511 antorem
1570 4450 1914 4521 superiorum.
1958 4454 2104 4518 Quod

2211 4450 2672 4543 faiaatara'.
2688 4450 3052 4528 meanti
3070 4450 3231 4541 ῥᾘὲί
3246 4450 3429 4530 Ἥίὲῖι
3460 4495 3472 4529 ;
3520 4477 3652 4543 Quia
3691 4488 3741 4529 et

586 4521 753 4593 innuit
784 4536 900 4593 cum
944 4521 1117 4593 subdit
1160 4542 1169 4573 :
1208 4524 1501 4579 Universum
1550 4534 1759 4578 stratum
1806 4527 1936 4593 ejus,
1963 4526 2107 4590 quasi

585 4590 724 4661 dicat
750 4606 761 4639 :
796 4589 913 4641 Idro
940 4591 1055 4643 dico
1083 4594 1261 4644 lectum
1292 4596 1499 4657 doloris,
1529 4596 1647 4661 quia
1690 4589 1895 4646 stratum
1919 4589 2027 4659 ejus
2058 4593 2111 4643 in

586 4660 876 4725 inﬁrmitate
903 4662 1028 4729 ejus,
1082 4662 1129 4712 id
1159 4674 1259 4719 est.
1290 4665 1414 4714 illud
1443 4660 1577 4732 quod
1612 4665 1720 4726 ipse
1744 4677 1838 4715 ens
1865 4664 1915 4713 in
1966 4661 2115 4713 infir-

586 4734 766 4782 mitate
786 4745 957 4784 carius
978 4734 1148 4797 elegit,
1174 4741 1228 4782 ut
1255 4733 1350 4784 sibi
1378 4742 1516 4784 t-sset
1544 4740 1787 4792 stratum,
1816 4734 1861 4781 id
1893 4739 1994 4792 est,
2029 4745 2113 4783 re-

586 4802 736 4867 quire
765 4812 813 4852 et
838 4802 1140 4864 delectatio;
1166 4801 1309 4859 illttd,
1339 4800 1785 4867 inquam,ccrsasti
1807 4801 2114 4859 universum,

586 4866 637 4918 id
666 4880 746 4919 est
792 4880 955 4921 totum
1008 4882 1097 4935 per
1128 4866 1423 4923 admislatn’
1452 4873 1850 4923 amaritudinem
1896 4877 2117 4919 contur-

587 4938 740 4986 basti.
774 4940 900 4997 Quia
934 4954 1055 4990 vero
1094 4941 1170 4989 lnu
1202 4944 1396 4991 μειιιιειιι
1430 4939 1798 4991 atnaritutlines
1828 4938 2118 4988 immittun-

588 5015 670 5053 tur
701 5004 848 5055 nobis
881 5022 979 5055 non
1010 5009 1217 5073 injuste,
1244 5014 1333 5061 sed
1364 5008 1498 5061 tr.an
1528 5011 1715 5061 tnerito
1738 5017 1935 5071 nostro,
1964 5020 1992 5057 a
2016 5005 2118 5056 Do-

589 5073 748 5134 mino,
785 5076 917 5140 quod
948 5077 1163 5142 quisque
1190 5081 1343 5131 debet
1369 5079 1658 5142 attendere,
1693 5077 1865 5131 subdit
1894 5092 1906 5125 :

657 5161 785 5231 Ego.
810 5166 914 5216 dixi
953 5179 970 5214 :
1006 5164 1232 5217 Domine.
1282 5168 1439 5232 Quasi
1486 5170 1656 5233 dicat:
1692 5169 1843 5233 Verr,
1878 5162 2115 5232 Domine,

562 5234 789 5304 ιιιέηιιδιὶ
840 5234 1121 5286 universum
1156 5246 1365 5288 stratum
1392 5240 1515 5304 ejus,
1564 5237 1685 5303 quia
1715 5252 1810 5303 ego
1840 5236 2118 5288 attendens

526 5360 529 5363 ἰ
588 5302 738 5363 illud,
760 5314 814 5356 et
842 5306 1016 5358 sciens
1041 5306 1177 5370 juSIe
1200 5320 1315 5357 esse
1342 5302 1548 5368 factum,
1582 5302 1634 5357 ut
1665 5306 1795 5357 alios
1823 5304 2113 5370 intelligere

587 5370 720 5425 idem
751 5374 960 5437 faciam,
990 5373 1097 5427 dixi
1126 5377 1174 5427 in
1209 5376 1355 5425 meis.
1404 5374 1513 5424 Non
1543 5377 1680 5424 enim
1723 5372 1817 5438 ipsi
1844 5375 2108 5433 dixerunt,

582 5443 676 5513 sed
704 5460 793 5513 ego
836 5446 962 5507 dixi,
990 5448 1314 5510 quiacausa
1348 5443 1418 5495 fui
1474 5444 1786 5513 utdicereut
1832 5460 1841 5491 :
1879 5442 2110 5513 Domine,

582 5511 810 5564 miserere
836 5516 951 5578 mei,
980 5515 1031 5565 td
1063 5522 1163 5576 est,
1193 5528 1305 5575 ure,
1338 5527 1477 5573 seca.
1520 5511 1719 5577 ﬂagella
1744 5512 1980 5563 omnibus
2003 5525 2111 5560 mo-

581 5580 679 5643 dis“,
714 5593 933 5634 stratum
966 5599 1138 5647 versa,
1170 5583 1497 5635 solummodo
1520 5585 1737 5632 animum
1767 5596 1926 5630 meum
1973 5585 2110 5632 male

580 5661 863 5703 merentem
910 5669 1053 5712 sima,
1099 5653 1234 5718 quod
1288 5666 1501 5704 necesse
1548 5662 1648 5713 εει,
1679 5667 1795 5715 quia
1848 5649 2106 5701 infirmata

580 5726 678 5767 est.
711 5719 835 5770 Nam
866 5737 966 5773 non
1014 5723 1197 5789 lat-tut,
1243 5737 1344 5776 non
1378 5722 1605 5786 luituna,
1647 5740 1748 5775 non
1796 5721 1967 5783 stella,
2002 5732 2106 5768 non

2215 4541 2441 4612 simulati
2470 4542 2640 4603 amici.
2674 4555 2725 4598 et
2749 4545 3010 4599 manifesti
3041 4546 3255 4609 inimici,
3284 4546 3403 4599 ideo
3443 4541 3611 4598 omnes
3654 4550 3745 4596 iiu-

2213 4613 2330 4665 mici
2360 4624 2411 4663 et
2437 4613 2759 4665 sumrrab‘aut
2794 4615 3015 4668 latenter
3047 4616 3182 4668 inter
3210 4630 3268 4669 se
3296 4617 3431 4668 mala
3467 4618 3739 4669 adversum

2215 4697 2322 4744 me,
2351 4692 2395 4733 et
2422 4684 2699 4748 cogi-about
2729 4684 2948 4750 quisque
2975 4686 3107 4751 apud
3132 4700 3189 4738 se
3217 4688 3355 4737 mala
3381 4684 3647 4738 aduersat-
3672 4700 3747 4734 ius

2216 4764 2310 4814 pro
2338 4764 2517 4802 eorum
2544 4752 2806 4815 opinione.
2837 4752 2984 4817 Quod
3017 4764 3189 4806 tamen
3214 4764 3329 4807 erat
3372 4755 3524 4816 mihi,
3558 4755 3607 4807 id
3642 4762 3741 4810 est.

2168 4856 2171 4857 ν
2216 4818 2281 4869 ad
2327 4833 2495 4871 meam
2520 4821 2740 4886 gloriam
2791 4823 2841 4873 in
2891 4836 2979 4886 re;
3008 4832 3059 4875 et
3106 4824 3260 4875 etiam
3309 4824 3584 4875 manifeste
3628 4836 3747 4873 cum

2218 4886 2332 4957 aliis
2363 4886 2653 4940 tractabant
2677 4890 2761 4941 illa
2792 4891 2975 4943 eadem
3009 4892 3165 4951 mala,
3208 4890 3327 4957 quia
3360 4893 3742 4947 constituerunt,

2219 4955 2269 5005 id
2300 4966 2398 5018 est,
2430 4959 2773 5011 communiter
2801 4970 3114 5019 statuerunt,
3138 4955 3405 5009 aduersum
3429 4959 3518 5011 ἠιε
3548 4962 3745 5021 ἐτη-

2218 5024 2459 5091 iniquam.
2496 5025 2717 5080 Verbum
2749 5027 2978 5097 iniquum
3008 5028 3121 5089 fuit,
3152 5029 3358 5097 quando
3384 5030 3644 5082 medicum
3666 5032 3741 5080 in-

2221 5098 2481 5167 tertice_re_
2506 5099 2797 5160 voluerunt,
2839 5094 3154 5167 dicentes;
3189 5094 3460 5167 Cruci/iga,
3510 5100 3745 5167 cruciﬁge

2221 5179 2354 5216 eum.
2384 5164 2484 5216 Sed
2513 5169 2813 5237 quaecum}
2838 5167 3012 5237 ANulla,
3041 5164 3265 5229 scilicet,
3293 5164 3411 5233 quia
3438 5184 3538 5237 ego
3565 5164 3741 5221 resur-

2221 5246 2335 5304 gain
2359 5248 2514 5298 quam
2538 5234 2689 5286 facile
2708 5234 2926 5301 quilibet
2943 5235 3207 5289 dormiens
3236 5240 3462 5304 resurgit
3480 5234 3514 5289 'a
3538 5252 3743 5290 manu.

2176 5338 2179 5341 -
2224 5298 2297 5376 De
2340 5314 2689 5376 quojconstat
2728 5298 2876 5376 quod
2926 5318 3047 5376 vere
3093 5309 3336 5376 resurgit,
3386 5298 3426 5357 si
3478 5323 3642 5358 sanus
3673 5309 3742 5355 tit.

2223 5368 2632 5445 Nunqutdenim
2659 5368 2833 5445 outuis
2856 5374 2939 5442 qui
2981 5375 3160 5426 dormit
3206 5368 3545 5445 nonctljiciet
3572 5388 3627 5425 ιιι
3672 5391 3747 5425 rs-

2220 5442 2426 5506 surgal?
2458 5442 2639 5506 Utique
2668 5441 2811 5495 facit.

2294 5496 2355 5560 Et
2379 5515 2511 5561 enim
2540 5496 2685 5561 nomo
2730 5511 2865 5575 pacis
2893 5527 3032 5565 meat.
3066 5512 3199 5568 Vere
3238 5516 3603 5567 constituant
3651 5527 3749 5562 m-

2222 5574 2334 5647 bunt
2364 5580 2589 5647 iniquum
2610 5574 2785 5631 contra
2812 5596 2907 5644 mc,
2939 5583 3057 5647 quia
3084 5590 3239 5636 etiam
3262 5586 3413 5635 homo
3439 5598 3576 5647 pom
3612 5596 3748 5635 tua.

2222 5645 2400 5709 ludas.
2432 5645 2652 5709 Scilicet,
2684 5662 2816 5701 unus
2845 5653 2909 5701 de
2936 5645 3232 5712 duodecim,
3264 5653 3313 5702 in
3339 5645 3448 5716 quo
3476 5668 3573 5718 ego
3616 5666 3743 5701 sem-

2225 5730 2315 5782 per
2342 5732 2519 5787 paceni
2558 5718 2740 5785 habui;
2771 5718 2850 5772 cui
2876 5718 3029 5773 etiam
3058 5734 3175 5772 cuin
3206 5736 3289 5775 tne
3320 5721 3573 5784 traderet,
3607 5734 3751 5772 uacu-
