3912 6230
311 394 412 448 70I

1044 396 1104 449 ΙΝ
1143 394 1543 451 ρεςιωιυιιωι
1586 397 1833 452 LIBRUM
1883 399 2233 456 EXEGESIS.
2271 430 2341 442 —-
2381 401 2618 456 PSALM.
2663 403 2790 457 XLI.

3380 412 3478 466 70‘2

317 505 428 557 Ium
454 519 555 584 non
587 505 786 583 negavi,
815 504 866 555 in
890 519 988 583 quo
1011 506 1166 583 etiam
1194 509 1412 586 sperari.
1434 509 1702 591 Quo-modo
1742 522 1832 591 au-
1861 510 1907 562 Α
1934 525 2055 591 stite,
2079 510 2251 589 dicens
2266 526 2391 591 euri.
2405 511 2454 561 in
2475 511 2767 591 [incutit-aulo
2788 531 2886 566 ηοιι
2917 516 3092 591 debere
3121 521 3331 585 turbari,
3353 524 3469 591 quin

318 585 425 625 tein
457 573 543 640 qui
571 589 661 625 cor
688 573 800 638 ejus
829 576 990 636 ii0vit,
1033 575 1082 624 iii
1122 590 1184 625 en
1216 578 1479 640 speravit?
1523 577 1561 627 Il
1588 591 1630 627 uc
1658 578 1832 634 modo,

313 643 441 706 quia
486 643 644 695 ludas
671 657 786 693 cum
828 647 1029 694 caeteris
1057 649 1301 706 apostoLs
1348 645 1409 706 ad
1453 645 1833 710 praedicandum

316 727 535 773 regnum
570 711 654 763 Dei
685 711 872 762 missus
898 711 1017 774 fuit;
1048 719 1100 762 et
1140 712 1254 762 ideo
1284 714 1425 763 inulti
1459 716 1523 763 ali
1559 728 1622 764 eo
1647 715 1834 764 instrn-

313 782 387 832 cti
417 781 465 830 iii
497 781 610 845 ipso
637 789 996 845 speraverant,
1046 782 1093 829 in
1123 782 1308 845 quibus
1350 783 1676 846 sperantibus
1702 781 1836 832 sicut

313 859 372 899 et
402 849 454 899 in
501 850 845 900 esurientibus
870 859 970 908 est,
1019 847 1110 898 luit
1152 849 1420 902 [)mniuiis.
1456 851 1518 901 Et
1554 851 1637 915 qui
1663 851 1831 901 edebat

313 932 470 983 panes
498 933 649 975 meos,
683 918 762 970 vel
795 918 1126 969 liistomliier
1157 918 1232 968 vel
1263 921 1419 969 etiam
1475 916 1832 982 spiritualiier,

311 984 436 1048 quia
467 1001 566 1036 non
593 985 760 1036 solum
781 986 1005 1038 carnalia
1031 988 1277 1041 instituta.
1302 987 1391 1038 sed
1415 988 1569 1038 etiam
1594 989 1836 1052 spiritua-

313 1052 385 1106 lia
429 1069 544 1121 quin
572 1056 636 1104 ali
665 1055 776 1119 ipso
808 1064 1108 1121 perceperat
1159 1055 1375 1116 edebat;
1422 1057 1539 1118 iste,
1585 1059 1792 1120 inquam
1819 1095 1834 1116 ,

314 1122 495 1184 homo,
523 1122 589 1174 ile
630 1138 733 1192 quo
776 1125 943 1173 minus
995 1122 1286 1183 videretur,
1335 1125 1669 1192 magniﬁcavit
1715 1141 1838 1185 sup-

313 1192 692 1254 plantationem,
719 1191 909 1260 ida-st,
955 1192 1216 1255 ampliavit
1258 1191 1646 1246 subversiOiiem
1688 1208 1837 1260 super

313 1276 417 1320 me,
442 1264 556 1326 quia
580 1260 705 1310 alios
733 1258 796 1311 ad
826 1260 922 1311 ltoc
951 1261 1198 1312 iiiclluvil.

391 1327 465 1381 Tu
506 1340 690 1390 autem,
739 1327 967 1380 Domine.
992 1329 1064 1380 Illi
1094 1328 1299 1393 quidem
1339 1329 1697 1382 constituerunt
1740 1330 1836 1379 ini-

309 1412 467 1463 quum
493 1398 686 1449 verbum
716 1406 886 1448 contra
907 1413 999 1457 ine,
1029 1408 1080 1447 tu
1109 1408 1272 1449 autem
1291 1439 1304 1459 ,
1353 1396 1574 1459 Domine,
1608 1399 1837 1450 miserere

311 1466 436 1529 mei,
467 1479 518 1516 ei
550 1480 813 1524 nieorum;
841 1475 893 1516 et
923 1467 989 1515 ita
1035 1466 1150 1516 dico
1177 1467 1712 1525 niisi-rere,-resusciia
1737 1481 1830 1526 me,

313 1534 540 1596 scilicet,
569 1535 619 1586 in
659 1533 903 1587 exteriori
947 1545 998 1586 et
1028 1538 1191 1586 meos.
1227 1536 1369 1586 Nunc
1408 1535 1636 1586 interiori
1685 1551 1833 1587 resu-

311 1603 472 1662 scita,
495 1613 554 1655 ut
575 1602 780 1656 tandem
803 1605 1080 1655 resuscites
1105 1618 1197 1655 eos
1225 1603 1271 1654 in
1298 1603 1553 1662 interiori,
1589 1613 1635 1654 et
1662 1602 1737 1656 sic
1760 1618 1836 1654 re-

314 1672 532 1724 tribuam
573 1686 671 1738 ego
695 1672 784 1733 eis,
833 1671 884 1724 id
909 1684 1008 1734 εει,
1034 1672 1255 1725 inimicis
1287 1675 1416 1723 meis
1455 1674 1665 1733 malum,
1698 1674 1831 1733 quod

309 1742 696 1794 constituerunt
742 1752 920 1794 contra
970 1756 1084 1802 me,
1138 1743 1421 1794 retrihuent
1469 1749 1522 1794 et
1547 1744 1667 1793 mei.
1723 1742 1835 1807 Ipse

1938 578 2068 629 Deus
2087 589 2157 630 est
2177 580 2335 644 ipsius
2356 581 2458 644 ﬁxa
2475 582 2824 634 delibi'raiion.:
2844 583 3132 652 siiﬂuqium.

2495 704 2909 746 εοιιιιεςτριηιῠς.

2008 775 2434 835 Quemadmodum
2461 780 2706 828 desiderat
2736 797 2925 834 cervus.
2963 781 3165 836 Titulus
3203 794 3278 837 est
3308 786 3462 839 talis:

1940 840 1997 893 In
2020 844 2167 916 finem
2200 848 2248 896 in
2277 845 2577 896 intellectum
2613 848 2731 912 ﬁliis
2760 848 2883 900 Core
2921 855 3161 916 psalmus.
3205 854 3340 907 Core
3369 856 3463 908 fuit

1936 928 2066 981 unus
2095 914 2158 964 de
2184 916 2482 971 cantoribus
2527 931 2657 981 quos
2690 917 2847 968 David
2900 914 2948 970 in
2997 923 3288 974 reducenda
3337 938 3456 977 arca

1939 979 2139 1031 Domini
2168 983 2342 1045 elegit.
2381 983 2476 1047 Qui
2510 979 2680 1050 plures
2720 987 2853 1038 illius
2879 988 3075 1046 habuit,
3111 992 3201 1043 sed
3239 991 3303 1044 de
3352 992 3459 1045 illis

1938 1052 2017 1098 luc
2040 1065 2138 1100 nou
2166 1052 2352 1117 agitur.
2388 1052 2498 1102 Non
2529 1053 2666 1104 enim
2698 1055 2795 1106 line
2824 1071 3008 1107 nomen
3031 1055 3165 1109 Core
3193 1060 3254 1109 ad
3289 1059 3452 1111 histo-

1937 1119 2084 1181 riam.
2117 1118 2206 1196 sed
2244 1120 2652 1196 ad_-lltys_lerlllln
2697 1126 2920 1188 ponitur.
2974 1125 3294 1190 Inquiramus
3325 1143 3455 1196 ergo

1936 1186 2257 1263 mysterium.
2284 1186 2470 1263 digni
2520 1186 3019 1263 eiiiind'sacrauienti
3049 1186 3150 1246 res
3187 1206 3287 1255 est,
3317 1186 3458 1263 quiid

1934 1253 2234 1320 Christiani,
2283 1254 2331 1306 i-l
2362 1264 2464 1316 est,
2513 1258 2602 1308 lilii
2633 1257 2847 1320 Christi,
2880 1263 2964 1312 lilii
3011 1265 3144 1313 tlore
3190 1253 3458 1316 diciiiitur.

1933 1319 2070 1375 Core
2115 1339 2342 1390 namque
2379 1325 2743 1388 interpretatur
2791 1333 2956 1382 calvus
3000 1331 3076 1384 vel
3105 1334 3346 1384 calvaria.
3399 1333 3463 1384 Et

1934 1392 2169 1465 Christus
2197 1395 2387 1465 dicitur
2425 1395 2587 1453 Core.
2621 1395 2670 1465 id
2699 1403 2809 1457 est,
2839 1399 3016 1451 calvus
3035 1438 3051 1461 ,
3085 1401 3166 1450 Vel
3198 1402 3318 1465 quia
3347 1401 3457 1451 soli

1937 1461 2182 1523 perlectio
2228 1463 2342 1512 siue
2388 1461 2743 1517 superﬂuitate
2792 1467 2841 1518 in
2885 1481 2950 1518 eo
2994 1468 3107 1518 luit.
3136 1461 3270 1518 Niliil
3309 1470 3450 1521 enim

1936 1528 2108 1579 minus
2136 1543 2292 1595 quam
2321 1531 2490 1594 capilli
2524 1531 2680 1583 ablati
2707 1531 2949 1587 videntur
2986 1537 3045 1586 ad
3080 1536 3474 1596 perfectionem

1933 1598 2120 1649 obesse
2146 1597 2195 1649 iii
2223 1598 2447 1650 liumino
2474 1613 2723 1663 corpore;
2763 1603 3004 1655 similiter
3036 1606 3190 1656 homo
3218 1605 3270 1658 iii
3298 1605 3461 1658 abun-

1935 1665 2106 1718 dautia
2139 1667 2385 1718 viitutum
2415 1668 2611 1733 positus
2660 1671 2917 1732 perlectus
2967 1672 3078 1724 luit.
3115 1673 3244 1726 Vitia
3289 1686 3459 1726 autem

1935 1735 2196 1794 superﬂua
2223 1746 2360 1796 sunt,
2386 1737 2503 1800 quia
2533 1751 2688 1801 super
2715 1736 3082 1804 perfectionem
3113 1744 3286 1794 addita
3317 1753 3458 1797 sunt.

312 1812 460 1880 enim
490 1808 724 1863 Christus
755 1810 803 1861 in
835 1813 930 1860 ltoc
958 1810 1322 1880 eisi-etribuit,
1350 1811 1465 1880 quia
1497 1804 1836 1880 periiiissiuiie

1942 1804 2066 1880 Qua.
2087 1805 2451 1880 superﬂuitate
2486 1806 2727 1880 vitiorum
2754 1806 3002 1880 Δ(ΗΠ-ἰδίης
3030 1813 3216 1871 caruit,
3248 1820 3302 1863 et
3346 1813 3464 1865 ideo

310 1879 432 1945 ejus
461 1880 628 1931 locum
651 1889 702 1931 et
727 1889 932 1946 gentem
955 1879 1258 1931 amiserunt.
1291 1879 1356 1928 Et
1383 1879 1494 1942 ipso
1518 1877 1722 1930 volente
1744 1880 1837 1932 Ee-

310 1949 477 2001 clesia
510 1948 583 2000 ibi
608 1951 829 2014 plauiata
877 1956 975 2005 est.
1007 1949 1143 1999 unde
1171 1948 1426 1998 erailicata
1453 1956 1536 2015 est
1558 1961 1839 2015 synagoga.

313 2017 414 2069 Sui
441 2031 564 2069 vero
593 2017 642 2067 in
672 2018 770 2067 hoc
790 2019 865 2067 eis
892 2017 1264 2080 retigibiieriint,
1299 2015 1417 2082 quia
1442 2014 1674 2068 iecerunt
1695 2014 1842 2079 quos-

309 2086 437 2136 ilam
467 2100 527 2136 ex
576 2085 679 2138 illis
725 2099 1002 2138 conversos
1029 2088 1263 2150 subesse,
1295 2086 1383 2152 qui
1413 2093 1553 2152 prius
1598 2086 1842 2138 volebant

273 2211 280 2218 ,
311 2167 560 2220 pra-esse.
1239 2185 1243 2190 -

388 2220 454 2274 In
479 2226 569 2275 hoc
587 2223 808 2290 cognovi.
836 2221 972 2276 Vere
1001 2222 1330 2276 misereberis
1362 2224 1460 2274 mei
1499 2230 1551 2273 ct
1580 2227 1836 2288 meorum,

307 2292 438 2356 quia
466 2292 693 2344 inimicus
723 2307 860 2342 meus
887 2294 971 2358 qui
999 2294 1208 2356 gavisus
1235 2299 1316 2342 est
1367 2306 1522 2357 super
1546 2305 1629 2342 me
1649 2290 1805 2345 deluit
1823 2323 1839 2334 -

309 2370 423 2424 ctn,
452 2377 548 2413 non
570 2361 802 2430 gaudebit
821 2377 968 2430 super
991 2376 1068 2412 ine
1090 2376 1191 2412 non
1223 2363 1550 2430 resumzitato.
1572 2359 1719 2425 Quod
1742 2376 1840 2427 ego

269 2462 273 2465 -
313 2431 607 2496 praividens
634 2429 849 2498 cegtiovi
881 2433 928 2481 in
980 2431 1096 2490 lio'c,
1133 2431 1366 2496 quoniam
1405 2429 1519 2482 volu
1541 2440 1601 2481 sti
1632 2445 1743 2493 me,
1789 2432 1839 2484 id

309 2510 418 2564 est,
444 2510 644 2568 gratum
677 2497 772 2553 fuit
801 2497 890 2552 tibi
913 2500 1226 2553 sacriﬁcium
1255 2515 1427 2553 meum
1467 2511 1518 2552 et
1544 2497 1837 2554 obedientia

312 2584 434 2621 mea
445 2610 455 2619 .
1767 2613 1772 2619 ,

389 2637 473 2691 lle
514 2646 697 2691 autem.
749 2636 988 2690 Inimicos
1014 2637 1225 2703 quidem
1253 2645 1465 2703 promer
1511 2633 1834 2703 iniquitatem

310 2721 467 2760 suam
513 2707 766 2774 repulisti,
795 2715 849 2759 et
897 2706 1010 2759 ideo
1040 2721 1142 2758 non
1169 2707 1482 2770 gaudebunt.
1531 2705 1639 2771 Ego
1663 2715 1836 2759 autem

309 2775 572 2841 gaudebo,
604 2777 718 2839 quia
748 2777 1002 2840 suscepisti
1032 2791 1106 2826 me
1147 2776 1196 2826 in
1220 2777 1437 2842 giatiani
1469 2784 1607 2825 tuam
1638 2787 1839 2842 promer

309 2846 649 2898 innocentiam
674 2860 852 2906 meam,
883 2857 997 2910 qua:
1025 2844 1234 2908 quidem
1267 2845 1556 2896 innocentia
1587 2855 1665 2896 εει
1699 2847 1829 2897 inte-

310 2917 482 2983 griias
513 2923 626 2965 Vita:
655 2913 770 2966 sine
793 2914 1268 2983 peccato,,redditio
1293 2914 1405 2964 sine
1432 2912 1628 2983 debito,
1662 2910 1839 2978 ﬂagel—

313 2981 425 3036 lum
457 2985 568 3035 sine
599 2986 800 3036 merito.
830 2981 1103 3050 Suscepisti
1121 2999 1214 3045 uir,
1245 2984 1474 3046 inquam,
1499 2992 1549 3033 et
1572 2981 1692 3035 ideo
1721 2992 1770 3033 et
1792 2983 1835 3034 si

308 3053 381 3104 ad
431 3055 630 3113 liorani,
673 3060 727 3103 ut
758 3053 1058 3115 videbatur,
1093 3064 1296 3117 propter
1324 3053 1523 3119 ﬂagella
1557 3066 1640 3103 ine
1689 3052 1835 3104 iiilir-

312 3121 501 3174 inabas
529 3135 702 3211 coralm
759 3121 1080 3211 hominibus,
1116 3121 1420 3197 conﬁrmasti
1447 3134 1525 3197 me
1564 3129 1732 3171 tamen
1783 3124 1834 3174 in
1863 3153 1907 3211 Ο

309 3200 578 3260 auruum,
611 3191 804 3260 idest,
853 3190 1168 3242 :eternaliter
1215 3190 1432 3260 positum
1482 3189 1548 3260 in?
1574 3200 1838 3260 conspectu

311 3266 426 3320 tuo,
453 3259 502 3311 id
533 3269 629 3322 est,
662 3258 850 3310 factum
884 3261 1222 3311 immortalem
1250 3269 1301 3310 et
1324 3258 1692 3323 ittlpaSSiIllIi‘lll
1731 3261 1838 3323 jam

308 3326 655 3393 dispositione
680 3339 780 3379 tua.
807 3327 1028 3380 Christus
1045 3327 1171 3378 enim
1193 3344 1450 3394 resurgens
1469 3343 1500 3378 a
1522 3329 1723 3378 mortuis
1727 3330 1841 3395 jam

313 3412 418 3466 non
447 3399 669 3458 moritur,
701 3409 750 3466 et
777 3398 994 3462 reliqua.
1027 3395 1190 3460 Unde,
1215 3397 1432 3458 scilicet,
1464 3398 1586 3464 quia
1609 3400 1838 3466 suscepi-

313 3465 386 3518 sti
417 3481 510 3522 me,
536 3473 581 3516 et
610 3465 916 3531 conﬁrmasti
938 3480 1029 3516 me.

389 3534 703 3587 Benedictus.
736 3535 786 3585 ld
825 3542 933 3595 est,
979 3543 1336 3600 augmentatus
1375 3546 1427 3588 et
1477 3534 1730 3587 exaltatus
1777 3535 1844 3588 sit

311 3602 579 3667 Dominus,
595 3604 682 3671 qui
703 3617 818 3655 cum
836 3602 903 3654 sit
926 3602 1059 3655 Deus
1077 3603 1301 3655 omnium
1325 3619 1412 3671 per
1435 3615 1688 3667 naturain,
1713 3604 1845 3656 Deus

311 3672 508 3734 Israel,
543 3675 590 3725 id
621 3682 736 3738 est,
769 3674 1075 3740 poSIerioris
1125 3675 1314 3737 populi,
1355 3673 1438 3726 cui
1478 3674 1640 3739 major
1687 3677 1843 3725 servit

311 3757 418 3821 per
452 3743 699 3821 gratiam,
747 3741 1029 3821 benedictus
1072 3741 1158 3821 sit,
1212 3742 1436 3821 inquam,
1487 3742 1846 3821 benedictione

312 3811 599 3880 incipiente
627 3827 658 3862 a
689 3812 930 3878 presenti
974 3811 1178 3875 sceciilo,
1219 3819 1270 3862 et
1297 3817 1586 3863 continuata
1617 3828 1766 3879 usque
1795 3813 1847 3862 in

309 3876 548 3931 futurum
576 3876 832 3932 iaculum.
868 3880 985 3932 Fiat
1014 3881 1308 3931 benedictio
1354 3896 1402 3932 in
1433 3881 1534 3932 illis
1563 3876 1768 3945 ovibus,
1796 3891 1849 3934 et

311 3951 409 4002 tiat
437 3948 487 4004 ei
516 3948 812 4003 benedictio
839 3948 890 4001 in
919 3949 1037 4001 istis
1064 3947 1263 4001 ovibus.

790 4037 855 4092 ΙΝ
884 4037 1199 4093 Ρειιωιυιί
1230 4039 1359 4093 XLI.

642 4128 697 4183 In
728 4131 884 4183 linem
914 4129 1209 4183 intellectus
1237 4131 1355 4184 (iliis
1383 4130 1534 4186 Core.

898 4235 1268 4275 Διςυιιειιτυιι.

389 4310 617 4378 Populus
643 4312 692 4363 in
727 4309 989 4381 Babylone
1015 4314 1248 4380 captivus
1281 4315 1460 4380 patria:
1491 4331 1692 4367 memor
1715 4329 1846 4370 orat.

310 4379 486 4436 Aliter
521 4393 642 4434 ante
669 4379 980 4452 baptismum
1012 4379 1109 4434 vox
1139 4379 1330 4437 UliriSti
1369 4387 1433 4436 ad
1465 4401 1556 4437 eos
1583 4389 1669 4452 qui
1699 4388 1848 4439 Iidem

309 4462 439 4502 sunt
471 4462 819 4504 consecuturi.
849 4449 989 4518 Lege
1013 4452 1077 4504 ad
1100 4452 1300 4505 Isaiam.

916 4557 1265 4595 ειΡιΑΝΑτιο.

393 4628 513 4680 Filii
546 4627 667 4681 Core
699 4630 828 4682 sicut
852 4638 898 4682 et
939 4628 1121 4692 Eman,
1152 4629 1340 4694 Etlian,
1366 4633 1534 4698 Asapli
1567 4645 1610 4684 et
1643 4632 1849 4686 Iditliun

313 4715 422 4752 non
444 4700 833 4768 psalmograpbi,
858 4699 944 4751 sed
964 4713 1188 4752 cantores
1218 4703 1376 4768 fuere,
1413 4719 1444 4753 a
1471 4704 1628 4754 David
1652 4709 1851 4769 quidem

311 4773 385 4819 ad
407 4773 736 4834 psalmodiam
757 4770 916 4830 electi,
941 4773 1049 4832 sed,
1075 4773 1133 4822 ob
1159 4771 1543 4839 signiﬁcantium
1571 4777 1847 4836 nominum,

313 4841 478 4890 titulis
497 4849 820 4904 congruenter
842 4839 1020 4902 adﬁxi.
1062 4844 1184 4891 Core
1206 4840 1384 4891 dicitur
1408 4841 1662 4900 Calvaii'i,
1689 4845 1738 4892 i'u
1763 4859 1847 4892 cu-

301 4910 403 4977 jus
438 4911 647 4961 nominis
680 4911 789 4961 loco
813 4908 1054 4960 Dominus
1094 4919 1163 4960 est
1201 4910 1491 4975 cruciﬁxus.
1534 4911 1595 4960 Et
1623 4913 1850 4973 ideo/Elii

313 4976 448 5028 Core
479 4981 652 5028 merito
686 4981 940 5040 dicuntur,
970 4979 1053 5042 qui
1088 4981 1329 5041 passionis
1370 4979 1504 5030 illius
1526 4979 1706 5031 vexillo
1748 4991 1849 5031 tota

315 5046 576 5097 devotione
613 5050 938 5114 famulantur.
969 5049 1299 5110 Psalinusque
1337 5047 1416 5096 hic
1453 5053 1586 5098 omni
1626 5053 1848 5101 cottttrrtil

310 5114 626 5175 Christiano,
652 5119 733 5180 qui
752 5120 955 5183 ﬂamma
978 5119 1234 5168 dominico:
1254 5117 1509 5186 cliaritatis
1541 5123 1847 5186 accingitur;

315 5186 600 5253 meminisse
632 5188 758 5236 enim
783 5187 1012 5238 debemus
1032 5186 1164 5252 quod
1185 5187 1350 5237 beatus
1378 5184 1708 5253 HierOHymus
1745 5191 1847 5242 ait:

317 5251 483 5304 Omne
504 5252 803 5306 Psalterium
844 5271 1012 5321 sagaci
1040 5251 1198 5308 mente
1224 5256 1530 5320 perlustrans
1551 5251 1581 5315 ,θ
1609 5274 1849 5320 nusquam

315 5326 515 5376 invenio
540 5326 667 5389 quod
688 5325 780 5389 ﬁlii
805 5322 930 5375 Core
964 5327 1153 5391 aliquid
1187 5327 1326 5376 triste
1353 5327 1683 5386 mutaverint;
1723 5343 1850 5377 sem-

316 5405 409 5456 per
432 5393 559 5444 enim
589 5394 639 5444 in
661 5393 863 5457 psalmis
884 5407 1049 5443 earum
1077 5397 1190 5444 laeta
1217 5405 1328 5445 sunt
1353 5408 1391 5445 ei
1417 5395 1663 5461 Jucunda,
1687 5412 1846 5445 δατη-

313 5462 600 5529 laribusque
644 5464 926 5529 contemptis
960 5465 1172 5514 caelestia
1209 5477 1254 5516 et
1294 5478 1479 5515 averna
1527 5464 1804 5514 desiderant
1831 5505 1844 5525 ,

313 5544 638 5596 congruentes
678 5534 1062 5598 interpretationi
1103 5537 1311 5584 nominis
1354 5533 1448 5583 sui.
1492 5529 1655 5581 Filius
1699 5531 1844 5591 Core.

312 5614 461 5668 quin
492 5600 707 5668 diximus
745 5616 904 5652 εναειε
941 5601 1124 5650 honore
1151 5613 1417 5668 signatum,
1459 5601 1625 5665 prima
1659 5605 1849 5665 profes-

308 5670 457 5722 sione
476 5667 651 5733 psalmi
672 5671 820 5734 hujus
846 5687 985 5721 omne
1005 5667 1304 5721 desiderium
1334 5673 1505 5721 mentis
1535 5686 1634 5720 sua:
1657 5672 1722 5718 ad
1749 5671 1843 5721 Do-

306 5739 500 5794 minum
525 5738 639 5787 άωὲι
663 5754 766 5790 esse
787 5740 1099 5790 translatum.
1122 5737 1184 5790 In
1205 5740 1416 5792 secunda
1438 5742 1652 5808 loquitur
1670 5743 1849 5792 animo:

1943 1871 2127 1942 merito
2153 1873 2329 1924 calvus
2354 1872 2562 1942 dicitur.
2594 1873 2683 1926 Vel
2717 1875 2832 1928 ideo
2857 1878 3014 1929 etiam
3041 1880 3218 1930 calvus
3252 1881 3459 1942 dicitur,

1939 1939 2058 2003 quia
2110 1955 2200 2011 per
2232 1942 2462 2011 ACiIIVUttl
2517 1941 2742 1994 Eliseiini
2812 1947 3147 2011 praisiinatiis
3202 1947 3335 2010 luit,
3379 1939 3461 2001 cui

1938 2009 2241 2060 ascendenti
2294 2009 2342 2060 in
2383 2021 2611 2062 montem
2645 2009 3142 2077 pueriiinsultantes
3187 2009 3459 2069 disertim:

1936 2076 2177 2148 Ascendit,
2202 2077 2356 2140 calve,
2397 2080 2622 2142 ascende,
2647 2076 2803 2135 calve.
2840 2084 3026 2148 Quibus
3064 2101 3168 2145 ipse
3209 2100 3468 2137 conversus

1937 2145 2214 2220 maleditcit,
2255 2156 2298 2199 et
2321 2149 2488 2220 statim
2530 2151 2630 2200 duo
2665 2153 2771 2201 ursi
2804 2145 3014 2205 uisum.
3053 2155 3232 2220 egressi
3252 2157 3466 2219 quadra-

1937 2213 2076 2281 ginta
2096 2216 2220 2288 duos
2240 2231 2300 2288 ea:
2324 2217 2898 2288 ipsis_consumpserunt.
2932 2213 3183 2274 Similiter
3214 2213 3379 2288 piieri,
3411 2224 3460 2275 id

1936 2290 2035 2343 est,
2067 2285 2209 2336 stulti
2239 2283 2401 2336 Iudici
2425 2283 2633 2337 Cliristo
2662 2290 2978 2340 ascendente
3027 2291 3077 2341 in
3125 2283 3374 2349 montem,
3408 2293 3455 2343 id

1937 2359 2039 2411 est,
2063 2352 2113 2404 in
2138 2367 2367 2417 crucem,
2402 2354 2632 2412 pluribus
2662 2359 2828 2408 modis
2856 2357 3249 2418 insultaveruut,
3276 2359 3458 2410 dicen-

1940 2427 2054 2472 tes:
2078 2421 2196 2485 Ave,
2239 2419 2347 2493 Rea;
2384 2418 2697 2486 Judieorum,
2725 2431 2779 2477 et
2804 2437 2990 2478 extera
3031 2428 3181 2489 talia;
3237 2443 3328 2493 pro
3356 2442 3459 2492 quo

1937 2498 2172 2554 peccato,
2215 2491 2552 2557 quadraginta
2581 2495 2753 2563 annis
2795 2496 3086 2555 transactis,
3118 2507 3209 2563 per
3240 2491 3455 2548 iotideui

1938 2571 2128 2630 pueros
2149 2569 2484 2630 consumptos
2518 2561 2655 2630 prius
2681 2561 2861 2630 design
2881 2564 2982 2624 itis,
3010 2561 3130 2618 duo
3158 2564 3284 2626 ursi,
3316 2565 3454 2617 scili-

1937 2636 2037 2699 cet,
2066 2627 2212 2678 Titus
2238 2636 2290 2679 et
2316 2626 2669 2699 Vespasianus
2691 2669 2703 2689 ,
2731 2626 2819 2682 dev
2841 2635 2990 2694 silva,
3025 2635 3072 2685 id
3108 2645 3208 2696 est,
3237 2635 3303 2687 de
3328 2649 3452 2699 gun-

1939 2693 2123 2771 tilitate
2149 2711 2264 2762 qua:
2314 2697 2501 2771 inculta
2533 2707 2643 2750 erat
2671 2700 2805 2771 sicut
2831 2693 3002 2763 silva,
3029 2703 3149 2771 quia
3195 2693 3452 2756 vomerem

1937 2763 2190 2838 doctrinas
2221 2769 2518 2830 apostolica:
2548 2783 2613 2819 no
2637 2768 2773 2821 idum
2799 2763 3062 2835 seuserati
3107 2774 3196 2834 illi,
3229 2775 3431 2838 inquam
3451 2812 3467 2833 ,

1936 2836 2130 2905 egressi
2181 2846 2616 2905 consumpserunt
2667 2853 2776 2890 eos.
2832 2840 2952 2892 Ideo
2991 2857 3194 2905 quoque
3222 2836 3458 2893 Christus

1940 2900 2126 2979 dicitur
2169 2904 2367 2964 calvus,
2400 2906 2516 2979 quia
2547 2907 2595 2955 iu
2620 2907 2740 2979 loco
2768 2900 3018 2960 Calvariai
3049 2900 3123 2960 esi
3155 2909 3458 2961 crucifixus.

1939 2968 2054 3042 Filii
2101 2972 2269 3037 itaque
2296 2968 2544 3036 passionis
2586 2972 2698 3042 ejus
2749 2979 3000 3040 redempti
3032 2993 3121 3035 per
3157 2981 3458 3042 sanguinein

1939 3039 2122 3111 ipsum,
2153 3049 2206 3092 et
2233 3051 2499 3105 portantes
2546 3041 2595 3093 in
2618 3039 2796 3094 l'ronte
2827 3039 2963 3111 quod
3012 3046 3203 3097 inimici
3236 3039 3460 3097 tixeiitiit

1940 3108 1989 3160 in
2055 3109 2167 3162 loco
2219 3112 2492 3169 Calvariie.
2546 3122 2685 3164 recte
2741 3108 2981 3166 dicuntur
3029 3114 3118 3166 lllii
3164 3113 3331 3175 Core;
3384 3115 3463 3165 liis

1941 3187 2111 3249 autem
2163 3179 2282 3232 [iliis
2328 3190 2566 3234 cantatur
2617 3182 2713 3234 iste
2759 3183 2987 3249 psalmus
3039 3184 3086 3234 iu
3129 3182 3464 3236 intellectum.

1946 3246 2253 3318 Excitemusi
2286 3264 2410 3318 ergo
2460 3246 2795 3313 intellectum,
2826 3260 2880 3303 et
2925 3254 2965 3303 si
3015 3253 3163 3305 nobis
3205 3260 3464 3312 cantatur,

1942 3325 1995 3367 et
2022 3315 2066 3388 si
2101 3317 2193 3388 lilii
2219 3315 2496 3370 Core'esse
2543 3322 2799 3381 volumus,
2837 3321 3182 3388 intelligamus
3212 3322 3346 3387 quod
3388 3323 3468 3373 iti-

1945 3386 2197 3439 tellecturi
2245 3401 2441 3439 sumus.
2493 3388 2544 3438 lu
2594 3404 2744 3453 quem
2794 3401 2965 3441 autem
3011 3386 3332 3442 intellectum
3366 3393 3462 3443 iste

1947 3456 2175 3520 psalmus
2197 3467 2434 3508 cantetur
2458 3457 2620 3508 audeo
2643 3458 2813 3510 dicere
2834 3475 2845 3508 :
2865 3457 3140 3510 Ill"l8tl)llla
3160 3460 3290 3509 enim
3315 3461 3470 3522 ipsius

1945 3540 1974 3572 ιι
1994 3535 2215 3575 creatura
2253 3527 2421 3576 mundi
2450 3542 2535 3592 per
2564 3542 2619 3577 ea
2647 3543 2757 3593 qua:
2780 3531 2910 3593 [arta
2936 3537 3045 3580 sunt
3082 3529 3328 3578 intellecta
3356 3545 3473 3580 con-

1943 3593 2051 3662 spic
2073 3603 2238 3645 untur.
2289 3596 2451 3646 Simul
2500 3610 2624 3662 ergo
2667 3610 2934 3659 amemus,
2984 3599 3138 3649 simul
3188 3597 3236 3649 in
3266 3598 3360 3649 hac
3389 3600 3471 3648 siti

1947 3661 2354 3724 inardescamus,
2389 3661 2637 3715 siiiiuliid
2686 3665 2878 3717 fontem
2931 3667 3245 3721 intelligendi
3295 3680 3472 3719 curra-

1949 3745 2081 3781 mus.
2132 3730 2501 3783 Desideremus
2551 3735 2689 3783 velut
2735 3748 2924 3785 cervus
2972 3735 3164 3787 fontem
3211 3734 3376 3793 illum,
3409 3734 3472 3786 de

1945 3813 2048 3872 quo
2078 3799 2186 3872 liaic
2214 3801 2478 3872 Scriptura
2510 3802 2628 3852 alibi
2660 3801 2785 3872 dicit
2829 3819 2842 3853 :
2893 3802 3139 3868 Quoniam
3167 3806 3298 3872 apud
3329 3814 3374 3854 te
3399 3813 3478 3854 est

1950 3868 2059 3933 {ous
2084 3870 2214 3922 vitm.
2258 3870 2370 3937 Ipse
2398 3870 2534 3922 enim
2565 3878 2618 3921 et
2656 3870 2772 3924 lous
2798 3881 2850 3924 et
2881 3874 3073 3937 lumen,
3104 3882 3157 3925 et
3183 3868 3472 3924 intellectus

1948 3948 2048 3990 est.
2094 3938 2229 3991 Foos
2275 3950 2389 4002 est,
2440 3942 2554 4005 quia
2598 3940 2830 3992 sitientes
2880 3951 3055 4006 potat;
3106 3942 3299 4002 lumen,
3350 3942 3469 4007 quia

1950 4021 2116 4058 czecos
2184 4008 2475 4073 illuminat;
2542 4010 2829 4063 intellecnis
2875 4025 3030 4071 vero,
3085 4012 3198 4073 quia
3246 4010 3468 4060 animam

1950 4077 2146 4128 sciendi
2193 4077 2395 4128 avidam
2443 4071 2689 4129 illudrat.
2741 4078 2802 4130 Et
2850 4079 3018 4130 omnis
3065 4071 3149 4144 qui
3204 4076 3464 4145 intelligit,

1954 4161 2052 4197 non
2075 4151 2337 4207 exteriori,
2369 4149 2459 4197 sed
2494 4146 2723 4199 interiori
2757 4151 2947 4200 lumine
2978 4149 3278 4200 illustratur.
3301 4147 3464 4200 Curre

1955 4231 2074 4273 Gri-:0
2105 4218 2166 4265 ad
2197 4216 2409 4277 l'onteui,
2456 4216 2691 4268 desidera
2725 4232 2910 4284 aquam
2945 4221 3118 4281 finitis,
3150 4234 3249 4271 non
3282 4228 3465 4270 utcun-

1953 4300 2071 4350 que.
2099 4287 2189 4337 sed
2237 4293 2292 4335 ut
2339 4299 2557 4347 cervus;
2610 4287 2825 4353 impiger
2871 4302 3043 4353 curre,
3080 4291 3296 4355 impiger
3331 4287 3471 4338 desi-

1954 4357 2096 4406 dera.
2143 4355 2196 4405 In
2243 4370 2397 4406 cervo
2443 4359 2580 4406 enim
2613 4357 2897 4408 velocitatis
2943 4369 3022 4408 e-.t
3070 4357 3288 4423 insigne.
3324 4356 3471 4408 Aliud

1957 4438 2160 4489 quoque
2189 4423 2362 4474 divina
2393 4424 2654 4490 Scriptura
2686 4433 2829 4474 notat
2856 4424 2906 4475 in
2935 4437 3107 4475 cervo.
3141 4427 3334 4477 Cervus
3361 4439 3468 4476 ser-

1889 4492 1932 4548 l)
1958 4503 2160 4558 pentem
2208 4496 2485 4553 consumit,
2517 4501 2569 4543 et
2620 4501 2738 4558 post
2764 4496 3168 4560 pereniptiouem
3219 4500 3471 4560 serpentis

1953 4562 2133 4628 majori
2182 4563 2264 4613 siti
2315 4561 2700 4634 inardescit,“
2729 4562 2898 4613 acrius
2942 4563 3005 4614 ad
3051 4563 3242 4614 fontem
3291 4559 3466 4634 currit.

1948 4626 2228 4696 Serpentes
2279 4643 2396 4683 sunt
2429 4633 2568 4683 vitia.
2600 4630 2856 4683 Consume
2887 4647 3009 4698 ergo
3053 4639 3326 4696 serpentes
3367 4626 3471 4698 iiii-

1948 4694 2180 4766 qiiitatis,
2207 4712 2260 4754 et
2303 4702 2467 4769 magis
2496 4700 2817 4753 desiderabis
2862 4694 3054 4752 loniein
3085 4694 3336 4769 veritatis.
3380 4694 3472 4745 Est

1947 4773 2101 4822 etiam
2132 4773 2269 4822 aliud
2297 4767 2431 4836 quod
2459 4783 2508 4822 et
2533 4772 2597 4823 de
2627 4769 2795 4822 cervis
2817 4769 3022 4828 dicitur,
3053 4770 3175 4820 etin
3203 4767 3368 4819 cervis
3402 4778 3472 4813 vi-

1947 4840 2116 4891 iletur.
2164 4842 2419 4904 Quoniam
2463 4843 2600 4893 enim
2643 4841 2945 4904 longinquas
2984 4837 3220 4905 regiones
3268 4845 3468 4902 petunt,

1947 4921 2034 4959 aut
2061 4924 2149 4973 per
2200 4925 2340 4960 mare
2387 4909 2578 4972 nando,
2623 4917 2712 4960 aut
2755 4908 2804 4958 in
2851 4909 3054 4972 agmine
3094 4905 3287 4964 eundo,
3339 4907 3470 4954 alter

1948 4993 2078 5028 onus
2105 4978 2289 5042 capitis
2329 4979 2631 5042 superponit
2661 4976 2902 5029 clunibus
2941 4977 3177 5039 alterius,
3207 4974 3384 5036 sicque
3413 4986 3468 5021 se

1947 5047 2166 5097 iniiceiii
2214 5056 2439 5112 portant,
2474 5063 2568 5098 nec
2617 5061 2672 5098 se
2700 5047 2980 5106 deseruiil,
3027 5046 3116 5096 sed
3149 5049 3463 5112 ντοροδιωην

1948 5117 2044 5167 iter
2075 5125 2342 5180 peragunt.
2378 5116 2481 5167 llos
2514 5117 2643 5168 tales
2668 5131 2855 5168 cervos
2884 5115 3157 5182 alloquitur
3189 5111 3465 5184 Aposlqlljs

1947 5186 2124 5236 dicens
2150 5202 2158 5232 :
2192 5186 2326 5236 Alter
2354 5184 2555 5236 alterius
2583 5201 2732 5238 onera
2757 5194 2959 5250 portate.
2997 5186 3053 5236 lli
3084 5184 3220 5236 enim
3251 5190 3385 5250 cervi
3414 5187 3465 5224 ιιι

1950 5257 2048 5304 lide
2092 5257 2355 5306 constituti
2404 5256 2629 5305 nonduin
2665 5248 2900 5320 videntes
2936 5253 3072 5320 quod
3115 5248 3464 5320 crediderunt,

1947 5323 2216 5394 cupientes
2265 5326 2550 5389 intelligere
2594 5325 2731 5388 quod
2780 5311 3020 5394 diligunt,
3069 5321 3362 5394 desiderant
3401 5311 3462 5394 ad

1950 5382 2139 5444 loiitem
2170 5409 2416 5458 aquarum
2432 5382 2547 5442 iion
2578 5382 2730 5442 causa
2777 5382 3015 5452 lavandi,
3033 5391 3122 5443 sed
3149 5400 3301 5440 causa
3352 5382 3470 5458 rell:

1948 5461 2138 5515 cieudi.
2182 5451 2373 5515 [lorum
2418 5463 2846 5531 cervoruin,imo
2894 5451 3032 5513 cervi
3088 5467 3383 5531 cerviirulll.
3415 5451 3465 5500 id

1947 5539 2046 5595 cst,
2075 5532 2264 5583 Clirisd
2306 5548 2402 5582 vox
2431 5540 2527 5591 est,
2560 5530 2607 5579 in
2641 5530 2737 5581 lioc
2765 5531 2982 5594 psalmo.
3016 5529 3337 5596 exliortatitis
3369 5534 3464 5596 nos

1950 5586 2045 5650 suo
2085 5605 2347 5665 exemplo,
2377 5610 2429 5651 ut
2461 5586 2636 5650 iu'liac
2668 5586 3022 5667 ιιιοιίιεδιὶιιιιεε,Δ
3046 5597 3094 5667 in
3125 5586 3476 5667 hac'passibi-

1952 5671 2093 5720 litate
2121 5680 2172 5720 et
2199 5656 2529 5733 corruptione
2578 5670 2841 5718 constituti
2887 5664 3024 5734 omni
3059 5660 3343 5734 intentione
3372 5656 3472 5705 de-

1951 5739 2273 5801 sideremus,
2325 5731 2754 5803 ingeiuiscamtts.
2806 5731 3123 5802 suspireinus
3178 5731 3472 5796 pertingere
