3912 6230
247 387 357 438 713

941 386 1005 441 ιΝ
1045 387 1446 442 PSAIMGRUM
1487 387 1740 442 LIBRUM
1785 389 1794 441 l

1897 387 2135 442 ZGESlS.
2178 421 2245 431 --
2289 386 2522 442 PSAIM.
2570 385 2724 439 XLIV

3332 393 3431 448 716

249 502 443 561 eoi-dis,
474 500 522 552 id
562 509 662 562 est,
693 499 869 553 omnia
909 500 1109 552 occulta
1155 501 1422 565 cognoscit
1470 501 1522 552 in
1562 508 1783 565 tantum,
1816 509 1859 562 Α
1895 504 2101 558 lantur,
2152 500 2236 566 qui
2287 496 2502 564 perfecti
2544 508 2680 548 sunt.
2733 495 2932 566 Exurge
2979 510 3101 564 ergo
3127 538 3140 562 ,
3194 498 3435 564 Domine,

249 571 392 634 quod
438 570 592 621 etiam
623 579 702 622 est
731 579 987 621 scrutator
1028 569 1367 638 medullarum
1409 581 1461 622 et
1506 572 1782 638 cogitatio-

253 654 402 691 num.
435 639 536 690 Sed
582 638 632 688 in
675 642 771 689 hoc
802 647 1018 704 apparet
1063 637 1197 699 quod
1245 652 1344 688 non
1389 637 1782 700 sumusobliti,

249 708 376 771 quia
422 707 780 772 mortiﬁcamur
810 716 1008 774 propin
1032 716 1078 757 te
1111 717 1213 756 to‘a
1251 706 1348 758 die.
1381 705 1555 759 Potest
1579 721 1786 774 quoque

249 777 493 838 superior
525 791 721 837 versus,
752 777 968 837 setlicet,
1015 775 1071 826 Si
1111 775 1249 825 obliti
1277 791 1472 835 sumus,
1519 789 1614 840 per
1655 789 1783 840 apo-

249 845 486 910 siopesin
533 845 603 894 ita
654 844 751 911 legi
780 861 790 892 :
821 843 969 903 Vere,
1016 843 1253 904 Domine,
1305 858 1407 895 non
1437 843 1580 894 obliti
1607 857 1785 895 sumus

255 922 327 962 te.
377 913 500 964 Nam
540 913 582 963 si
617 914 754 963 obliti
801 929 969 962 smnus
1007 927 1182 962 nomen
1227 912 1312 963 Dei
1346 913 1526 972 nostri,
1559 923 1603 964 et
1629 914 1671 963 si
1701 928 1809 964 (3.17--

251 982 524 1046 pandimus
571 997 747 1031 mauus
795 991 986 1033 nostras
1027 981 1094 1030 ad
1148 980 1306 1032 Deum
1348 982 1588 1032 alienum.
1629 981 1785 1045 Quasi

251 1049 395 1126 dicat
420 1067 432 1100 :
462 1049 856 1126 Veniaanupet‘
884 1063 976 1100 nus
1005 1051 1176 1126 omnia
1199 1051 1374 1126 mala.
1408 1052 1472 1100 Et
1500 1051 1647 1126 quasi
1688 1049 1785 1126 ali-

250 1118 374 1182 quis
399 1121 630 1171 diceret:
658 1117 840 1170 Nonne
876 1132 999 1184 ergo
1032 1117 1165 1169 Deus
1197 1118 1438 1182 injustus,
1471 1119 1555 1184 qui
1588 1132 1682 1169 nos
1712 1119 1788 1170 sic
1829 1163 1832 1167 .

248 1185 517 1240 memores
556 1188 636 1239 sui
679 1201 781 1240 non
822 1186 1085 1237 ulciscitur
1112 1184 1178 1237 ab
1208 1185 1458 1242 inimicis.
1507 1187 1789 1248 reSpondet

252 1255 355 1307 iste
383 1273 394 1305 :
429 1255 603 1322 utique
634 1271 736 1306 non
782 1264 861 1307 est
897 1255 1134 1318 injustus,
1166 1256 1281 1319 quia
1313 1255 1523 1320 requiret
1554 1270 1645 1320 per
1664 1270 1789 1307 cort-

251 1323 465 1388 dignam
494 1323 742 1376 ultionem
784 1326 850 1374 ah
889 1324 1108 1376 inimicis
1149 1324 1242 1374 ista
1269 1339 1382 1386 qua:
1412 1325 1562 1375 nobis
1591 1323 1787 1376 scilicet

251 1391 506 1455 inferunt,
535 1403 587 1446 et
614 1408 774 1444 nonne
793 1392 1046 1459 requiret?
1075 1390 1260 1458 Utique
1303 1392 1473 1453 faciet,
1523 1393 1642 1456 quia
1681 1394 1788 1457 ipse

250 1464 388 1512 novit
419 1463 593 1513 omnia
622 1462 820 1513 occulta
851 1462 1044 1522 cordis,
1083 1460 1217 1512 unde
1246 1470 1293 1513 et
1325 1463 1664 1513 intentionem
1696 1475 1789 1509 uo-
1816 1506 1824 1516 ,

250 1540 417 1581 strain
459 1530 622 1592 novit,
656 1529 772 1594 quia
804 1543 906 1581 non
937 1540 1144 1595 propter
1190 1530 1344 1582 inane
1391 1543 1602 1587 nomen,
1648 1531 1799 1590 SCiii‘_

249 1608 360 1663 rct,
394 1598 485 1650 sed
519 1607 726 1664 [ποριεῖ
759 1613 878 1649 eum
925 1599 1020 1649 hoc
1058 1599 1300 1664 patimur.
1337 1599 1398 1650 Et
1427 1607 1508 1651 est
1530 1599 1675 1664 quasi
1703 1597 1786 1649 di-

245 1677 342 1716 cat
367 1684 380 1718 :
410 1666 520 1719 Non
564 1667 856 1725 defuerunt,
890 1667 1124 1728 Domine,
1157 1668 1240 1732 qui
1273 1678 1481 1733 propter
1507 1667 1788 1734 gloriosum

254 1750 452 1788 nomen
483 1737 658 1787 surculi
691 1744 912 1788 mortem
938 1737 1198 1793 subirent;
1233 1744 1283 1785 tti
1307 1746 1477 1786 autem
1503 1736 1636 1787 nosti
1663 1751 1789 1800 qu..-

252 1804 396 1891 niam
422 1820 514 1856 nos
540 1804 966 1882 mortificabimur
1002 1812 1105 1882 tota
1132 1803 1228 1882 die,
1258 1819 1357 1854 non
1391 1812 1600 1891 propter
1627 1804 1787 1882 aliud,
1831 1834 1876 1891 Β

251 1873 349 1924 sed
376 1883 574 1937 propter
605 1883 668 1932 te,
709 1884 759 1924 et
786 1873 939 1924 etiam
981 1874 1219 1925 mstimati
1247 1887 1427 1923 sumus
1468 1875 1531 1922 ad
1579 1872 1800 1925 inimicis

252 1940 328 1990 ita
363 1941 490 1994 viles
522 1943 583 1992 ad
616 1941 1048 2000 interliciendum,
1081 1943 1216 1992 sicut
1239 1955 1363 1993 oves
1389 1955 1492 1994 non
1521 1950 1803 1993 reservata:

248 2011 319 2061 ad
359 2011 750 2069 fecunditatem,
780 2010 871 2062 sed
903 2012 964 2061 ad
993 2010 1331 2074 occisionem.

329 2085 754 2156 Exsurge,quare
780 2087 1028 2139 obdormis
1053 2125 1068 2150 ,
1116 2086 1328 2139 Domine
1355 2088 1376 2137 ?
1419 2086 1575 2152 Quasi
1624 2086 1760 2139 dicat
1787 2104 1800 2138 :

251 2155 689 2220 Quandoquidem
733 2168 935 2223 propter
974 2169 1019 2207 te
1049 2156 1437 2221 mortiﬁcamur,
1495 2171 1638 2222 ergo,
1693 2157 1800 2208 Do-

251 2227 410 2292 mino,
441 2241 648 2291 exsurge
673 2225 910 2292 gentibus
941 2225 990 2276 in
1020 2226 1292 2287 notitiam;
1326 2225 1462 2291 quod
1494 2226 1797 2292 estdicere:

253 2290 853 2355 Dormtvisti,’Dn_mine,
888 2296 935 2344 iit
974 2308 1164 2357 cruce;
1206 2290 1522 2354 dormivisti,
1557 2290 1794 2357 Domine,

254 2360 310 2412 in
366 2373 569 2424 morte;
623 2361 713 2413 scd
768 2363 915 2414 nobis
963 2361 1300 2415 credentibus
1351 2363 1790 2414 resurrectiooem

256 2439 401 2480 tuam
429 2429 535 2496 jam
567 2430 932 2494 exsurrexisti,
965 2432 1204 2496 gentibus
1235 2440 1412 2483 autem
1446 2443 1548 2481 non
1587 2429 1799 2483 creden-

255 2500 399 2549 tibus
424 2512 475 2550 et
505 2511 598 2549 nos
627 2502 1058 2564 persequentibus
1099 2502 1269 2551 adhuc
1309 2498 1525 2550 dormis.
1554 2498 1616 2550 Et
1657 2499 1792 2562 ideo,

256 2565 498 2628 Domine,
533 2567 632 2618 illis
663 2583 869 2632 exsurge
898 2570 946 2618 in
978 2569 1234 2631 notitiam,
1269 2568 1464 2620 scilicet
1492 2576 1547 2618 ut
1584 2569 1796 2620 credant

257 2648 312 2686 te
362 2638 738 2698 resurrexisse,
785 2636 902 2701 quia
949 2644 990 2686 si
1028 2639 1104 2690 eis
1144 2639 1522 2692 exsurrexeris.
1570 2638 1796 2688 cessabit

257 2715 440 2773 nostra
487 2704 831 2756 mortificatio.
882 2705 1048 2768 Quare
1088 2719 1212 2772 ergo
1240 2706 1486 2757 obdorniis
1510 2705 1794 2773 gentibus?

257 2771 512 2839 Exsurge,
543 2774 677 2834 dico,
704 2783 756 2823 nt
780 2775 863 2838 qui
891 2777 1046 2826 modo
1071 2771 1265 2828 videris
1291 2790 1379 2841 per
1411 2771 1792 2826 tribulationem

253 2856 415 2910 quam
450 2841 670 2904 patimur
699 2843 953 2905 repulisse
984 2857 1099 2905 nos,
1146 2857 1249 2895 non
1282 2845 1436 2895 etiam
1469 2841 1676 2910 repellas
1699 2855 1794 2894 nos

253 2913 306 2959 in
358 2909 552 2973 ﬁnem,
607 2911 654 2960 id
705 2920 786 2961 est
847 2912 1143 2963 omnimoda
1193 2908 1530 2978 repulsioneﬁ
1564 2908 1653 2962 Ille
1705 2924 1791 2962 re-

259 2981 472 3048 pellitur
526 2979 821 3030 omnimodo
873 2979 1210 3048 repulsionc,
1269 2978 1394 3044 qui,
1450 2979 1639 3031 timens
1667 2992 1790 3030 cor-

257 3047 471 3113 porales
517 3061 715 3113 paruas,
754 3047 1067 3111 devocatur,
1107 3057 1161 3102 et
1191 3050 1338 3100 malis
1365 3056 1786 3113 concorporatur.

333 3118 502 3177 Quare
528 3119 722 3180 (aciem.
752 3117 871 3169 Ideo
901 3118 1016 3170 dico
1051 3117 1127 3168 Ne
1156 3116 1370 3183 repellas
1393 3117 1444 3166 in
1466 3115 1637 3182 ﬁnem,
1669 3116 1790 3182 quia

252 3163 464 3243 arci-tis,
495 3163 542 3237 id
573 3195 670 3248 est,
702 3187 953 3239 avertisse
976 3188 1186 3247 videris,
1213 3163 1390 3254 faciem
1414 3163 1550 3237 tuam
1569 3200 1596 3236 a
1621 3163 1790 3254 nobis,
1819 3163 1865 3224 (ἶ

253 3263 310 3304 et
340 3269 497 3320 quare
521 3256 736 3307 avertis?
776 3256 839 3323 lit
861 3259 1121 3323 quomodo
1149 3253 1345 3308 avertat
1373 3254 1622 3317 ostendit,
1651 3253 1795 3306 scili-

250 3333 366 3384 cet,
409 3323 727 3385 Oblivisceris,
772 3321 823 3374 id
854 3321 951 3385 est,
997 3325 1186 3376 videris
1216 3325 1406 3376 oblitus
1450 3337 1568 3376 esse
1612 3327 1796 3390 inopia

253 3399 464 3453 nostris,
513 3392 563 3442 id
604 3401 702 3451 est,
747 3391 1054 3444 humilitatis
1100 3403 1312 3458 nostrae,
1341 3391 1428 3458 qni
1460 3405 1673 3459 prorsus
1701 3405 1795 3444 nos

253 3462 443 3526 inopes
491 3460 743 3521 facimus,
795 3461 918 3511 nihil
971 3460 1038 3513 de
1081 3462 1228 3512 nobis
1275 3468 1671 3526 praesumentes.
1734 3461 1797 3511 Et

252 3529 380 3580 ideo
402 3529 699 3580 Oblivisceris
722 3530 927 3592 inapiat,
951 3531 999 3580 id
1023 3539 1122 3592 est,
1143 3531 1262 3596 quia
1288 3529 1610 3581 oblivisccris
1638 3527 1796 3579 tribu-

249 3598 464 3666 lationis
498 3607 698 3662 nostros,
745 3598 795 3650 id
833 3609 932 3660 est,
963 3613 1078 3665 qua:
1120 3611 1328 3666 semper
1373 3598 1612 3650 imminet
1642 3597 1796 3650 nobis

253 3665 589 3718 tribulationi.

329 3734 580 3796 Quoniam
627 3737 887 3788 humiliata
916 3746 985 3789 est
1018 3738 1068 3788 in
1099 3737 1318 3802 pulvere.
1358 3735 1500 3789 ‘Verc
1539 3733 1796 3787 oblivisce-

250 3804 325 3854 ris
370 3805 553 3870 inopia
579 3816 777 3866 nostrae,
807 3808 1039 3874 quoniam
1065 3809 1232 3856 anima
1256 3815 1444 3867 nostra,
1486 3805 1534 3874 id
1561 3813 1659 3864 est,
1686 3805 1794 3874 vita

252 3886 461 3935 nosu'a,
500 3877 760 3924 ltumiliata
800 3885 869 3926 est
911 3875 964 3924 in
1009 3876 1234 3941 pulvere,
1282 3876 1330 3925 id
1371 3884 1468 3933 est,
1515 3873 1649 3923 inter
1681 3873 1795 3941 illus

250 3946 342 4007 qui
377 3952 496 3993 sunt
527 3944 691 4008 pulvis
722 3943 807 3993 ille
832 3943 897 3994 de
927 3940 1026 4006 quo
1052 3943 1245 3993 dictum
1275 3951 1354 3994 cst
1377 3955 1390 3992 :
1413 3943 1567 4004 Quem
1596 3940 1796 4008 projicit

251 4021 428 4061 ventus
457 4027 487 4060 α
515 4013 643 4077 facie
676 4020 837 4061 terra’.
886 4012 946 4061 Et
980 4014 1192 4062 multum
1232 4021 1311 4062 cst
1357 4008 1642 4071 huntiliata,
1675 4010 1795 4076 quia

254 4090 426 4130 venter
467 4091 632 4130 noster
672 4080 1040 4147 conglutinatus
1065 4087 1135 4131 est
1163 4081 1214 4130 in
1244 4091 1392 4130 terra.
1422 4077 1568 4147 Quod
1601 4079 1794 4130 dictum

250 4156 339 4199 est
383 4147 446 4198 ad
496 4146 908 4200 similitudinem.
959 4149 1055 4211 Qui
1098 4151 1235 4200 enim
1285 4148 1361 4201 sic
1410 4146 1710 4199 lium.liatur
1741 4159 1798 4199 ut

251 4216 608 4284 geniculetur,
651 4227 851 4269 tantum
883 4219 1052 4270 adhuc
1083 4218 1240 4270 habet
1278 4233 1381 4284 quo
1412 4222 1524 4284 plus
1555 4214 1798 4268 humilio-

256 4300 362 4337 tur.
394 4287 491 4349 Qui
529 4299 654 4338 vero
697 4287 772 4338 sic
819 4287 1118 4338 hutntliatur
1167 4296 1222 4338 ut
1268 4297 1448 4339 venter
1489 4286 1601 4352 cius
1645 4296 1798 4336 terra:

252 4358 664 4420 conglutinetur,
710 4357 758 4407 id
805 4366 906 4414 est.
956 4355 1319 4422 coniungatur,
1368 4371 1469 4413 nou
1513 4354 1666 4422 habet
1694 4368 1796 4418 quo

255 4430 378 4491 plus
425 4426 760 4486 hutnilietur;
805 4434 858 4476 et
898 4425 1014 4475 ideo
1041 4421 1249 4489 punitur
1278 4423 1360 4475 hic
1389 4438 1482 4488 pro
1511 4421 1665 4473 nimia
1697 4423 1789 4472 ltu—

1891 571 2134 636 gentihus
2189 569 2575 626 innocentiam,
2623 569 2738 636 quia
2789 568 3116 629 exsurgetulo
3163 567 3434 634 adjuvabis

1894 635 2018 698 nos;
2061 648 2112 688 et
2161 636 2278 688 ideo
2324 638 2509 703 adjnva
2559 645 2602 685 et
2645 635 2833 686 redime
2873 651 2982 696 nos,
3029 636 3136 686 sive
3185 641 3351 688 adhuc
3383 639 3434 692 iu

1892 707 2244 772 prosperitate
2273 708 2487 770 positos,
2523 704 2570 755 id
2601 713 2700 762 est.
2733 705 2961 772 nondum
2991 705 3290 765 devocatos,
3320 707 3432 758 sive

1894 771 1942 825 in
1966 775 2286 826 adversitate
2315 772 2556 831 afﬂictos,
2587 772 2635 824 id
2663 782 2763 833 est,
2786 771 2893 840 jam
2918 773 3233 834 devocatos;
3259 784 3310 826 et
3336 777 3433 827 hoc

1886 843 1995 909 jam
2042 857 2144 893 non
2192 841 2351 894 facias
2395 849 2607 906 propter
2646 843 2828 894 merita
2875 850 3075 907 nosua,
3107 843 3200 895 sed
3231 855 3432 909 propter

1892 926 2070 962 nomen
2101 920 2242 962 tuum
2268 910 2689 978 glorificandum.

2339 1061 2404 1114 IN
2455 1050 2770 1114 PSALWUH
2811 1061 2987 1114 XLIV.

1895 1170 1947 1222 In
1985 1171 2136 1223 linem
2185 1185 2278 1234 pro
2323 1170 2385 1223 iis
2413 1170 2500 1236 qui
2530 1169 2989 1224 commutabttntur
3033 1171 3151 1225 filiis
3191 1172 3328 1228 Core
3367 1176 3434 1228 ad

2178 1239 2521 1306 intellectum,
2546 1242 2801 1292 canticum
2832 1255 2923 1308 pro
2945 1239 3159 1296 dilecto.

2482 1343 2852 1382 ABGDIIEHTL‘M.

1967 1396 2225 1470 PrOph_eta
2262 1395 2560 1470 demit-isto
2606 1399 2668 1470 ad
2705 1398 3008 1470 Ecclesiam
3050 1398 3207 1465 dicit,
3253 1409 3432 1470 tegen-

1898 1467 1998 1519 dus
2021 1471 2084 1519 ad
2117 1465 2462 1535 Evangelium
2493 1467 2713 1519 ilattbzci
2739 1467 2802 1520 de
2830 1469 3003 1536 regina
3030 1470 3224 1523 Austri.

2488 1567 2830 1609 EXPLANA‘I‘IO.

1964 1624 1991 1675 ,ι
1999 1642 2027 1674 η
2045 1624 2194 1690 ﬁnem
2212 1626 2262 1676 in
2286 1624 2549 1676 Dominum
2571 1628 2859 1696 salvatorem
2877 1627 3124 1696 designat,
3144 1644 3233 1694 pro
3256 1630 3329 1681 Itis
3348 1632 3434 1696 qui

1892 1696 2326 1745 commutabunmr
2347 1699 2407 1744 de
2425 1709 2586 1744 errore
2606 1695 2670 1742 ad
2691 1694 2858 1756 ﬁdem,
2875 1696 2936 1745 de
2951 1694 3227 1762 gentilitate
3247 1701 3311 1748 ad
3337 1694 3433 1750 Ec-

1899 1763 2120 1825 clesium,
2153 1763 2214 1811 de
2242 1763 2506 1814 certamine
2556 1763 2782 1828 martyrii
2823 1765 2888 1813 ad
2930 1767 3146 1828 palmam
3190 1766 3428 1831 victorite,

1902 1833 1962 1883 de
2012 1833 2211 1882 tristitia
2259 1833 2427 1882 siccati
2467 1831 2531 1880 ad
2581 1832 2816 1896 gaudium
2855 1833 3224 1897 sempiternum.
3282 1835 3433 1889 Filiis

1904 1898 2030 1952 Core
2057 1900 2124 1949 ad
2151 1901 2472 1959 intellectum,
2499 1899 2618 1962 ﬁliis
2643 1901 2803 1950 cruris
2828 1902 2893 1950 ad
2923 1902 3296 1967 intelligendum
3327 1907 3431 1967 spi-

1903 1968 2149 2018 ritualiter
2190 1969 2456 2036 psalmum,
2488 1984 2548 2018 ne
2589 1968 2650 2038 de
2692 1967 2963 2020 Salomone
3006 1970 3430 2038 interpretandum

1902 2048 2062 2102 putes,
2104 2038 2329 2104 quamvis
2357 2048 2401 2089 et
2433 2036 2774 2106 ipse__dilectus
2804 2041 2892 2096 sit,
2923 2036 3237 2106 amplexatus
3274 2047 3436 2096 canti-

1899 2121 2012 2156 cum
2043 2101 2134 2168 pro
2159 2105 2366 2167 dilecto,
2399 2119 2488 2171 pro
2523 2101 2659 2155 Filio
2686 2108 2763 2154 cui
2789 2106 2970 2157 dicitur
2992 2101 3017 2158 τ’
3042 2106 3142 2159 llic
3164 2123 3237 2160 est
3268 2109 3434 2164 Filius

1900 2189 2039 2226 meus
2085 2172 2652 2248 dilrctus._Cwl_es_tibus_
2682 2175 2841 2240 epulis
2872 2176 3129 2248 propheta
3173 2179 3430 2248 saginatus

1903 2243 2152 2309 preconia
2204 2258 2253 2293 se
2307 2240 2582 2293 Dominicte
2610 2238 2989 2312 incarnationis
3037 2238 3262 2298 cruciare
3311 2265 3426 2312 pro-

1900 2313 2071 2373 mittit,
2114 2321 2166 2361 ut
2203 2312 2334 2361 unde
2379 2312 2486 2378 ipse
2523 2311 2730 2361 satiatus
2779 2313 3193 2379 participarentur
3232 2327 3276 2366 et
3311 2311 3424 2369 alii.

1900 2379 2076 2432 Prima
2113 2395 2227 2444 pars
2273 2380 2424 2447 hujus
2479 2380 2768 2444 epithalami
2822 2382 2990 2445 sponsi
3053 2384 3270 2435 continet
3315 2386 3428 2437 lau-

1898 2449 1987 2499 des
2014 2489 2028 2506 ,
2089 2449 2140 2498 id
2170 2457 2260 2508 est,
2295 2448 2499 2499 Domini
2523 2448 2796 2499 Salvatoris
2821 2461 3035 2516 quatuor
3063 2451 3240 2505 modis.
3275 2452 3332 2506 In
3356 2472 3431 2506 se‘

1897 2519 2062 2589 cunda
2092 2517 2243 2589 simili
2265 2520 2584 2589 mysticorum
2608 2516 2838 2568 virtutum
2861 2533 3065 2568 nnmrro
3089 2536 3267 2586 sponsa
3301 2541 3428 2589 pra:-

1897 2585 2093 2638 dicatur
2121 2585 2361 2636 Ecclesia.

2463 2699 2880 2742 COMMENTARIUS.
2931 2695 2939 2708 ⁸

1967 2775 2221 2828 Eructavit
2251 2791 2338 2828 cor
2365 2791 2529 2828 meum
2571 2777 2769 2828 verbum
2797 2775 2997 2829 bonum.
3052 2777 3286 2833 Psalmus
3331 2784 3427 2837 iste

1893 2853 2135 2898 cantatur
2185 2845 2249 2898 de
2293 2846 2485 2896 sanctis
2532 2845 2742 2909 nuptiis,
2788 2847 2852 2898 de
2897 2860 3088 2909 sponso
3130 2850 3328 2902 scilicet
3371 2865 3426 2904 et

1896 2927 2107 2984 sponsa,
2136 2914 2201 2965 de
2231 2927 2350 2984 rege
2380 2922 2430 2966 et
2459 2913 2628 2984 plebe,
2653 2913 2717 2984 de
2743 2913 3008 2984 Salvatore
3035 2926 3086 2968 et
3110 2916 3188 2969 his
3214 2919 3300 2984 qui
3325 2923 3425 2972 sal-

1894 2983 2048 3033 Vaudi
2078 2991 2217 3035 sunt.
2257 2982 2320 3033 Et
2344 2991 2579 3034 cantatur
2606 2980 2722 3034 llliis
2751 2983 2902 3042 Core,
2935 2983 2983 3035 id
3015 2994 3115 3047 est,
3146 2980 3297 3040 calvi.
3327 2988 3427 3042 Ne-

1894 3066 1996 3117 que
2028 3052 2124 3104 boc
2154 3062 2324 3104 tamen
2352 3053 2413 3103 ad
2444 3051 3126 3117 derisionetnaccipiendum
3157 3066 3256 3116 est,
3282 3072 3345 3110 ne
3375 3060 3425 3111 in

1896 3133 2055 3190 sensu
2085 3122 2267 3186 puerili
2299 3121 2637 3182 inveniamur,
2672 3123 2802 3173 sit-ut
2845 3122 2988 3186 pueri
3021 3119 3093 3173 illi
3135 3127 3241 3190 qui,
3269 3131 3424 3182 smlte

1895 3189 2200 3256 garrientes,
2231 3200 2283 3240 et
2331 3190 2379 3239 in
2426 3191 2685 3254 propriam
2740 3192 3017 3255 perniciem
3061 3193 3427 3248 maledicentes

1895 3265 2010 3322 post
2035 3266 2269 3326 sanctum
2309 3257 2472 3326 virum
2524 3259 2764 3310 Eli~zeum
2807 3259 3131 3312 clamabant:
3185 3264 3424 3326 Ascende,

1894 3325 2049 3378 calve.
2082 3322 2146 3375 Et
2174 3325 2498 3392 regredientes
2546 3330 2645 3376 duo
2671 3328 2779 3378 ursi
2825 3329 2887 3378 de
2908 3329 3032 3380 silva
3073 3322 3428 3384 devoraverunt

1895 3410 1997 3445 eos.
2054 3393 2106 3445 In
2137 3394 2321 3461 quibus
2362 3398 2532 3459 pueris
2577 3396 2828 3461 designati
2877 3406 2996 3447 sunt
3047 3396 3280 3453 homines
3306 3415 3426 3454 seu.

1895 3477 2010 3514 sum
2042 3463 2347 3530 ignorantia:
2376 3464 2643 3521 habentes.
2674 3466 2851 3529 quales
2881 3479 2973 3516 nos
3001 3467 3154 3518 etiam
3184 3471 3288 3520 vult
3307 3483 3424 3524 esse

1899 3533 2176 3596 Apostolus
2219 3533 2303 3597 qui
2330 3532 2455 3583 dicit
2483 3548 2496 3583 :
2549 3532 2720 3584 Nolite
2746 3535 2885 3601 pueri
2912 3535 3037 3601 efﬁci
3071 3538 3306 3600 sensibus,
3339 3545 3425 3592 sed

1899 3535 2176 3596 Apostolus
2219 3535 2303 3597 qui
2330 3535 2455 3583 dicit
2483 3548 2496 3583 :
2549 3535 2720 3584 Nolite
2746 3535 2885 3601 pueri
2912 3550 2937 3583 ε
2971 3535 3037 3586 ⁸σὸ
3071 3538 3306 3600 sensibus,
3339 3545 3421 3592 sed

1897 3601 2088 3652 malitia
2116 3602 2257 3667 pueri
2285 3609 2456 3664 estote,
2507 3609 2559 3652 ut
2585 3603 2804 3654 sensibus
2831 3535 3034 3669 per/eiii
3060 3604 3185 3655 sitis.
3226 3606 3421 3662 Tamen

1900 3669 2147 3720 Dominus
2177 3670 2411 3719 hortatur
2440 3683 2533 3721 nos
2553 3671 2616 3720 ad
2655 3671 2989 3722 imitationem
3035 3686 3307 3734 puerOrutn
3338 3676 3421 3728 di-

1897 3750 2021 3806 cens
2067 3737 2116 3787 itt
2150 3737 2429 3803 Evangelia
2472 3755 2483 3788 :
2537 3737 2652 3789 Nisi
2699 3737 2977 3806 e/ﬁciarnini
3017 3739 3142 3790 sicut
3189 3744 3423 3804 parvulus

1896 3804 2007 3880 iste,
2057 3820 2154 3856 non
2195 3805 2533 3880 intrabitisin
2559 3804 2779 3880 regnum
2808 3808 3059 3880 cazlorum.
3108 3807 3272 3880 Quem
3301 3826 3426 3880 ergo

1898 3873 2118 3944 delectat
2146 3889 2359 3940 puerum
2385 3877 2594 3938 imitari,
2617 3873 2728 3928 'uon
2752 3877 2968 3929 delectet
3001 3890 3116 3931 eum
3134 3873 3422 3944 itttperitia,

1896 3943 1988 3993 sed
2033 3943 2348 4015 innocentia.
2409 3947 2482 4015 lflx
2516 3945 2774 4010 imperitia
2815 3948 2976 4015 enim
3003 3948 3144 4010 pueri
3195 3943 3266 4015 illi
3308 3963 3422 4015 post
3476 3959 3493 3976 ‘

1897 4020 2133 4063 sanctum
2188 4011 2354 4062 virum
2395 4013 2779 4073 clatnaverunt,
2831 4023 2936 4064 eta
2969 4014 3145 4066 bestiis
3188 4011 3418 4071 devorati

1898 4087 2036 4130 sunt.
2093 4079 2154 4130 Et
2195 4080 2540 4144 figuraverunt
2594 4081 2829 4132 homines
2877 4084 3080 4146 stultos‘,
3137 4084 3185 4135 in
3241 4087 3421 4139 eadem

1899 4157 2072 4198 mente
2113 4151 2257 4213 pueri
2311 4148 2586 4200 irridentes
2632 4152 2906 4213 quemdam
2955 4153 3154 4204 calvum
3205 4151 3255 4205 in
3307 4153 3422 4208 loco

1897 4217 2134 4290 calvaria:
2159 4215 2484 4290 crucifixum,
2524 4227 2577 4269 et
2603 4217 2718 4290 ideo
2743 4232 2793 4290 _a
2826 4219 3000 4290 bestiis
3025 4220 3252 4272 devorati
3282 4231 3422 4290 sunt,

1899 4286 1947 4354 id
1976 4293 2079 4354 est,
2106 4299 2133 4335 a
2162 4285 2368 4336 diabolo
2395 4294 2447 4337 et
2470 4288 2667 4352 angelis
2705 4288 2840 4351 ejus,
2892 4289 2977 4350 qui
3011 4298 3251 4354 operatur
3281 4290 3328 4341 in
3362 4285 3422 4343 fl;

1898 4352 1978 4403 liis
2005 4352 2322 4406 diffidentite.
2375 4355 2525 4407 Tales
2552 4355 2692 4420 pueri
2723 4355 2976 4418 erantqui
3007 4352 3127 4407 ante
3166 4369 3423 4412 sacratum

1900 4420 2093 4488 lignum
2120 4423 2289 4475 crucis
2321 4432 2534 4485 stantes,
2558 4433 2711 4487 caput
2756 4423 3018 4488 agitabant
3064 4435 3114 4474 et
3145 4426 3381 4486 dicebant
3408 4447 3420 4479 :

255 4483 503 4554 utilitate,
554 4494 632 4544 vel
689 4483 1066 4543 luuniliatione'.
1120 4491 1342 4542 Possunt
1386 4483 1533 4541 aliter
1581 4503 1788 4554 quoque
1822 4483 1867 4540 D
1901 4483 2044 4542 Vit/tl
2068 4493 2150 4557 qui
2190 4493 2376 4543 deti-uis
2405 4483 2640 4554 templum
2669 4483 2909 4550 Deifet:
2935 4490 2995 4544 Si
3021 4489 3181 4544 Filius
3213 4491 3303 4544 Dei
3330 4483 3421 4555 ea.

257 4564 362 4627 legi
393 4561 441 4611 hi
476 4567 578 4610 duo
620 4574 822 4620 versus,
877 4571 930 4610 ut
970 4559 1047 4610 sic
1074 4559 1314 4611 dicatur:
1347 4558 1478 4610 Vere
1504 4559 1684 4627 avertis
1715 4563 1792 4623 fa-

251 4626 384 4678 ciem
429 4638 588 4690 tuam,
633 4630 750 4691 quia
795 4628 1089 4679 Oblivisceris
1137 4628 1319 4692 iitOpitB
1364 4637 1564 4689 nostra,
1611 4626 1658 4677 id
1691 4638 1788 4688 est,

258 4700 476 4763 inopum
528 4707 842 4748 nosti-orum.
892 4698 1036 4748 Sicut
1064 4697 1201 4748 enim
1247 4698 1297 4747 iti
1344 4709 1562 4763 corpore
1601 4694 1792 4750 Christi

255 4781 412 4828 copia
449 4767 688 4817 dicun-ur
714 4777 865 4828 atque
892 4766 1082 4817 divitiae
1113 4766 1328 4831 perfecti
1360 4767 1477 4827 viri,
1511 4764 1579 4816 ita
1610 4780 1640 4816 e
1669 4780 1792 4816 con-

259 4846 341 4886 tra
386 4835 572 4900 inopia:
604 4837 845 4886 dicuntur
875 4834 926 4885 in
950 4836 1133 4886 eodem
1163 4850 1382 4901 corpore
1415 4835 1462 4884 hi
1507 4836 1592 4898 qui
1620 4835 1792 4885 devo-

255 4903 458 4958 cabiles
486 4912 606 4954 sunt
645 4913 698 4954 et
730 4905 1075 4956 revincihilcs.
1099 4905 1326 4968 Quarum
1363 4903 1499 4955 Deus
1527 4903 1794 4955 oblivisci-

258 4985 369 5033 tur,
393 4985 509 5022 cutn
539 4973 889 5033 devocantur;
931 4974 1019 5023 sed
1047 4978 1164 5038 quia
1202 4972 1416 5038 perfecti
1449 4971 1542 5022 viri
1586 4984 1681 5036 pro
1714 4971 1794 5022 his

255 5046 445 5093 dolent
471 5049 522 5090 et
546 5049 926 5103 augustiantur,
962 5041 1075 5091 ideo
1103 5041 1317 5094 subdit:
1355 5039 1416 5091 Et
1460 5039 1793 5090 tribulationis

256 5121 447 5162 nostris
473 5107 813 5167 ubliwsceris,
851 5113 896 5158 ut
922 5120 1019 5167 est,
1053 5110 1398 5175 perlecturum
1430 5109 1564 5160 inter
1591 5123 1684 5157 nos
1705 5107 1792 5173 qui

236 5193 356 5245 ,νε-υ
375 5179 474 5229 illis
490 5175 745 5245 debilibus
760 5176 935 5245 dolent
955 5170 1280 5230 Oblivisceris
1295 5170 1485 5237 etiam;
1518 5176 1654 5241 quod
1676 5170 1794 5228 ideo

254 5243 404 5309 ilico,
431 5243 672 5314 quoniam
700 5243 867 5292 anima
893 5255 1090 5305 nostra,
1118 5247 1167 5297 id
1195 5257 1294 5309 est,
1318 5246 1387 5298 illi
1417 5245 1505 5314 qui
1533 5254 1654 5314 sunt
1682 5246 1794 5295 ani-

256 5322 428 5368 males
457 5313 891 5380 unperfectiores,
933 5315 1156 5376 scilicet,
1188 5325 1307 5365 sunt
1335 5313 1606 5374 hutniliati,
1640 5313 1710 5363 ita
1736 5322 1792 5362 ut

250 5400 365 5452 iam
391 5387 493 5433 sint
521 5385 570 5432 in
598 5381 826 5452 pulvere,
854 5381 899 5430 td
929 5389 1027 5439 est,
1062 5393 1193 5433 inter
1221 5385 1336 5435 illos
1363 5397 1451 5452 qu_t
1478 5392 1598 5452 sunt
1621 5382 1792 5447 pulvis

253 5449 344 5505 ille
369 5467 512 5515 quem
547 5450 743 5515 proiicit
784 5463 868 5498 ven
893 5463 1002 5497 usa
1030 5453 1154 5513 ['acie
1194 5461 1354 5503 terris.
1410 5449 1474 5500 Et
1514 5449 1629 5501 ideo
1675 5452 1788 5510 hoc,

256 5529 398 5589 quod
430 5530 598 5589 venter
621 5525 806 5589 noster,
852 5517 901 5567 id
945 5526 1044 5589 est,
1092 5519 1354 5589 molliores
1388 5519 1518 5568 inter
1550 5533 1644 5568 nos
1673 5527 1795 5589 sunt

255 5583 624 5657 conglutinati,
659 5588 706 5657 id
748 5593 844 5647 est,
888 5586 1147 5649 conjuncti
1196 5597 1368 5646 terraa,
1417 5590 1534 5651 quia
1581 5583 1792 5657 confore

256 5655 387 5711 muti
415 5665 539 5710 sunt
579 5655 747 5715 malis,
786 5657 870 5719 qui
919 5666 1038 5704 sunt
1082 5665 1215 5705 terra
1264 5657 1367 5714 illa,
1399 5669 1514 5718 quae
1543 5663 1623 5705 est
1649 5655 1793 5707 cibus

253 5727 537 5793 serpentis,
573 5726 622 5775 id
647 5731 724 5773 est
751 5722 963 5774 diaboli.
1000 5723 1143 5778 Unde
1174 5726 1358 5777 tncrito
1391 5736 1482 5789 pro
1519 5721 1598 5776 his
1628 5724 1794 5776 tribu-

532 5814 792 5872 Ρηιιοι.
839 5811 1055 5870 XClll.

1896 4561 2160 4612 descendat
2203 4561 2266 4610 de
2304 4575 2465 4620 cruce,
2503 4566 2555 4611 et
2595 4559 2801 4611 similia.
2851 4560 3010 4625 llujus
3053 4561 3187 4613 irrisi
3217 4562 3304 4613 lilii
3336 4578 3422 4614 su-

1899 4645 2030 4692 tnus,
2058 4632 2178 4698 quia
2208 4630 2295 4680 lilii
2325 4627 2535 4698 Christi,
2580 4628 2629 4679 id
2659 4640 2758 4686 est,
2807 4629 3037 4698 cruciﬁxi
3089 4631 3177 4681 lilii
3222 4644 3418 4683 sumus.

1897 4699 1965 4750 Et
1993 4695 2140 4750 nobis
2168 4698 2395 4764 psalmus
2422 4695 2518 4746 iste
2542 4706 2796 4759 Cantatur,
2831 4696 2975 4762 Cujus
3007 4699 3180 4748 titulus
3209 4708 3288 4749 est
3312 4715 3322 4750 τ
3359 4698 3422 4752 In

1895 4767 2042 4832 ﬁnem
2085 4763 2202 4832 ﬁliis
2245 4763 2400 4824 Core,
2443 4766 2526 4827 qui
2557 4766 2987 4816 contmutabuntur
3027 4765 3092 4815 ad
3121 4767 3424 4819 intellectum

1895 4838 2143 4886 canticum
2167 4848 2255 4896 pro
2284 4834 2482 4884 dilecto.
2539 4833 2681 4885 Ilanc
2725 4843 2894 4885 autem
2942 4838 3422 4900 cottunutationetn,

1895 4903 1959 4954 de
1985 4917 2082 4968 qua
2108 4904 2189 4952 hic
2217 4909 2474 4967 cantatur,
2506 4904 2722 4969 quisque
2751 4902 2883 4952 filius
2925 4902 3059 4954 Core
3096 4904 3349 4970 intelligit,
3380 4923 3421 4957 st

1896 4982 2232 5036 recognoscat
2257 4973 2424 5035 qualis
2456 4972 2596 5035 prius
2627 4971 2797 5031 luerit,
2827 4980 2877 5020 et
2897 4973 3063 5035 qualis
3094 4986 3229 5026 nunc
3255 4974 3342 5034 sit,
3373 4983 3426 5025 et

1897 5039 2062 5103 primo
2113 5039 2288 5089 videat
2344 5050 2505 5090 tutum
2556 5039 2802 5090 mundum
2853 5038 3200 5101 immutatum,
3256 5056 3424 5103 nuper

1896 5107 2028 5157 idola
2057 5105 2386 5175 adorantem,
2431 5109 2584 5159 modo
2610 5107 2905 5159 Creatorem
2936 5108 3188 5160 colentem
3216 5125 3225 5157 :
3259 5125 3420 5175 nuper

1895 5173 2146 5226 creaturis
2194 5173 2550 5238 fatnulantetn,
2598 5181 2751 5227 modo
2794 5176 3021 5227 Creatori
3075 5173 3419 5239 servientem;

1894 5251 1946 5293 et
1970 5242 2156 5295 deinde
2185 5242 2357 5294 Videat
2405 5249 2631 5310 seipsqu
2669 5245 2734 5296 de
2770 5255 2940 5296 vetere
2979 5257 3164 5295 uovmn
3208 5246 3420 5309 factutti,

1894 5312 1958 5362 de
1988 5312 2187 5362 incesto
2215 5325 2437 5371 castum,
2483 5314 2548 5365 de
2578 5315 2735 5377 impio
2778 5314 2936 5378 pium,
2986 5311 3050 5362 dc
3080 5311 3269 5366 infideli
3299 5314 3427 5365 fide-

1895 5380 2016 5439 letn,
2038 5380 2110 5447 de
2139 5381 2334 5443 raptori
2359 5381 2672 5446 largitorem.
2704 5380 2765 5431 Et
2786 5381 2858 5430 sic
2881 5380 3115 5446 intelligit
3140 5384 3257 5447 quia
3286 5388 3422 5446 psal-

1895 5461 2008 5498 mus
2035 5446 2130 5497 istc
2159 5455 2397 5501 cantatur
2424 5451 2545 5500 liltis
2573 5449 2703 5499 (lore
2727 5463 2814 5510 pro
2842 5447 2915 5498 his
2949 5452 3028 5512 qui
3051 5452 3425 5500 commutabitu-

1894 5527 1974 5566 tur
1999 5515 2062 5563 ad
2089 5513 2413 5566 intellectum.
2473 5517 2638 5567 Et‘cst
2684 5518 2932 5566 canticum
2973 5531 3060 5578 pro
3088 5519 3284 5566 dilecto.
3331 5519 3425 5568 llic

1891 5585 1998 5650 jam
2024 5582 2333 5633 determinat
2366 5598 2456 5648 per
2485 5598 2638 5647 quem
2673 5583 2782 5636 haec
2811 5586 3141 5635 commutatio
3186 5587 3288 5643 fiat,
3320 5585 3424 5637 sci-

1897 5654 2037 5711 licet,
2069 5663 2159 5715 per
2187 5651 2454 5712 dilectum,
2489 5653 2536 5702 id
2561 5663 2663 5717 est,
2693 5666 2956 5718 Sponsum,
2997 5654 3060 5702 de
3085 5667 3185 5716 quo
3216 5654 3296 5704 hic
3323 5662 3429 5715 agit

1896 5719 2189 5788 specialiter
2212 5733 2237 5766 ει
2261 5718 2408 5771 Patre
2435 5720 2696 5773 dilectum.
2733 5722 2874 5772 llunc
2902 5720 3142 5772 dilectum
3175 5721 3280 5787 qui,
3307 5736 3426 5775 cum

2899 5807 2974 5864 23
