3912 6230
561 363 660 415 715

1008 359 1206 413 REDJ‘I
1249 357 1684 413 VENERABILIS
1720 358 1866 412 OPP.
1911 358 2084 413 PARS
2125 357 2403 426 ll.,SECT.
2448 358 2506 411 11.
2551 387 2617 396 -
2658 358 2858 413 DUBIA
2899 357 2983 412 ET
3019 357 3292 414 SPURIA.

3669 362 3760 416 HG

558 474 952 534 cruciliveruut,
985 472 1260 542 viderunt.
1293 474 1382 526 sed
1414 474 1526 525 sine
1556 472 1839 532 inteilectu.
1870 475 1985 538 quia
2019 474 2090 525 τε·
2128 475 2171 532 Α
2200 487 2296 524 suo
2331 474 2466 525 bono
2496 483 2649 539 atque
2680 471 2933 534 benefice,
2968 488 3057 538 per
3079 474 3214 542 quod
3238 474 3408 527 solum
3439 474 3641 527 bonum
3669 491 3758 529 nos

557 545 858 600 llricitantes
873 549 927 593 et
948 541 1232 604 phrenetici
1261 543 1517 594 medicum
1539 559 1640 593 ttnn
1659 545 2012 596 attenderunt.
2039 545 2096 593 Si

557 617 687 669 enim
712 611 1072 680 cognouissent,
1120 627 1371 678 nunquam
1415 611 1680 663 Dominum
1720 612 1893 680 gloriw
1939 613 2096 664 cruci-

559 687 804 806 ﬁxisseut.
855 679 1185 733 Gaudeamus
1224 695 1348 747 ergo
1379 680 1458 732 his
1486 681 1696 747 nuptiis,
1723 679 1846 747 quia
1880 695 1973 733 nos
2005 698 2098 732 titi-

597 764 742 806 cntes
768 763 968 806 sumus.
999 763 1092 800 nos
1118 750 1181 801 ad
1211 749 1301 801 has
1332 750 1534 806 nuptias
1566 751 1874 806 invitamur.
1901 759 1954 803 ει
1984 765 2098 806 uer-

597 764 742 806 cntes
768 763 968 811 sumus,
999 763 1092 800 nos
1118 750 1181 801 ad
1211 749 1301 801 has
1332 750 1534 815 nuptias
1566 751 1874 812 invitamur,
1901 759 1954 803 ει
1984 765 2098 814 per-

559 825 806 876 tinetnus.
835 818 944 871 Non
977 820 1113 870 i-niitt
1145 832 1322 871 sumus
1350 820 1435 882 qui
1463 831 1848 870 commutantur
1875 829 1927 871 et
1953 834 2098 875 colu-

559 896 738 945 mutati
789 899 929 950 sunt,
984 889 1237 948 Ecclesia,
1287 903 1400 952 qttzn
1437 889 1664 940 Ecclesia
1704 899 1782 940 est
1813 889 1862 940 iit
1896 889 1973 941 his
2005 905 2098 940 nu-

559 963 680 1028 ptiis
709 973 918 1025 Sponsa.
953 958 1029 1022 Qu
1054 958 1098 1008 id
1127 970 1309 1028 autem
1347 957 1575 1028 psalmus
1619 957 1721 1028 iste
1751 957 1942 1009 dicitur
1969 972 2096 1009 can-

561 1025 739 1090 ticum,
788 1027 902 1080 ideo
931 1036 1032 1092 est,
1075 1027 1191 1092 quia
1228 1027 1481 1078 solebant
1526 1025 1810 1091 an'iquilus
1858 1028 2094 1092 quaedam

560 1099 786 1153 carmina
833 1096 932 1147 dici
983 1095 1290 1146 ducentibus
1336 1104 1387 1147 et
1429 1095 1757 1147 nubentibus.
1813 1095 1864 1146 ltt
1910 1095 2124 1160 quibus.

559 1167 804 1234 quidquid
837 1166 1108 1234 eratﬁlatts,
1143 1166 1310 1215 honor
1361 1164 1597 1234 ctigloria
1642 1163 1880 1216 ducentis
1925 1174 1976 1216 et
2006 1181 2098 1216 itit-

561 1233 732 1291 betitis
763 1244 893 1288 eral.
943 1233 1002 1285 Et
1036 1233 1133 1284 tale
1156 1247 1366 1286 carmen
1391 1233 1657 1284 dicebatur
1681 1234 2093 1298 epithalamium,

559 1322 623 1360 eo
644 1307 776 1373 quod
806 1311 947 1358 esset
989 1316 1144 1367 super
1190 1301 1606 1373 thalamum,’_id_
1642 1313 1741 1362 est,
1788 1301 1852 1353 de
1882 1304 2093 1368 nuptiis.

558 1370 811 1429 Similiter
856 1386 1060 1439 quoque
1108 1371 1333 1436 psalmus
1381 1373 1479 1423 iste
1508 1370 1700 1422 dicitur
1746 1373 2002 1423 canticum
2047 1384 2097 1425 et

557 1443 967 1511 epithalamium.
1003 1440 1052 1492 id
1081 1449 1192 1502 est,
1223 1454 1618 1511 carmensnper
1650 1441 1953 1511 thalamum.
2007 1441 2098 1494 Est

558 1508 696 1566 enim
730 1513 811 1564 hic
839 1524 1082 1577 sponsus,
1114 1522 1299 1583 sponsa
1329 1521 1379 1561 et
1411 1508 1686 1583 thalamus.
1709 1577 1721 1583 _
1745 1509 2096 1583 Sportsiis._qtii

560 1584 700 1636 venit
747 1583 809 1634 ad
843 1581 1042 1645 nuptias
1060 1587 1144 1643 est
1176 1578 1394 1646 Yet-bum
1437 1577 1558 1629 illud
1587 1577 1723 1643 quod
1768 1579 1819 1629 in
1852 1577 2096 1646 principio

557 1661 662 1706 erat
692 1650 823 1713 apud
857 1649 1034 1712 Deum,
1086 1656 1130 1699 et
1158 1645 1292 1699 Deus
1321 1659 1421 1699 erat
1471 1646 1704 1699 Verbum.
1750 1646 1951 1715 Sponsa
1982 1645 2096 1715 quae

559 1722 706 1774 nubit
734 1721 956 1772 Ecclesia
986 1726 1084 1778 est,
1117 1732 1267 1782 quant
1303 1717 1523 1768 Vt-rbitm
1557 1717 1679 1768 illud
1731 1721 1823 1782 per
1853 1721 2094 1771 humani-

559 1799 716 1843 tatem
763 1798 1078 1849 assumptum
1127 1786 1223 1837 sibi
1272 1787 1590 1838 associavit:
1648 1786 1800 1854 hujus
1853 1788 2097 1851 nuptialis

557 1859 898 1925 coiiulatiiiuis
948 1855 1202 1908 th-tlamus
1247 1864 1326 1906 cst
1369 1855 1582 1921 virginis
1621 1863 1819 1920 uterus,
1870 1855 1920 1907 in
1972 1871 2095 1922 quo,

560 1940 616 1984 tit
665 1931 852 1982 dietuut
899 1936 998 1986 est,
1050 1939 1140 1988 per
1173 1925 1444 1974 humanam
1497 1933 1731 1976 naturam
1779 1936 2096 1991 assumptam

564 1997 785 2050 Verbum
838 1995 927 2047 Dei
974 1993 1246 2044 associavit
1290 1993 1386 2044 sibi
1441 1993 1759 2054 Ecclesiam,
1809 2003 1863 2047 et
1908 1999 2102 2048 amavit

562 2083 676 2119 eam
734 2066 943 2124 fugitant,
993 2071 1047 2113 nt
1093 2064 1284 2113 iaceret
1332 2063 1597 2128 puleliram
1683 2062 1930 2115 Proce’dat
1975 2080 2099 2130 ergo

561 2149 782 2199 Sponsus
811 2151 835 2183 :i
869 2133 1089 2199 quodam
1122 2133 1382 2183 laudatore
1420 2147 1514 2183 suo
1541 2132 1832 2194 deSCripitlS
1861 2150 1873 2183 :
1909 2131 2099 2201 Ubique

562 2207 784 2272 pulcher,
818 2203 994 2269 ubique
1016 2204 1199 2268 justus.
1243 2201 1298 2253 Et
1333 2201 1373 2251 si
1408 2203 1454 2251 in
1485 2215 1547 2253 eo
1593 2203 1868 2272 quidquam
1892 2201 2094 2255 ‘fmduzn

563 2269 928 2334 invenerimus,
980 2285 1221 2324 noaeuni
1261 2284 1513 2332 amemus,
1563 2271 1796 2336 quamvis
1846 2269 1956 2336 ipse
2003 2287 2097 2325 nos

561 2347 809 2394 amaverit
840 2340 1023 2402 lmdos,
1056 2350 1108 2389 ut
1138 2337 1329 2391 faceret
1362 2340 1629 2404 pulchros.
1679 2338 1883 2390 Titulus
1913 2345 1990 2392 sic
2017 2352 2098 2394 est

562 2412 939 2463 construendus
969 2426 980 2459 :
1015 2409 1279 2460 Canticum
1327 2407 1459 2460 istud
1489 2409 1815 2460 rel'erendnitt
1850 2419 1930 2460 est
1959 2409 2007 2460 in
2033 2410 2094 2459 ii-

564 2496 703 2540 nem,
752 2479 867 2544 quia
895 2480 1000 2545 agit
1029 2479 1091 2528 de
1121 2477 1219 2527 line
1249 2486 1506 2528 cantatum
1550 2492 1636 2539 pro
1665 2478 1845 2528 dilecto
1867 2515 1882 2539 ,
1917 2477 1965 2529 id
1995 2489 2096 2544 est,

565 2550 628 2600 ad
681 2551 928 2599 honorem
975 2558 1023 2598 et
1069 2546 1270 2597 laitdem
1325 2547 1499 2610 Spousi
1556 2546 1851 2609 Specialller
1898 2547 2092 2611 dilecti,

565 2617 882 2683 propositum
928 2617 1044 2668 liliis
1074 2615 1227 2676 Core,
1285 2631 1374 2681 pro
1404 2616 1479 2666 his
1528 2616 1609 2678 qui
1638 2614 2090 2678 contmutabuntur,

565 2687 614 2738 ld
646 2694 742 2743 est.
787 2700 938 2738 eausa
969 2684 1574 2755 etinimittatiunisiactze
1619 2684 1666 2733 iti
1715 2685 1898 2747 seipsis
1927 2687 1991 2735 ad
2020 2688 2096 2737 in-

562 2754 826 2811 tellectum.
856 2755 1074 2815 scilicet,
1105 2765 1157 2803 ut.
1188 2752 1472 2814 intelligant
1508 2761 1560 2804 et
1589 2766 1645 2803 se
1670 2760 2013 2804 commutatus
2044 2765 2096 2806 et

563 2823 1015 2877 commutationem
1050 2837 1164 2873 esse
1196 2837 1294 2870 non
1325 2835 1387 2872 ex
1416 2837 1491 2880 se,
1526 2820 1604 2873 vel
1631 2821 1862 2883 aliunde,
1893 2824 1981 2873 sed
2007 2838 2096 2889 per

562 2891 829 2944 dilectum.
863 2893 1004 2944 Nunc
1033 2891 1093 2941 ad
1119 2892 1338 2941 litteram
1362 2890 1685 2942 accedamus.
1714 2889 1973 2953 Quaeritur
2000 2907 2092 2944 eu-

561 2960 643 3026 jus
677 2974 769 3011 vox
802 2961 871 3014 sit
899 2961 947 3013 in
981 2960 1078 3011 hoc
1107 2958 1322 3026 p~alnto.
1378 2959 1435 3009 Et
1465 2959 1638 3011 dicititt
1667 2961 1877 3025 quidam
1909 2976 2090 3012 νοω-ιιι

566 3043 682 3080 esse
722 3030 1007 3096 propltet:e,
1037 3029 1244 3096 quidam
1279 3042 1397 3078 veru
1430 3027 1722 3095 intelligunt
1765 3041 1945 3079 vocem
1975 3044 2092 3082 esse

566 3095 732 3148 Patris
759 3098 974 3149 dicentis
999 3115 1010 3146 :
1044 3095 1297 3146 Eructavit
1318 3111 1403 3145 cor
1429 3113 1608 3154 meum,
1638 3105 1762 3156 etc..
1793 3105 1845 3149 et.
1867 3112 1956 3162 per
1986 3101 2093 3150 haec

565 3167 974 3217 enminetidantis
1003 3165 1148 3216 nobis
1180 3163 1489 3214 inellabileiit
1532 3166 1809 3230 quamdam
1858 3165 2094 3218 nativita-

566 3245 667 3286 tem
699 3244 746 3286 et
775 3236 1061 3300 genituram
1105 3233 1522 3297 itienarrahilem,
1563 3249 1625 3284 ne
1658 3243 1950 3296 putaremus
1997 3236 2093 3285 ali-

562 3304 683 3366 quid
731 3304 1054 3356 extrinsecus
1096 3311 1436 3366 assumptum.
1493 3312 1546 3352 ut
1597 3302 1715 3353 inde
1758 3311 2096 3366 geiteraretur

567 3365 816 3425 Verbum.
847 3372 1022 3424 Solent
1046 3372 1181 3424 enim
1215 3365 1449 3424 liiiniines
1482 3387 1569 3437 per
1598 3365 1855 3423 coiinu’bia
1905 3385 2095 3426 uxores

527 3436 663 3492 ‘sibi
696 3443 996 3505 adiungere,
1023 3450 1073 3491 et
1099 3441 1215 3492 inde
1244 3440 1380 3491 lllios
1402 3436 1667 3506 generare,
1692 3450 1745 3492 et
1773 3442 1888 3491 ideo
1909 3455 1974 3492 ne
2003 3456 2096 3508 pu-

566 3517 792 3561 taremus
823 3510 981 3561 Deum
1011 3508 1212 3560 Patrem
1247 3522 1460 3560 uxorein
1489 3510 1583 3560 sibi
1614 3510 1978 3571 as~utnpsisse,
2011 3515 2094 3564 vel

567 3578 736 3642 aliquo
780 3580 1096 3630 extrinsecus
1125 3579 1424 3641 adiumento
1469 3578 1532 3628 ad
1565 3576 1788 3629 Verbum
1844 3592 2097 3645 generau-

569 3649 691 3695 dittn
720 3645 1016 3709 indiguisse,
1068 3647 1224 3699 dicit:
1277 3647 1374 3698 Cor
1412 3662 1573 3698 meum
1618 3647 1857 3698 eructrwit
1899 3648 2098 3697 verbum

569 3714 766 3784 bonum.
803 3713 999 3764 Etcum
1025 3730 1123 3784 nou
1149 3717 1360 3784 haberet
1386 3718 1540 3768 verba
1570 3718 1754 3782 quibus
1792 3715 1887 3766 hoc
1916 3714 2097 3766 inetia-

567 3782 672 3851 bile
694 3786 901 3850 proprie
932 3782 1077 3834 nobis
1107 3794 1280 3849 posset
1317 3800 1599 3848 exponere,
1639 3787 1758 3850 quia
1789 3785 1921 3836 solet
1949 3798 2094 3835 saera

567 3853 852 3918 Scriptura,
880 3866 994 3903 cum
1039 3852 1105 3903 de
1129 3854 1280 3904 rebus
1310 3855 1525 3905 suminis
1570 3864 1621 3905 et
1648 3852 2097 3905 excellentissimis

566 3921 810 3985 loquitur,
860 3921 1223 3973 similitudines
1267 3921 1332 3974 de
1364 3923 1554 3973 intimis
1603 3924 1759 3973 rebus
1810 3923 2089 3984 attrahere,

565 4004 658 4057 per
684 4005 813 4056 quas
863 4006 951 4055 prr
982 3990 1091 4042 huic
1119 3990 1336 4042 visibilia
1387 3993 1589 4042 animus
1643 4002 1816 4042 noster
1846 3991 2097 4041 alliciatur

564 4060 628 4110 ad
675 4059 972 4122 invisibilia,
1007 4062 1121 4112 ideo
1173 4060 1305 4112 Deus
1356 4060 1506 4111 l’ater
1563 4074 1655 4125 per
1700 4058 2094 4110 similitudinem

564 4127 780 4194 loquens
813 4128 1064 4194 profunde
1113 4129 1288 4193 incipit
1326 4130 1506 4182 dicens
1536 4146 1548 4179 :
1602 4126 1699 4180 Cur
1725 4142 1886 4178 meum
1907 4137 2097 4178 eructat

564 4145 780 4194 loquens
846 4145 1064 4181 rorunoe
1113 4145 1288 4193 incipit
1326 4145 1548 4182 dicens:
1602 4145 1699 4180 cur
1725 4145 1886 4178 meum
1907 4145 2094 4178 eructat

564 4196 763 4248 verbum
810 4145 1007 4248 bimum.
1062 4197 1156 4260 Qui
1196 4201 1330 4248 enim
1376 4209 1632 4259 eruetant,
1687 4198 1879 4249 dcimo
1921 4197 2094 4247 tlatiim

565 4267 824 4320 emittunt.
877 4267 994 4318 Cor.
1019 4280 1138 4316 vere
1169 4265 1405 4316 intimum
1439 4267 1680 4331 quiddam
1711 4273 1810 4329 est,
1840 4273 1892 4316 et
1917 4269 2094 4316 oceul—

566 4340 697 4385 tum.
742 4335 886 4386 Unde
918 4335 1033 4386 talis
1061 4343 1158 4394 est,
1193 4335 1342 4398 quasi
1374 4333 1511 4383 dicat
1540 4333 1673 4384 :Cor
1701 4349 1883 4393 meum,
1912 4333 1960 4383 id
1991 4342 2092 4395 est,

567 4401 749 4454 intima
779 4405 1060 4454 substantia
1093 4415 1228 4465 mea,
1280 4416 1382 4468 qua
1409 4403 1641 4454 occultus
1688 4416 1800 4452 sum
1848 4402 2093 4466 quidquid

566 4485 703 4523 sum.
755 4470 1024 4531 Eruclavit,
1059 4472 1105 4522 id
1136 4477 1237 4531 est,
1287 4469 1616 4522 ineﬂ‘abililer
1642 4482 1685 4534 ει
1710 4477 1907 4520 neraVit
1951 4485 2013 4522 ex
2041 4484 2096 4523 se

563 4540 765 4591 verbum
791 4541 990 4590 bonum.
1019 4539 1121 4592 Nec
1152 4541 1338 4591 mirum
1385 4540 1426 4590 si
1459 4539 1608 4590 Pater
1651 4538 1787 4589 dicat
1814 4537 1877 4589 de
1919 4537 2100 4591 intimo

565 4609 739 4662 cordis
773 4607 997 4662 Verbum
1027 4616 1335 4668 ertictatum,
1385 4621 1501 4659 cum
1546 4615 1600 4657 et
1623 4619 1838 4672 quisque
1869 4617 2100 4658 nostrunt

567 4680 632 4730 de
658 4678 814 4731 corde
845 4692 937 4730 suo
969 4689 1069 4726 non
1101 4675 1335 4742 indigens
1382 4690 1541 4728 uxore
1569 4679 1648 4727 vel
1678 4675 1974 4726 etttrinseeo
2003 4676 2100 4726 ιλιι.

566 4747 798 4812 jumentu
824 4757 1037 4813 genetel
1087 4745 1382 4796 consilium.
1435 4745 1811 4813 Aldih'caturus
1837 4744 1974 4813 enim
2003 4744 2101 4795 ali-

568 4816 690 4883 quid
734 4817 799 4868 de
827 4812 983 4866 corde
1033 4824 1120 4883 tuo
1165 4826 1383 4883 generos
1429 4814 1724 4865 consilium.
1780 4812 1841 4864 Et
1890 4812 2101 4883 fabrica,

569 4880 686 4950 qua:
718 4885 945 4934 nondum
967 4891 1045 4933 est
1076 4881 1126 4950 in
1155 4880 1393 4942 mditieio,
1425 4883 1529 4946 jam
1561 4893 1664 4941 stat
1693 4899 1740 4933 ιιι
1770 4881 2009 4933 consilio.
2043 4883 2106 4932 Et

564 4946 670 5023 jam
695 4953 828 5023 inest
856 4951 904 5002 id
935 4952 1072 5023 quod
1095 4946 1449 5023 facturusest,
1480 4952 1529 5000 in
1555 4965 1618 5002 eo
1662 4967 1752 5023 per
1776 4951 1911 5017 quod
1943 4949 2107 5023 l'actu-

569 5014 659 5075 rus
685 5033 763 5073 es.
797 5014 964 5084 Atque
986 5018 1090 5081 jam
1123 5020 1298 5068 laudas
1327 5014 1573 5071 fabriCam
1614 5014 1843 5071 nutiduin
1873 5018 2106 5071 existen-

571 5102 674 5144 tein
709 5091 757 5139 in
783 5100 932 5154 spem
947 5084 1179 5154 trdilicii,
1211 5086 1300 5138 sed
1337 5090 1386 5137 in
1416 5087 1844 5152 approbationem
1873 5087 2103 5139 eurisilii.

571 5160 673 5212 Sed
700 5156 872 5208 nullus
893 5152 1021 5204 alius
1041 5153 1207 5205 adhuc
1234 5155 1407 5207 laudat
1434 5167 1570 5207 tuam
1599 5156 1864 5214 fabricam,
1887 5159 1985 5208 nisi
2015 5171 2041 5206 a
2063 5168 2110 5207 te

571 5227 849 5279 consilium
874 5221 1163 5282 exiiositum
1193 5223 1362 5285 fuerit,
1408 5227 1484 5276 vel
1517 5238 1606 5289 per
1631 5223 1873 5275 etfectum
1905 5224 2107 5276 viderit.

573 5296 709 5362 Ergo
727 5295 765 5346 si
780 5292 951 5362 omnia
967 5290 1096 5343 facta
1110 5304 1225 5362 sntit
1244 5307 1332 5353 per
1348 5291 1650 5362 Verbum,et
1663 5293 1726 5362 de
1743 5291 1846 5362 Deo
1861 5290 2111 5362 Verbum,

573 5359 770 5430 inspice
785 5361 1032 5414 fabricam
1049 5373 1145 5426 per
1168 5359 1386 5430 Verbuiit
1412 5361 1616 5430 tactam,
1636 5371 1692 5414 et
1714 5361 1762 5413 in
1783 5361 1882 5412 hoc
1899 5360 2114 5430 artiﬁcio

574 5427 764 5484 mirare
790 5432 1079 5491 consilium,
1108 5430 1156 5482 id
1183 5438 1283 5492 est,
1316 5427 1556 5480 Verbum.
1588 5430 1717 5482 Nam
1741 5431 1914 5498 quale,
1939 5428 1993 5498 id_
2012 5436 2112 5489 est,

574 5499 697 5551 illud
727 5500 974 5564 Verbum,
1026 5512 1116 5565 per
1143 5500 1278 5566 quod
1325 5507 1480 5554 terra.
1514 5513 1676 5559 mare,
1722 5495 1936 5558 céeluui,
1970 5495 2104 5546 facta

575 5579 715 5630 sunt,
736 5578 788 5620 et
808 5569 976 5621 munis
998 5580 1210 5620 ornatus
1227 5581 1424 5619 eorum.
1452 5566 1632 5618 Omnia
1655 5570 1789 5619 enim
1818 5582 1905 5635 per
1927 5568 2114 5631 ipsum,

579 5648 634 5685 ut
678 5637 950 5704 Evangelia
998 5646 1268 5695 testantur.
1320 5640 1456 5703 facta
1504 5649 1638 5687 sunt.
1693 5636 1756 5686 Et
1805 5641 1937 5687 tacta
1968 5644 2111 5704 sunt

581 5705 732 5769 bona,
757 5702 872 5772 quia
902 5707 1064 5773 ipsum
1090 5716 1166 5759 est
1195 5702 1403 5758 bonum.
1433 5705 1581 5758 Pater
1605 5719 1827 5772 namque
1851 5705 1915 5758 de
1944 5702 2111 5756 Verbo

2199 551 2458 608 utcunque
2491 555 2766 606 possumus
2791 557 2909 595 esse
2937 543 3055 595 boni
3074 582 3088 606 ,
3119 544 3243 596 dicit
3270 560 3280 593 :
3315 542 3418 595 Cor
3445 560 3613 596 nicum
3643 562 3756 596 eni-

2199 613 2348 662 ctavit
2399 609 2615 662 Verbum
2663 612 2876 675 bonum,
2939 625 3032 677 per
3077 613 3212 676 quod
3268 612 3464 665 bonum
3518 614 3752 667 additum

2197 679 2424 747 ostendit
2469 680 2566 732 sibi
2598 678 2973 741 subsmutiale,
3015 682 3284 747 comquale
3327 692 3380 735 et
3407 692 3750 736 consternunt.

2196 746 2361 801 Nemo
2386 749 2522 802 enim
2554 749 2743 809 bonus,
2775 747 2872 799 nisi
2905 750 3046 801 solus
3067 746 3221 801 Deus.
3254 750 3428 815 Quare
3455 751 3498 801 si
3532 752 3752 805 Ver-bunt

2199 815 2393 871 bonum
2426 827 2526 874 est.
2558 828 2610 887 et
2641 815 2868 868 Verbunt
2894 817 3050 887 Deus
3081 829 3178 882 est,
3211 820 3324 870 dico
3348 835 3439 887 ego
3467 835 3620 885 Opera
3652 839 3756 873 σιω

2195 888 2335 951 regi;
2366 886 2606 951 repetitio
2645 885 2954 950 superioris.
2991 886 3157 950 lpsmn
3183 890 3321 940 enini
3357 885 3555 950 dicere,
3585 902 3668 941 est
3695 906 3755 944 ex

2196 955 2354 1007 enrde
2406 958 2618 1007 verbum
2670 969 2939 1016 generare.
2993 955 3127 1007 Dieit
3175 957 3226 1008 in
3276 961 3373 1009 hoc
3420 958 3537 1010 loco
3570 960 3756 1012 beatus

2199 1025 2519 1086 Augustinus
2547 1041 2558 1073 :
2618 1041 2636 1074 ι
2667 1023 2863 1076 Vereor
2905 1040 2969 1077 ne
2998 1039 3024 1075 a
3057 1026 3376 1079 tardiOribus
3425 1043 3527 1078 non
3563 1032 3754 1081 intelli-

2197 1105 2368 1158 gatur,
2401 1104 2758 1144 verumtamen
2791 1093 2979 1144 dicam.
3031 1093 3290 1157 Sequatur
3336 1097 3424 1162 qui
3457 1108 3663 1160 potest.
3695 1115 3755 1150 ne

2200 1178 2300 1212 non
2325 1164 2521 1235 dctum
2553 1178 2654 1212 non
2677 1171 2946 1235 sequatur,
2971 1167 3346 1235 etquipotest.
3382 1168 3605 1218 Attende
3629 1182 3754 1235 ergo

2201 1245 2305 1295 quo
2330 1233 2464 1302 nodo
2505 1232 2674 1294 ipsum
2707 1232 2902 1302 dicere,
2931 1244 3010 1283 εει
3040 1231 3266 1284 Verbum
3312 1236 3374 1285 de
3405 1235 3565 1287 eurde
3592 1231 3749 1302 geni-

2197 1314 2333 1353 rare.
2368 1301 2500 1362 Quid
2529 1312 2607 1351 est
2648 1300 2789 1351 enim
2831 1301 2968 1359 dico.
3020 1302 3234 1353 verbum
3269 1304 3502 1368 profero.
3554 1300 3749 1356 etcum

2197 1368 2263 1439 de
2294 1385 2349 1421 se
2375 1369 2729 1439 l‘aterAdicit:
2768 1368 2891 1439 Dico
2922 1369 3038 1439 hoc,
3073 1372 3190 1420 dico
3216 1381 3296 1423 est
3322 1389 3333 1422 :
3371 1371 3594 1424 Verbum
3627 1389 3750 1439 pro-

2195 1434 2331 1489 fero.
2370 1438 2433 1489 Et
2463 1441 2504 1490 si
2538 1437 2692 1489 Pater
2724 1437 2919 1504 profert
2947 1436 3170 1491 Verbum
3194 1439 3258 1491 de
3281 1441 3460 1503 corde,
3490 1442 3540 1493 id
3563 1434 3664 1502 esi.
3691 1446 3754 1496 de

2159 1569 2164 1573 ι
2197 1505 2483 1569 intellectu,
2538 1521 2656 1558 cum
2688 1507 2798 1572 ipse
2845 1513 2986 1560 totus
3036 1510 3104 1560 sit
3149 1510 3235 1561 ille
3265 1509 3591 1570 intellectus.
3623 1515 3749 1563 illud

2197 1576 2412 1642 profert.
2445 1590 2564 1628 cunt
2592 1586 2643 1628 et
2675 1591 2769 1628 nos
2801 1585 3039 1628 nostrum
3090 1578 3306 1629 verbum
3350 1593 3585 1644 quamvni
3616 1582 3748 1642 leve,

2195 1646 2432 1712 quamvis
2465 1644 2675 1696 vdlatile
2702 1646 2767 1697 de
2807 1646 2966 1697 corde
3013 1656 3192 1697 nostro
3235 1646 3573 1712 proferimus.
3599 1667 3614 1698 ι
3657 1650 3749 1702 Ve-

2197 1723 2492 1765 ruuitaincu
2540 1718 2756 1764 multum
2805 1713 2978 1766 ditl'nrt
3027 1716 3162 1768 inter
3207 1723 3447 1768 nostrum
3478 1717 3670 1777 dicere.
3702 1733 3751 1771 et

2203 1782 2370 1834 Patris
2400 1781 2595 1851 dicere.
2631 1781 2874 1834 Nostrum
2917 1782 3055 1834 enim
3102 1783 3279 1838 dicere
3325 1785 3522 1851 incipit,
3571 1796 3622 1838 et
3650 1789 3750 1840 cito

2202 1850 2466 1918 praeterit;
2500 1851 2676 1903 dicere
2703 1862 2875 1904 autem
2907 1851 2992 1904 Dei
3020 1851 3184 1904 Patris
3235 1870 3338 1906 non
3375 1850 3528 1906 habet
3561 1861 3745 1917 princi-

2200 1922 2360 1986 pium,
2392 1930 2444 1972 et
2481 1929 2624 1972 caret
2651 1921 2784 1981 line,
2831 1919 2950 1988 quia
2984 1935 3245 1986 nunquam
3293 1924 3496 1974 linitur.
3544 1922 3609 1974 Et
3641 1927 3747 1976 ιιιεη

2197 1990 2485 2042 secundum
2519 2003 2620 2040 non
2649 1989 2856 2050 dicitur,
2899 1989 2991 2042 sed
3020 1992 3186 2044 semel
3216 2001 3416 2044 tantum
3451 1992 3589 2044 Dens
3617 1993 3750 2046 locu-

2199 2067 2280 2109 tus
2312 2067 2408 2127 est.
2442 2057 2497 2110 Si
2525 2058 2667 2116 enim
2695 2072 2904 2124 semper
2955 2067 3127 2127 manet
3165 2071 3215 2112 et
3246 2061 3385 2127 quod
3429 2063 3621 2114 dieitur
3645 2074 3692 2115 et
3719 2080 3747 2113 ει

2195 2142 2299 2192 quo
2329 2126 2535 2190 dicitur,
2567 2141 2668 2179 non
2700 2135 2783 2178 est
2807 2126 3084 2182 dicendum
3125 2126 3434 2187 secundum,
3470 2131 3587 2195 quia
3613 2145 3747 2182 seni-

2197 2209 2290 2261 per
2319 2208 2398 2248 est
2429 2198 2672 2261 primum.
2731 2195 2796 2247 Et
2827 2196 2940 2249 ideo
2972 2211 3127 2248 unum
3177 2209 3375 2250 tantum
3427 2198 3648 2250 Verbum
3671 2213 3746 2251 est

2197 2265 2334 2316 Patri
2387 2274 2706 2318 enzeternum
2753 2274 2805 2317 et
2836 2266 3304 2319 consubStaniiale.
3357 2270 3532 2330 Quare
3581 2279 3740 2319 autem

2195 2336 2319 2385 dicit
2345 2352 2356 2384 :
2397 2334 2518 2385 Dico
2536 2349 2686 2399 opera
2715 2349 2821 2385 mea
2846 2335 2995 2403 regi?
3025 2335 3162 2394 Ideo.
3190 2335 3416 2399 scilicet,
3440 2337 3562 2403 quia
3580 2350 3742 2388 enim:

2195 2417 2352 2468 opera
2388 2403 2554 2466 Patris
2581 2411 2728 2454 erant
2763 2404 2811 2454 in
2839 2404 3031 2456 Verbo.
3061 2405 3320 2469 Quid'luid
3344 2405 3493 2457 enim
3519 2406 3741 2458 facturus

2196 2470 2249 2522 in
2279 2481 2517 2523 creatura
2559 2469 2694 2533 er‘at,
2728 2482 2890 2522 totum
2942 2475 3201 2536 praecessit
3233 2474 3282 2524 in
3309 2475 3504 2526 Verbo.
3533 2477 3583 2524 Si
3613 2489 3742 2526 enim

2197 2541 2249 2591 in
2285 2540 2456 2592 Verbo
2486 2557 2585 2591 nun
2610 2547 2774 2599 esset.
2807 2555 2903 2593 nec
2935 2543 2985 2592 ili
3008 2551 3243 2592 creatura
3271 2554 3434 2602 esset,
3465 2545 3596 2594 sicut
3623 2546 3742 2594 nihil

2197 2618 2278 2660 est
2307 2609 2356 2660 in
2383 2620 2470 2661 tuo
2500 2609 2719 2660 aedilicio
2762 2610 2900 2675 quod
2932 2626 3034 2662 non
3069 2610 3218 2662 fuerit
3265 2612 3314 2662 in
3346 2613 3588 2663 consilio.
3622 2613 3743 2663 Illuc

2195 2678 2510 2746 evangelista
2539 2678 2664 2729 dicit
2691 2695 2701 2728 :
2734 2678 2880 2742 Quod
2909 2682 3100 2746 factum
3131 2687 3202 2729 est
3244 2681 3296 2730 in
3326 2680 3458 2745 ipso,
3486 2682 3586 2730 rita
3622 2693 3738 2732 erat

2200 2745 2333 2812 Ergo
2363 2748 2500 2813 quod
2532 2747 2721 2798 factum
2752 2754 2832 2798 est
2853 2760 2986 2809 erat,
3014 2748 3105 2799 sed
3138 2764 3186 2798 in
3216 2748 3386 2800 Verbo
3410 2763 3542 2802 erat.
3568 2751 3610 2802 υ
3633 2767 3740 2800 nus:

2195 2818 2332 2867 enim
2364 2829 2521 2882 opera
2557 2816 2723 2883 Patris
2750 2815 2798 2866 in
2832 2816 2996 2869 Verbo
3019 2828 3186 2878 erant,
3215 2818 3306 2868 sed
3340 2819 3570 2868 Itutlduiu
3591 2835 3740 2883 opera

2193 2893 2363 2944 erant,
2415 2883 2508 2936 sed
2540 2882 2765 2936 Verbum
2812 2895 2942 2937 erat.
3001 2885 3064 2937 Et
3103 2884 3315 2938 Veibum
3370 2887 3505 2938 Deis
3533 2882 3665 2946 erat,
3696 2899 3746 2938 et

2194 2951 2330 3004 idem
2375 2967 2492 3004 cum
2525 2955 2673 3022 Patre
2718 2954 2854 3005 Deus
2885 2965 3014 3015 erat,
3061 2958 3240 3020 inquo
3282 2964 3409 3006 sunt
3457 2971 3572 3022 quia
3601 2961 3741 3007 nobis

2197 3022 2329 3092 l'acta
2355 3031 2495 3073 sinit.
2529 3021 2640 3092 Non
2674 3024 2913 3075 abierunt
2937 3037 3055 3092 qua:
3080 3026 3231 3075 nobis
3272 3021 3659 3088 pratterierum.
3693 3029 3742 3075 In

2199 3089 2293 3159 hac
2316 3091 2572 3142 sententia
2606 3091 2775 3142 littera
2801 3094 2877 3144 sic
2908 3089 3097 3144 dicitur
3121 3110 3131 3142 :
3171 3092 3296 3142 Dico
3323 3108 3478 3155 opera
3500 3109 3604 3144 mea
3625 3097 3742 3159 regi,

2197 3157 2246 3209 id
2277 3169 2378 3218 est,
2423 3161 2488 3211 de
2515 3161 2697 3211 intimo
2730 3161 2899 3212 tordis
2927 3172 3106 3214 erueto
3143 3162 3358 3212 verbmn
3409 3163 3617 3216 bonum.
3652 3157 3743 3212 ιῖετ

2195 3230 2306 3296 dico
2333 3228 2472 3278 enim
2506 3227 2759 3279 habemus
2790 3244 2855 3280 ex
2887 3231 3044 3282 corde
3070 3240 3273 3290 cincto.
3309 3245 3402 3296 per
3432 3248 3581 3294 opera
3626 3231 3745 3282 Ver-

2197 3295 2339 3355 bum,
2387 3297 2506 3362 quia
2557 3311 2606 3366 in
2646 3296 2813 3348 \"erbu
2840 3300 3009 3350 omnia
3058 3313 3216 3366 opera
3251 3295 3422 3351 Patris
3471 3304 3536 3351 ab
3558 3310 3745 3352 aeterno

2195 3374 2339 3441 sunt,
2371 3378 2463 3431 per
2485 3365 2591 3433 regi
2624 3367 2835 3418 bonum.
2882 3368 2944 3420 Et
2975 3367 3052 3421 sic
3078 3372 3227 3435 plane
3269 3370 3462 3436 prioris
3492 3379 3573 3422 est
3600 3386 3744 3436 repe-

2198 3435 2329 3485 titio.

2264 3501 2463 3572 Lingua
2492 3517 2622 3554 mea.
2656 3502 2786 3568 Quia
2831 3503 3040 3571 quidam
3073 3505 3385 3572 profundum
3433 3520 3526 3572 per
3553 3509 3742 3572 imp‘rn.

2198 3572 2341 3636 prias
2383 3573 2757 3624 similitudines
2788 3587 3122 3638 extitisuerat,
3173 3572 3288 3626 ideo
3315 3577 3474 3626 etiam
3507 3579 3568 3626 ad
3615 3580 3743 3628 idem

2197 3641 2562 3704 exponendum
2610 3641 2763 3691 aliam
2813 3643 3028 3694 adducit
3069 3642 3466 3695 similitudinem
3494 3645 3742 3710 aliquate-

2197 3721 2292 3778 nus
2325 3711 2690 3774 patentiorem,
2723 3710 2902 3760 dicens
2935 3726 2946 3760 :
2986 3710 3178 3778 Lingua
3204 3727 3334 3772 mea,
3364 3723 3470 3764 etc.
3511 3715 3577 3765 Ει
3603 3728 3746 3764 acce-

2197 3776 2508 3842 pit'caUsam
2560 3793 2653 3844 pro
2695 3778 2904 3842 eﬂ'ectu,
2940 3776 3167 3846 linguam
3215 3783 3426 3833 scilicet
3473 3797 3567 3850 pro
3592 3787 3745 3833 verba

2196 3854 2465 3917 eructato,
2513 3855 2567 3898 et
2615 3849 2875 3900 ealautum
2942 3853 3128 3902 sciiba:
3178 3865 3268 3914 ιιι-ιι
3319 3849 3482 3903 verbo
3531 3854 3743 3917 scriptu.

2194 3916 2328 3978 Quid
2358 3923 2530 3967 autem
2565 3917 2718 3969 habet
2745 3918 2916 3970 simile
2951 3918 3173 3970 Verbum
3224 3918 3394 3971 Patris
3442 3934 3558 3971 cum
3591 3916 3743 3972 verbo

2194 3987 2401 4036 scribte.
2455 3986 2763 4053 Quid'peira
2797 4002 2912 4038 cum
2943 3989 3152 4040 Christo
3198 3989 3354 4040 habet
3383 3992 3576 4052 simile,
3621 3991 3744 4054 quid

2195 4067 2357 4117 agnus
2385 4068 2502 4105 cum
2537 4055 2625 4106 Dei
2656 4055 2985 4119 simplicitate
3006 4097 3022 4122 ,
3057 4056 3177 4122 quid
3211 4059 3291 4108 leo
3322 4072 3442 4109 cum
3477 4057 3565 4109 Dei
3596 4056 3742 4108 furti-

2197 4123 2411 4173 tudiue?
2441 4124 2626 4172 Parum
2661 4125 2854 4188 utique.
2890 4125 2991 4176 Sed
3020 4140 3131 4176 nius
3155 4134 3236 4178 est
3258 4140 3422 4178 sacrae
3445 4128 3744 4190 Scriptum,

2196 4192 2316 4254 quia
2349 4192 2556 4256 proprie
2589 4204 2672 4242 res
2701 4194 2984 4244 altissuttas
3034 4210 3133 4244 non
3179 4195 3318 4246 valet
3367 4209 3654 4259 exponere,
3685 4203 3743 4245 ad

2201 4259 2344 4322 ipsas
2373 4261 2712 4326 exponendas
2741 4261 2806 4312 de
2849 4266 3004 4312 rebus
3033 4264 3225 4312 intimis
3253 4265 3635 4315 similitudines
3661 4273 3746 4314 ad-

2196 4330 2416 4398 ducere,
2439 4337 2617 4378 tenues
2639 4329 2867 4394 quidem,
2894 4345 2994 4381 non
3021 4339 3190 4382 tamen
3219 4333 3605 4397 aSpernabiles,
3635 4350 3746 4398 quu

2199 4397 2297 4447 nisi
2331 4395 2442 4448 haec
2475 4400 2680 4460 tierent,
2715 4414 3040 4465 nequaquam
3071 4395 3491 4453 aniitius'nostcr
3519 4417 3612 4465 per
3643 4395 3748 4454 hxc

2124 4456 2173 4513 D
2202 4465 2421 4515 viaibilia
2453 4456 2813 4531 repararetur'
2833 4479 2884 4520 et
2905 4456 3325 4532 "suspenderetur
3352 4471 3416 4521 ad
3448 4456 3745 4521 invisibilia.

2202 4534 2373 4596 Quare
2397 4534 2529 4586 Deus
2575 4535 2728 4586 Pater
2759 4552 2849 4601 per
2889 4538 3284 4591 similitudinem
3341 4544 3476 4591 hanc
3527 4540 3749 4591 Verbum

2201 4614 2350 4652 suum
2367 4616 2659 4674 exponens,
2681 4604 2842 4656 uoluit
2858 4606 2979 4657 illud
3003 4609 3332 4672 prolato,sed
3350 4610 3551 4674 scripto
3574 4612 3747 4666 vertio.

2203 4684 2531 4742 comparare,
2557 4672 2607 4723 iit
2636 4686 2741 4742 quo
2767 4674 2916 4735 duas,
2949 4677 3189 4741 quamvis
3213 4672 3547 4742 itnproprias,
3603 4681 3753 4728 habet

2204 4739 2595 4803 similitudines,
2640 4741 2925 4810 quia__sicut
2961 4739 3178 4795 verbum
3200 4739 3450 4810 scriptum
3479 4762 3580 4796 non
3604 4756 3754 4796 sonat

2206 4823 2378 4873 neque
2403 4811 2609 4871 transit,
2662 4811 2727 4860 ita
2761 4807 2987 4863 Verbum
3045 4812 3133 4862 Dei
3166 4815 3266 4863 tale
3307 4807 3408 4871 est,
3463 4818 3602 4879 quod
3653 4831 3752 4864 non

2204 4889 2359 4929 sonat
2383 4879 2657 4930 terberato
2678 4893 2815 4942 aere,
2847 4894 3016 4947 neque
3041 4882 3242 4942 transit,
3280 4884 3373 4932 sed
3399 4898 3608 4948 semper
3637 4898 3754 4933 tua-

2207 4955 2314 5008 net,
2335 4957 2388 4997 ut
2411 4961 2567 5010 supra
2591 4948 2783 4998 dictum
2807 4958 2908 5000 est.
2928 4951 3120 5001 Litteta
3147 4949 3221 4999 sic
3251 4954 3300 5000 in
3327 4965 3452 5003 voce
3476 4951 3647 5002 Patris
3667 4967 3754 5005 Cl-

2209 5023 2420 5087 ponitur
2445 5024 2496 5087 et
2529 5016 2862 5087 continuatur
2884 5033 2895 5066 :
2929 5018 3026 5069 Cor
3047 5032 3229 5083 meum,
3257 5019 3492 5087 inquam,
3515 5024 3754 5071 eructari:

2219 5082 2431 5134 Verbum
2479 5083 2682 5134 bonum.
2732 5084 2794 5134 Et
2841 5087 3010 5154 lingua
3045 5102 3182 5145 mea.
3217 5082 3340 5139 huc
3372 5082 3488 5149 est,’
3533 5089 3754 5140 Verbum

2210 5164 2405 5211 meum,
2438 5158 2524 5222 est
2550 5157 2778 5202 cala‘nms-
2808 5157 3001 5216 seritur,
3051 5158 3099 5205 id
3129 5165 3227 5214 est.
3261 5167 3341 5208 est
3373 5168 3452 5206 ve.
3471 5164 3535 5208 bo
3563 5160 3755 5222 scripto

2210 5218 2479 5287 scriptoris
2506 5222 2882 5284 cuinparabile,
2907 5232 2955 5272 et
2987 5239 3088 5274 nun
3114 5223 3394 5288 cuiuslibet
3421 5225 3637 5284 seritur,
3665 5218 3754 5276 sed

2211 5290 2442 5341 velociter
2479 5289 2758 5339 scribentis.
2805 5289 3062 5342 Velociter
3111 5295 3248 5343 enini
3281 5293 3372 5343 Dei
3407 5297 3638 5345 velocius
3679 5304 3757 5346 est

2212 5359 2478 5417 Omnibus,
2512 5360 2632 5420 quia
2665 5359 2910 5411 velociter
2935 5373 3108 5411 seruio
3133 5362 3246 5425 ejus
3268 5363 3448 5412 currit.
3483 5364 3525 5412 Α
3555 5363 3661 5425 ﬁne
3693 5365 3755 5413 ad

2216 5428 2366 5491 ﬁnem
2393 5426 2641 5492 attingam
2672 5428 2886 5493 fortiter,
2925 5439 2970 5479 et
3000 5432 3272 5490 disponens
3315 5431 3486 5481 omnia
3513 5433 3749 5484 suaviter.

2215 5493 2396 5545 Nullus
2425 5503 2598 5546 autem
2623 5505 2730 5565 tam
2754 5498 2902 5549 velox
2953 5502 3124 5548 scriba
3145 5505 3247 5560 est,
3297 5500 3422 5565 quin
3467 5514 3755 5553 necessario

2221 5565 2441 5636 litteram
2473 5576 2584 5627 poSt
2619 5564 2864 5636 litteram,
2908 5567 3156 5636 syllabam
3195 5564 3324 5634 post
3365 5568 3648 5636 syllabam.
3675 5571 3752 5620 di-

2219 5633 2443 5682 ctionem
2492 5641 2605 5696 post
2653 5634 2935 5686 dictionem
2985 5633 3216 5697 scribat}
3271 5633 3449 5688 seruio
3495 5651 3626 5689 vero
3671 5640 3752 5691 Dei

2220 5700 2372 5752 simul
2403 5701 2794 5767 comprehcndit
2816 5701 3008 5756 omnia.
3043 5701 3105 5755 Et
3129 5707 3245 5773 ideo
3268 5705 3312 5758 si
3338 5706 3456 5774 quis
3481 5716 3582 5760 tam
3608 5712 3750 5760 velox
