3912 6230
539 384 638 435 727

3637 128 3873 389 Ἷ

1025 381 1221 434 ΒΕΟΑΞ
1267 381 1700 438 VENERABILIS
1739 382 1885 436 OPP.
1928 380 2066 434 PARJ

2168 381 2197 435 l.
2238 381 2426 435 SECT.
2472 383 2622 436 ll.--
2652 384 2850 440 DUBIA
2888 384 2974 438 ΕΤ
3011 384 3275 440 SPURIA.
3642 387 3714 438 Ti

538 493 602 543 Et
631 494 866 566 destruet
894 491 1019 566 igni,
1056 507 1155 543 non
1211 491 1579 566 quolibet,_sed
1635 494 1725 566 illo
1773 493 2083 566 quem__ip5e
2109 492 2156 548 Α
2184 490 2274 566 sed
2304 507 2452 566 super
2481 507 2676 544 onmem
2700 501 2900 566 terram.
2932 493 3066 566 Ipse,
3091 495 3324 563 inquam,
3343 499 3562 564 subjecit
3589 516 3746 566 popu-

537 561 679 611 venit
710 560 922 610 mittere
972 561 1018 610 in
1070 569 1283 623 tt-rram,
1311 570 1362 614 et
1401 562 1509 612 vult
1541 574 1587 611 ut
1621 561 1822 626 ardeat,
1855 560 2078 621 scilicet,

543 643 635 696 per
672 629 1002 680 dilectionem
1053 627 1140 680 Dei
1189 639 1241 681 et
1298 630 1543 696 proximi.
1570 630 1684 694 Ipse
1711 631 1827 682 dit-0
1856 630 2032 682 dicens
2065 647 2076 681 :

550 695 754 759 ναι-σις’,
781 698 827 747 id
856 707 958 757 est,
993 709 1208 750 vacuate
1237 695 1327 750 vos
1360 699 1517 759 vitiis,
1552 701 1689 751 unde
1720 701 1857 764 pleni
1899 710 2078 760 eratis,

539 774 593 817 ut
616 766 933 830 impleaiiiiiii
963 767 1261 818 virtutibus.
1293 767 1357 818 Et
1385 770 1559 830 ridete,
1587 770 1633 819 id
1655 777 1753 829 est,
1779 767 2080 833 cognoscite

536 848 623 886 me
652 849 767 886 esse
802 835 1186 905 DeumuQuod
1236 835 1434 889 debetis
1489 849 1823 905 cognoscere,
1847 837 2079 905 quoniam

534 918 625 966 ego
647 918 827 954 revera
858 919 966 954 sum
995 901 1151 965 Deus,
1182 905 1269 969 qui
1296 901 1601 965 exsultatio},
1627 906 1673 956 id
1698 915 1797 964 est,
1821 901 2080 968 gloriﬁca-

540 973 633 1024 bor
663 972 712 1022 iri
746 972 889 1023 tubis
919 973 1163 1039 gentibus.
1197 973 1262 1023 Et
1290 975 1494 1024 tandem
1520 972 1674 1025 etiam
1725 972 1981 1024 exaltabor
2027 975 2077 1026 iu

536 1051 667 1093 terra
687 1039 926 1102 Judaica,
954 1042 1071 1106 quia
1094 1043 1159 1093 de
1188 1057 1244 1094 ea
1271 1042 1570 1108 praidictum
1602 1051 1679 1094 est
1711 1058 1721 1092 :
1754 1042 1818 1093 Et
1857 1044 2078 1107 reliquit?

531 1111 686 1163 salva:
723 1111 861 1174 ﬁent.
915 1112 1047 1160 Ecce
1095 1109 1176 1178 hic
1228 1110 1500 1162 manifeste
1528 1120 1671 1162 nutat
1701 1112 1993 1163 .liidaeoruin
2025 1121 2078 1164 et

535 1181 768 1242 gentium
794 1180 1333 1243 concorporatiunem,
1366 1180 1430 1231 de
1465 1194 1562 1246 qua
1593 1180 1640 1230 in
1692 1183 1841 1231 titulo
1892 1182 2076 1244 ιη’ωαί-

533 1260 670 1298 ιΙΙΙΙΙΙ
697 1260 794 1299 εει.
822 1247 993 1299 Potest
1023 1248 1245 1300 cialiter
1275 1251 1504 1314 psalmus
1525 1250 1620 1299 istc
1641 1264 1669 1299 a
1699 1248 1953 1314 principio
1991 1264 2078 1300 or-

533 1319 700 1367 dinari
723 1329 772 1368 et
803 1315 1055 1376 construi,
1083 1328 1135 1366 ιιι
1167 1319 1243 1368 sic
1267 1318 1466 1368 dicatur
1499 1335 1508 1366 :
1547 1317 1680 1368 Deus
1701 1329 1866 1368 noster
1897 1317 2075 1368 Domi-

532 1401 648 1453 nus,
678 1384 895 1448 SCiiii't'l,
916 1389 1151 1435 virtutum
1175 1386 1448 1449 nobiscum,
1471 1397 1726 1453 susceptor
1753 1395 1916 1438 noster
1939 1384 2074 1438 Deus

531 1452 708 1505 Jacob.
752 1453 1265 1515 Deditvocenisuam,
1296 1454 1486 1506 ctideo
1535 1452 1664 1504 terra
1694 1465 1824 1506 n:ota
1875 1465 1964 1506 est.
2013 1455 2076 1507 Et

532 1523 796 1588 quomodo
819 1534 954 1574 uicta
983 1525 1070 1584 sit,
1097 1524 1416 1587 pra‘iiiissum
1440 1524 1941 1589 est,videlicet.quia
1956 1539 2074 1590 gen-

530 1603 600 1642 tc-s
621 1591 923 1642 conturbata!
945 1602 1077 1655 sunt,
1104 1603 1147 1643 et
1178 1593 1414 1642 inclinata
1437 1601 1551 1644 sunt
1577 1609 1749 1658 regna.
1775 1591 1910 1657 Ipse,
1933 1597 2072 1657 dico,

528 1661 612 1726 qui
642 1670 723 1714 cst
749 1663 999 1728 refugium
1027 1671 1070 1710 et
1099 1663 1253 1712 virtus
1279 1672 1324 1712 et
1345 1662 1547 1729 adjutor
1569 1663 1620 1711 ia
1647 1661 2069 1727 tribulationibus,

526 1745 636 1794 qua:
657 1731 801 1782 nimis
830 1730 1122 1780 invenerunt
1152 1745 1259 1780 nos.
1291 1731 1490 1782 Caetera
1523 1745 1624 1780 non
1655 1739 1936 1780 mutantur.

978 1841 1039 1892 ΙΝ
1083 1839 1392 1894 PSALMUM
1437 1839 1612 1892 XLVI.

809 1936 861 1988 Ιιι
893 1936 1070 2003 linem,
1105 1953 1198 2003 pro
1224 1937 1342 1989 liliis
1372 1938 1503 1990 Core
1532 1937 1789 1990 Psalnius.

1117 2042 1484 2081 ARGUMENTUM.

599 2094 1011 2148 Machabteorum
1045 2111 1278 2162 persona.-
1307 2111 1516 2149 carmen
1556 2097 1652 2148 hoc
1700 2098 1846 2162 quasi
1889 2101 2066 2152 trium-

529 2165 682 2230 phale
709 2163 1026 2228 praecinitur,
1058 2169 1322 2231 quoniam,
1349 2166 1494 2218 victis
1515 2167 1752 2231 gentibus
1780 2169 1855 2218 vel
1878 2168 2070 2224 Judaiis

531 2233 1038 2299 prwvaricatorilrus,
1069 2235 1314 2300 templum
1343 2245 1419 2286 est
1446 2249 1559 2286 cum
1583 2237 1745 2288 sacris
1773 2236 1956 2290 ritibus
1987 2239 2068 2291 in-

529 2313 834 2378 stauratum.
870 2303 992 2353 ltcm
1025 2303 1271 2369 legendus
1299 2304 1702 2378 ⁸ιιιιη-Ιειςιιοιιειιι
1742 2307 1906 2378 ﬁctus
1944 2323 2069 2378 apo-

526 2373 800 2433 stolorum,
830 2383 1098 2439 postquam
1126 2373 1355 2424 ascendit
1375 2371 1614 2426 Christus
1641 2373 1705 2425 ad
1737 2373 1962 2428 Patrem.

1123 2479 1466 2518 EXPLANA'HO.

597 2531 791 2585 Titulus
817 2543 960 2585 notus
988 2543 1077 2597 est,
1102 2534 1350 2586 Christum
1379 2546 1423 2584 et
1448 2533 1756 2586 Christianos
1783 2535 2064 2601 insinuans,

524 2604 744 2662 quamvis
774 2619 835 2655 ea:
864 2619 1070 2668 persona
1096 2603 1315 2670 ﬁliorum
1337 2604 1462 2656 Core
1481 2612 1608 2654 totus
1629 2605 1690 2654 sit
1713 2604 1923 2671 hymnus
1944 2622 2066 2657 can-

524 2682 678 2734 tatus,
723 2673 1071 2739 diapsulmatis
1113 2684 1273 2724 tamen
1321 2683 1394 2726 est
1441 2674 1814 2738 interpositione
1858 2675 2063 2727 divisus.

532 2741 702 2793 Primo
731 2744 877 2793 modo
906 2753 1271 2794 conimonentur
1297 2752 1462 2810 gentes
1507 2741 1722 2793 Domino
1747 2741 1922 2794 laudes
1953 2759 2066 2809 per-

521 2825 717 2872 sonare,
749 2813 861 2876 quia
896 2813 1080 2874 populo
1117 2811 1454 2873 acquisitionis
1484 2819 1660 2861 cuncta
1685 2812 1911 2877 subjecit,
1941 2824 1985 2864 et
2015 2814 2065 2864 in

521 2894 614 2930 sua
651 2878 939 2931 hereditate
963 2880 1241 2931 collocavit.
1281 2879 1517 2932 Secundo
1549 2882 1769 2932 ascensio
1801 2878 2000 2932 Domini
2020 2891 2064 2933 et

520 2963 728 3014 regnum
752 2949 1061 3012 descrilitur,
1084 2949 1319 3018 quoniam
1340 2948 1502 3001 sancti
1526 2949 1679 3018 ipsius
1701 2958 1814 3002 sunt
1836 2951 1941 3003 sine
1961 2951 2065 3017 ﬁne

523 3019 748 3085 fruituri.

1073 3103 1485 3143 COMMENTARIUS.

592 3179 771 3230 Unines
788 3188 973 3244 gentes,
999 3179 1240 3243 plaudite.
1267 3179 1512 3230 Dominus
1537 3178 1668 3229 Deus
1687 3186 1864 3230 noster
1882 3178 2058 3244 ﬁdem,
2088 3145 2134 3203 ε

519 3247 568 3297 in
597 3261 694 3312 qua
726 3258 944 3307 stamus,
974 3264 1036 3300 ex
1077 3263 1173 3312 qua
1217 3249 1456 3305 vivimus,
1489 3263 1580 3312 per
1605 3263 1758 3312 quani
1797 3256 1849 3299 et
1892 3248 2061 3299 salva-

521 3330 657 3383 mur,
704 3316 1057 3380 multipliciter
1107 3318 1351 3383 varieque
1406 3331 1498 3382 per
1543 3316 1837 3383 Scripturas
1885 3333 2060 3371 sacras

521 3382 772 3435 revelavit
817 3385 984 3437 nobis.
1036 3382 1368 3438 Sacramenta
1415 3386 1622 3450 quidem
1657 3382 1929 3438 verborum
1972 3401 2058 3436 vn-

517 3451 680 3515 iiaus,
735 3452 884 3504 ﬁdem
935 3465 1102 3506 tamen
1151 3456 1384 3507 eamdem
1429 3455 1822 3517 commendans,
1854 3466 1904 3506 tit
1936 3455 2057 3506 dum

521 3521 648 3572 ordo
674 3522 878 3575 dicendi
910 3526 1159 3584 variatur,
1192 3534 1244 3576 et
1271 3539 1355 3577 res
1398 3524 1607 3589 antiqua
1659 3534 1953 3584 renovatur,
1992 3523 2059 3576 sit

524 3592 677 3644 homo
724 3593 772 3642 in
820 3595 975 3646 corde
1020 3606 1224 3660 paratus
1267 3594 1515 3655 retinere,
1561 3603 1610 3643 et
1654 3603 1828 3657 postea
1862 3609 1961 3644 non
1993 3595 2059 3645 sit

523 3661 663 3727 piger
687 3662 867 3713 eadem
901 3665 1148 3727 Cogitate,
1181 3671 1230 3713 et
1260 3664 1394 3727 quod
1426 3663 1670 3725 comedit,
1705 3663 1751 3713 id
1783 3671 1878 3719 est.
1912 3663 2057 3714 andi-

521 3729 609 3791 vit,
642 3743 846 3796 semper
889 3733 1170 3793 ruminare,
1226 3745 1288 3782 ne
1337 3733 1658 3784 inveniamur
1703 3731 1939 3783 animalia
1969 3734 2059 3782 im-

522 3797 734 3859 munda,
763 3799 851 3851 sed
885 3801 1095 3857 munda,
1131 3803 1260 3850 sicut
1293 3800 1341 3851 in
1387 3801 1484 3853 hoc
1530 3801 1725 3863 psalmo
1761 3815 1843 3852 res
1873 3804 2055 3853 eadem

520 3881 634 3930 quae
657 3867 762 3932 jam
786 3883 924 3933 szepe
958 3871 1006 3920 in
1033 3869 1146 3918 aliis
1178 3870 1389 3932 psalmis
1421 3871 1662 3934 praiiiicta
1704 3877 1784 3921 est
1822 3872 2055 3921 iteratur.

521 3935 678 4003 tltijiis
709 3936 887 4002 titulqs
917 3946 990 3988 est
1035 3953 1050 3990 :
1089 3938 1152 3988 In
1187 3939 1333 4003 ﬁnem
1381 3956 1468 4002 pro
1513 3939 1630 4002 ﬁliis
1660 3937 1802 3998 (lore,
1838 3940 2059 4002 psalmus

520 4006 614 4067 ipsi
643 4002 823 4056 David.
857 4007 1000 4071 Quod
1038 4009 1112 4058 sic
1139 4002 1416 4074 εκροιιίιιιι
1448 4025 1456 4056 :
1491 4008 1589 4058 Isle
1633 4008 1861 4072 psalmus
1900 4007 2060 4059 reler-

523 4083 606 4122 tur
635 4074 683 4123 in
715 4076 886 4138 linem,
910 4088 1142 4127 enotatus
1164 4092 1189 4126 a
1222 4076 1527 4142 quibusdam
1561 4077 1673 4126 tiliis
1695 4075 1846 4133 Core.
1876 4074 1924 4125 id
1956 4085 2054 4140 est,

525 4151 577 4191 iit
605 4141 688 4192 alii
722 4144 808 4193 lilii
832 4145 963 4196 Core
983 4141 1264 4197 imitatores
1285 4146 1477 4196 Christi
1501 4146 1613 4212 ejus
1633 4145 1886 4210 passionis
1912 4147 2053 4199 liam.

525 4211 782 4274 l’saliiius,
829 4213 964 4273 dico,
997 4216 1272 4265 attributus
1319 4215 1416 4280 ipsi
1463 4211 1644 4278 David,
1679 4214 1728 4265 id
1760 4224 1858 4278 est,
1891 4214 2058 4281 perle-

521 4282 766 4332 ctiuribus
799 4282 847 4331 in
879 4296 1094 4347 corpore
1120 4281 1334 4332 Christi.
1367 4284 1455 4335 Est
1485 4288 1619 4335 enim
1665 4298 1762 4334 Vox
1801 4286 2058 4349 apostolo-

523 4365 636 4399 rum
689 4360 984 4401 sanctorum
1029 4352 1413 4401 exhortantiuin
1467 4367 1560 4404 nos
1603 4363 1656 4403 ut
1708 4352 1814 4403 Deo
1853 4354 1936 4416 qui
1970 4367 2060 4415 pro

523 4418 671 4467 nobis
700 4420 966 4471 descendit
994 4429 1046 4470 et
1071 4430 1288 4470 mortem
1318 4419 1473 4472 subiit
1493 4421 1702 4487 gratias,
1732 4421 1780 4470 in
1811 4429 2058 4486 quantum

523 4488 800 4551 ptissittius‘,
855 4487 1178 4551 referamus;

526 4555 850 4620 plaudamus,
877 4567 929 4608 et
959 4561 1006 4608 in
1036 4574 1186 4624 quem
1216 4558 1380 4612 Judaei
1415 4562 1680 4626 parvulum
1709 4558 2055 4626 offenderunt,

523 4628 667 4674 illiittt
716 4638 814 4676 tios
851 4639 1224 4694 cirgttoscamus
1271 4625 1554 4692 excelsius),
1599 4639 1650 4680 et
1679 4643 1829 4694 quem
1862 4625 1928 4677 illi
1971 4628 2059 4676 lia-

527 4697 746 4743 hucrunt
787 4693 1102 4754 irrisihilem,
1150 4710 1243 4746 nos
1284 4699 1556 4750 timeamus
1598 4693 1744 4747 casio
1792 4703 1960 4746 tamen
1999 4696 2061 4745 ti-

530 4777 672 4832 more
693 4765 991 4816 terribilem.
1018 4764 1190 4816 Potest
1215 4781 1358 4827 vero,
1382 4769 1524 4832 juxta
1543 4765 1790 4830 quosdam
1815 4779 1898 4826 qm
1926 4765 2061 4814 hunc

528 4831 776 4892 psalmum
805 4847 920 4884 cum
965 4837 1214 4899 superiori
1246 4831 1399 4884 unum
1437 4835 1646 4893 faciunt,
1678 4834 1740 4881 ita
1775 4838 1836 4881 ad
1870 4832 2059 4894 pr'edi-

524 4907 601 4948 ειη
631 4901 940 4964 continuari,
972 4919 1116 4970 quaSt
1142 4905 1282 4956 dicat
1315 4920 1325 4953 :
1354 4904 1496 4970 Quia
1532 4902 1779 4951 Dominus
1817 4912 1932 4970 non
1973 4916 2059 4950 so-

527 4971 631 5018 lum
661 4982 708 5018 iu
737 4967 999 5034 gentibus,
1019 4975 1108 5024 sed
1139 4983 1191 5024 et
1235 4973 1284 5022 in
1317 4981 1448 5022 terra
1478 4969 1686 5022 Jiidaica
1714 4967 2022 5020 exaltabitur
2047 4987 2058 5030 ;

523 5053 650 5108 ergo
677 5053 842 5088 omnes
869 5051 1051 5105 gentes,
1082 5041 1305 5108 plaudite
1339 5040 1440 5090 Deo
1490 5041 1731 5096 manibus,
1765 5037 1826 5108 id
1863 5045 1960 5108 est,
2011 5037 2059 5088 iii

526 5105 675 5158 bouis
704 5108 949 5172 operibus
981 5105 1184 5160 laudate
1213 5110 1393 5166 Deum.
1440 5119 1491 5160 et
1541 5109 1748 5170 iubilate
1786 5107 1831 5158 ei
1869 5105 1918 5156 in
1951 5121 2063 5156 voce

526 5192 628 5227 non
659 5176 1022 5242 qualiminque,
1054 5178 1142 5226 sed
1183 5180 1544 5236 exsultationi's,
1579 5178 1625 5226 id
1657 5183 1757 5236 est,
1792 5176 1840 5225 in
1869 5178 2062 5225 ‘essul-

527 5245 678 5296 tativa
713 5245 1026 5296 laudatione.
1057 5244 1174 5294 Sive
1203 5247 1337 5295 enim
1373 5257 1567 5296 tantum
1604 5245 1732 5296 bene
1761 5258 2061 5308 operantur,

527 5324 580 5364 et
611 5330 733 5366 voce
767 5329 867 5364 non
898 5315 1244 5374 laudareiiius,
1277 5317 1386 5362 sive
1415 5333 1443 5366 e
1470 5327 1724 5365 converso
1755 5315 2061 5371 l'acciemus,

533 5385 662 5450 pigri
693 5398 945 5450 essemus,
975 5393 1024 5432 ct
1054 5382 1166 5432 ideo
1198 5393 1474 5446 utrumque
1505 5381 1816 5446 pracipitur.

602 5454 846 5513 Quoniam
878 5449 1118 5501 Dominus
1160 5454 1400 5502 excelsus.
1449 5451 1563 5502 Ideo
1617 5451 1837 5510 debetis,
1884 5464 2065 5501 omnes

529 5536 727 5588 uenies,
758 5521 860 5570 Deo
891 5522 1125 5574 manibus
1156 5520 1420 5588 plaudere,
1446 5527 1496 5567 et
1525 5531 1648 5588 voce
1675 5519 1916 5582 jubilare,
1943 5534 2067 5584 quo-

534 5594 662 5636 niam
693 5587 951 5650 Dominus,
981 5593 1026 5640 id
1051 5586 1434 5652 esu—Chrisms.
1466 5586 1602 5650 prius
1628 5590 1886 5651 parvulus,
1912 5589 2064 5639 modo

534 5661 693 5706 i-lt'ltlS
724 5661 977 5720 excelsus;
1001 5662 1140 5724 prius
1169 5658 1469 5715 derisibilis,
1499 5654 1650 5704 modo
1682 5656 1843 5707 lactus
1873 5656 2064 5707 terribi-

534 5732 612 5784 i'fv.
643 5737 693 5775 ct
739 5732 888 5780 modo
915 5744 1001 5781 res
1046 5745 1252 5797 mugitus
1285 5744 1384 5780 ιιοιι
1417 5726 1582 5777 solum
1625 5737 1779 5789 sttpcr
1810 5727 2059 5785 Jutlicaiii,

2183 559 2258 610 los
2304 559 2547 613 Iudaicos
2595 563 2735 615 nobis
2781 559 3030 628 apostolis
3068 574 3120 618 et
3162 559 3522 629 iirzccoiiibiis,
3551 559 3608 620 ei
3643 559 3741 620 non

2183 629 2349 702 solum
2397 631 2632 702 pupulas,
2682 631 2967 702 sedqctiam
3014 647 3202 699 gentes,
3255 635 3304 685 id
3347 646 3450 694 est,
3485 637 3740 702 gentiles.

2185 701 2353 762 posuit
2381 699 2471 748 sub
2495 699 2720 765 pedibus,
2755 699 2804 752 id
2834 711 2934 761 est,
2977 703 3076 753 sub
3109 699 3735 768 affectionibus'nostris,

2183 768 2249 836 ita
2299 774 2352 819 iit
2388 768 2482 836 qui
2525 783 2552 819 a
2602 769 2791 821 nostris
2836 771 2976 835 prius
3007 769 3469 836 interﬁciehamur,
3521 775 3593 824 ab
3624 775 3738 826 istis

2182 834 2595 905 honorabamttr;
2644 847 2696 889 et
2746 834 2862 902 quia
2915 838 2982 888 ab
3018 838 3119 890 illis
3163 842 3369 905 expulsi
3415 834 3627 902 sumus,
3672 844 3736 895 ab

2179 902 2292 955 istis
2322 903 2516 975 recepti
2545 905 2726 957 simus.
2765 907 2825 957 [st
2858 907 2953 957 hoc
2981 907 3135 958 modo
3160 902 3278 974 quia
3328 918 3381 962 et
3426 913 3654 975 pepulus
3685 924 3735 962 et

2177 983 2357 1038 gentes
2388 973 2536 1043 nobis
2560 975 2801 1040 subjecit,
2829 975 2974 1043 elegit
3020 973 3357 1040 assuuiendo,
3407 973 3565 1042 quam
3615 991 3734 1032 ante

2177 1043 2368 1108 saecula
2416 1042 2664 1108 elegerat,
2714 1042 3053 1105 diSponendo,
3104 1046 3442 1098 [nereditatem
3477 1064 3649 1108 suam,
3682 1062 3733 1100 et

2177 1107 2242 1160 de
2271 1109 2463 1181 Judzris
2500 1107 2642 1181 etde
2681 1113 2919 1181 gentibus
2956 1115 3092 1165 nobis
3121 1115 3448 1168 associando.
3497 1107 3730 1181 Exponit

2177 1192 2293 1254 qua:
2320 1180 2388 1230 sit
2415 1177 2497 1254 illa
2528 1177 2824 1254 hereditas,
2857 1183 3072 1254 scilicet,
3103 1185 3258 1251 elegit
3299 1188 3510 1254 speciem
3541 1177 3723 1248 Iacob,

2177 1245 2227 1319 i_d
2258 1258 2357 1319 est,
2389 1249 2528 1319 viros
2573 1245 2838 1319 speciosus
2882 1245 3210 1317 signiticaios
3250 1245 3340 1318 pei-
3380 1255 3578 1317 Jacob,
3608 1245 3724 1319 quia

2172 1311 2332 1366 Iacob
2361 1316 2554 1384 dilexit,
2586 1311 2724 1369 Esau
2753 1329 2917 1370 autem
2931 1311 3058 1372 “odio
3088 1311 3277 1372 habuii.
3310 1323 3420 1375 Duo
3448 1311 3588 1375 enim
3620 1311 3724 1374 ira-

2177 1391 2282 1437 tres
2311 1384 2517 1454 inerunt
2545 1389 2592 1437 in
2619 1397 2766 1439 utero
2790 1388 2990 1450 matris,
3021 1402 3310 1454 pugnantes
3340 1402 3392 1441 et
3414 1407 3471 1444 se
3503 1393 3723 1443 invicem

2175 1453 2501 1525 collidentes,
2531 1470 2774 1525 quorum
2821 1453 3039 1510 alterum
3086 1458 3223 1510 Deus
3271 1459 3451 1525 elegit,
3497 1463 3722 1512 alterum

2177 1522 2489 1588 reprobavit.
2523 1523 2586 1576 Et
2611 1527 2862 1590 accipitur
2888 1527 3037 1590 alter,
3068 1525 3117 1580 id
3147 1538 3246 1588 est,
3279 1522 3443 1582 Jacbb
3471 1529 3523 1582 in
3553 1531 3723 1582 omni-

2175 1590 2271 1643 bus
2303 1592 2468 1650 bonis,
2496 1593 2630 1644 alter
2658 1607 2778 1645 vero
2809 1594 2858 1646 in
2881 1597 3120 1648 omnibus
3145 1599 3318 1650 malis.

2243 1661 2479 1733 Ascendit
2508 1661 2683 1733 Deus
2706 1662 2756 1712 in
2800 1663 2988 1733 iubilo.
3025 1664 3180 1729 Quasi
3229 1667 3418 1733 aliquis
3467 1668 3666 1720 diceret
3706 1685 3716 1717 :

2174 1728 2448 1799 Quomodo
2473 1731 2628 1799 elegit
2658 1729 2792 1784 Deus
2823 1731 2953 1782 lianc
2980 1728 3334 1786 haireditateni
3357 1736 3379 1786 ἲ
3406 1737 3510 1788 lloc
3538 1737 3716 1799 modo,

2107 1817 2147 1873 Β
2175 1797 2541 1873 εείΙίοειηφιὶιι
2575 1798 2624 1873 in
2653 1801 2816 1873 ccelos
2838 1801 3076 1861 usaendit,
3099 1812 3151 1854 et
3174 1803 3293 1873 inde
3320 1803 3569 1864 Spiritum
3595 1797 3716 1861 san;

2173 1877 2313 1920 ctum
2345 1867 2505 1928 misit,
2533 1868 2618 1932 qui
2647 1867 2802 1919 corda
2851 1879 3025 1921 nostra
3073 1871 3422 1934 conﬁrmavit,
3457 1883 3509 1924 ιιι
3544 1875 3715 1936 populi

2169 1947 2222 1986 et
2250 1944 2428 2008 gentes
2456 1936 2840 2008 subjicerentur
2870 1937 3036 2008 nobis.
3070 1939 3154 2008 Sic
3189 1954 3398 2005 quoque
3445 1943 3713 1994 continua-

2173 2013 2256 2056 tur
2289 2022 2300 2055 :
2337 2004 2467 2057 Vere
2514 2005 2754 2056 Dominus
2801 2004 3044 2070 excelsus,
3070 2007 3187 2072 quia
3209 2004 3320 2074 iam
3352 2012 3572 2061 ascendit
3601 2013 3714 2061 illuc

2170 2089 2273 2136 quo
2298 2073 2441 2136 sequi
2473 2088 2573 2124 non
2622 2083 2898 2138 potuerunt.
2934 2077 3019 2140 qui
3059 2091 3175 2130 eum
3215 2073 3619 2131 cruciﬁxerunt.
3654 2081 3713 2130 Et

2173 2141 2270 2194 hoc
2301 2143 2352 2193 in
2375 2142 2557 2209 jnbilo,
2590 2141 2638 2192 id
2668 2150 2769 2211 est,
2802 2143 2852 2193 in
2884 2144 3132 2197 immensa
3180 2147 3357 2200 ltctitia
3409 2158 3463 2201 et
3506 2162 3712 2211 stupore

2169 2207 2549 2284 apostolorum,
2575 2220 2628 2263 et
2652 2207 2898 2262 Dominus
2927 2216 3176 2284 ascendit,
3219 2216 3270 2264 in
3312 2231 3428 2267 voce
3470 2207 3710 2284 angelice

2171 2282 2319 2350 tum.
2369 2281 2550 2346 Aiigcli
2596 2293 2816 2350 namque
2860 2281 3111 2350 consolati
3154 2293 3272 2334 sunt
3311 2281 3580 2350 apostolos
3607 2298 3707 2337 stu-

2171 2349 2335 2414 pidos,
2368 2359 2418 2399 et
2446 2365 2472 2398 a
2502 2362 2559 2402 se
2595 2348 2818 2416 quodam
2848 2349 3001 2401 modo
3028 2348 3370 2416 abalienatos,
3401 2355 3708 2407 ascendente

2172 2417 2602 2488 Durnium-quasi
2652 2419 2824 2488 dicant
2869 2417 3108 2486 :Corpus
3153 2422 3361 2488 quidem
3409 2423 3605 2474 tollitur
3647 2427 3709 2474 ab

2168 2487 2332 2556 oculis
2361 2488 2569 2556 vestris,
2609 2486 2699 2539 sed
2747 2487 2883 2539 Deus
2931 2503 3033 2540 non
3077 2486 3353 2556 separatur
3399 2505 3428 2542 a
3471 2493 3708 2545 cordibus

2168 2555 2375 2606 vestris.
2427 2555 2606 2608 Videte
2647 2557 3033 2618 ascendentem,
3073 2555 3269 2612 credite
3319 2560 3370 2610 in
3421 2561 3703 2618 absentem,

2166 2633 2374 2689 sperate
2403 2625 2692 2675 venientem
2719 2639 2808 2689 per
2833 2630 3086 2678 occultam
3110 2627 3546 2694 misericordiam,
3568 2644 3702 2682 sem-

2169 2707 2260 2758 per
2287 2694 2479 2744 seotite
2504 2707 2621 2744 eum
2655 2702 2982 2758 praesentem.

2239 2759 2451 2812 Psallite
2491 2759 2598 2813 Deo
2636 2772 2824 2814 nostra.
2856 2763 2980 2827 Quia
3011 2761 3258 2815 Dominus
3298 2765 3525 2817 excelsus
3547 2763 3703 2819 lactus

2163 2839 2244 2883 est
2273 2841 2324 2886 et
2359 2831 2610 2892 terribilis,
2639 2842 2686 2883 et
2719 2830 2824 2883 [lex
2858 2848 3064 2901 magnus
3096 2849 3247 2900 super
3273 2850 3472 2886 onmem
3507 2845 3701 2897 terram,

2165 2912 2312 2968 ergo,
2341 2914 2526 2953 omnes
2556 2910 2755 2966 gentes,
2781 2903 2979 2968 psallite
3007 2912 3059 2954 et
3085 2918 3249 2966 opere
3278 2915 3330 2955 et
3361 2919 3502 2955 voce.
3541 2904 3596 2954 Et
3625 2909 3700 2954 cui

2165 2967 2389 3021 debeant
2419 2971 2640 3034 psallere
2666 2967 2881 3036 expetiit
2912 2987 2926 3023 :
2957 2967 3166 3023 Psallite
3192 2970 3316 3034 Deo,
3348 2972 3565 3033 scilicet,
3601 2973 3700 3022 Deo

2167 3036 2306 3089 Patri
2354 3046 2546 3102 nostra,
2597 3040 2646 3090 id
2693 3048 2793 3105 est,
2843 3040 2992 3092 nobis
3034 3043 3277 3106 propitio.
3334 3040 3546 3093 Psellite
3580 3041 3700 3106 Regi

2169 3116 2356 3166 nostro,
2399 3108 2446 3159 id
2494 3119 2595 3170 est,
2639 3108 2793 3174 Filio,
2834 3108 3031 3175 psallite
3064 3119 3115 3161 el
3160 3110 3378 3174 Spiritui
3420 3120 3612 3161 sancto.
3646 3112 3701 3160 ιι

2165 3175 2366 3228 debetis
2411 3176 2655 3243 psallere,
2703 3180 2937 3244 quoniam
2980 3177 3114 3229 Deus
3159 3187 3241 3229 est
3288 3177 3395 3230 lica:
3425 3178 3585 3231 laetus
3617 3193 3699 3240 per

2160 3246 2507 3312 cognitionem
2535 3262 2636 3297 non
2671 3254 2870 3297 tantum
2893 3246 3211 3305 Judazornm,
3237 3248 3327 3299 sed
3359 3248 3516 3298 omnis
3539 3258 3693 3298 term.

2159 3313 2377 3379 Semper
2405 3316 2594 3381 quippe
2624 3314 2782 3379 Deus,
2819 3315 2940 3368 velit
2987 3316 3132 3377 nolit,
3179 3315 3315 3368 Deus
3352 3331 3440 3368 rex
3476 3326 3552 3368 est
3591 3321 3696 3367 uni-

2161 3397 2325 3435 versas
2365 3395 2549 3446 terra;
2597 3383 2710 3434 sed'
2739 3393 2909 3437 tamen
2954 3395 3074 3436 tunc
3118 3394 3315 3437 tantum
3355 3384 3462 3437 Res
3495 3387 3692 3444 dieitur,

2158 3452 2613 3520 quaiidoiregnare
2639 3456 2994 3520 Cognoscitur.
3051 3452 3196 3506 Unde
3222 3455 3346 3506 dicit
3378 3457 3532 3506 Isaias
3567 3472 3576 3502 :
3607 3454 3696 3515 Qui

2157 3524 2286 3572 eruit
2302 3529 2344 3570 te
2357 3519 2486 3572 Deus
2500 3519 2746 3571 vocabitur
2757 3522 2992 3575 universa
3007 3533 3170 3576 (errat.
3190 3523 3296 3575 Rex
3309 3567 3320 3584 ,
3332 3523 3344 3574 i
3355 3521 3696 3590 nquam,Deus

2157 3598 2257 3651 est,
2290 3604 2414 3657 ergo
2438 3590 2635 3659 psallite
2661 3607 2760 3642 non
2795 3593 3117 3659 insipienter,
3145 3594 3233 3645 sed
3264 3595 3527 3659 sapienter.
3574 3591 3695 3641 Insi-

2161 3661 2361 3722 pieiiter
2389 3675 2614 3726 namque
2642 3661 2926 3727 psallebant
2959 3665 3077 3714 dum
3107 3663 3243 3714 idola
3278 3664 3585 3718 adorabunt;
3617 3675 3695 3711 sa-

2158 3732 2358 3794 pienter
2378 3743 2648 3782 verouunc
2663 3730 2905 3795 psallunt,
2924 3731 3164 3795 quoniam
3185 3730 3485 3782 Creatorem
3505 3733 3691 3781 Colunt.

2230 3796 2473 3864 Regnabit
2527 3798 2682 3848 Deus.
2735 3797 2854 3848 ldco
2910 3799 3169 3864 sapienter
3224 3800 3543 3864 psallendum
3597 3811 3691 3852 εει.

2157 3868 2277 3931 quia
2312 3869 2446 3917 Deus
2475 3869 2718 3934 rvgnabit,
2753 3867 2798 3916 id
2831 3877 2930 3931 εει,
2964 3882 3182 3934 regnare
3202 3869 3532 3934 cognoscitur
3553 3883 3692 3933 super

2159 3950 2341 3986 omnes
2367 3945 2554 4002 gentes,
2580 3945 2632 3987 et
2661 3937 2701 3986 si
2733 3949 2834 3986 non
2866 3937 2914 3986 in
2944 3939 3104 4002 paleis
3124 3978 3137 4003 ,
3169 3938 3358 3990 saltem
3411 3938 3462 3989 in
3503 3940 3690 4001 grauis.

2158 4004 2306 4065 Quod
2349 4005 2514 4055 innuit
2539 4020 2657 4056 ειιιιι
2684 4005 2811 4056 dicit
2834 4006 2956 4071 quia
2987 4005 3122 4058 Deus
3161 4008 3296 4058 sedet
3332 4005 3438 4073 jam
3478 4004 3690 4070 disposi-

2161 4075 2320 4137 tiooe,
2349 4073 2549 4124 sedebit
2576 4076 2731 4126 etiam
2763 4075 2810 4124 iii
2845 4089 2900 4125 re
2927 4090 3076 4142 super
3098 4078 3259 4128 sedem
3289 4086 3506 4126 sanctam
3536 4090 3689 4128 suam.

2161 4144 2210 4193 id
2240 4153 2340 4202 est,
2372 4156 2526 4208 super
2550 4143 2748 4193 animas
2772 4142 3053 4208 justorum.
3087 4144 3383 4210 Praeparate
3411 4148 3580 4211 itaque
3611 4159 3693 4192 vos

2161 4211 2402 4282 Domino,
2431 4211 2613 4282 etipse
2639 4211 2840 4282 sedebit
2865 4213 2914 4282 iri
2947 4212 3094 4266 nobis
3119 4229 3235 4282 quia
3257 4215 3503 4268 Salomon
3534 4213 3654 4265 dicit
3681 4229 3690 4259 :

2159 4279 2340 4330 Anima
2363 4279 2489 4346 justi
2515 4287 2586 4328 est
2608 4277 2745 4329 sedes
2767 4281 3039 4343 sapientia’.

2230 4347 2492 4412 Principes
2517 4346 2836 4415 populorum.
2876 4347 3008 4402 Vere
3055 4350 3306 4403 Dominus
3355 4351 3586 4416 regnavit
3615 4363 3694 4398 su-

2163 4430 2253 4482 per
2296 4426 2497 4483 gentes,
2542 4416 2663 4477 quia
2713 4417 2984 4468 suscitahit
3021 4430 3202 4482 gentes
3238 4421 3307 4472 de
3349 4419 3600 4484 lapidibus
3647 4427 3694 4465 et

1233 4465 1537 4552 ἐέιίιὲἐιξιιῆ
1553 4465 1780 4541 ’ὄὲἴυῖ
1805 4465 2057 4555 (ῗιᾶἐέξῖὲέι
2089 4465 2135 4522 Ι)
2163 4465 2497 4537 laetatura;
2533 4465 2955 4555 stratagem
2972 4465 3208 4538 ειὲἷιῖἑιὶ
3237 4465 3385 4540 titius
3401 4465 3691 4552 tantum

2163 4555 2379 4620 loquens
2406 4568 2498 4620 per
2527 4568 2759 4620 praesens
2781 4555 2844 4606 de
2870 4554 3041 4607 futuro
3066 4573 3078 4606 :
3111 4555 3372 4618 Principes
3408 4557 3694 4622 populorum

2161 4624 2460 4690 gentilium,
2515 4624 2601 4690 qui
2644 4624 2869 4689 quandiu
2919 4625 3117 4689 lapidea
3175 4626 3332 4678 corda
3385 4625 3694 4680 habuerunt,

2162 4692 2440 4763 disgregati
2467 4707 2507 4763 _a
2556 4690 2662 4744 Deo
2706 4703 2875 4754 erant,
2909 4694 3064 4745 modo
3105 4706 3218 4745 sunt
3266 4695 3694 4763 congregati-ca-

2164 4760 2270 4810 Deo
2323 4761 2592 4821 Abraham,
2642 4763 2864 4826 scihCet,
2910 4765 3028 4814 laeti
3081 4764 3168 4814 lilii
3220 4760 3383 4827 ipsius
3422 4760 3696 4816 Abraham.

2164 4842 2506 4880 truncantem
2551 4833 2665 4894 ejus
2706 4841 2968 4894 gerentes,
2998 4833 3088 4883 sed
3138 4832 3291 4883 (idem
3343 4830 3608 4881 habentes.
3639 4828 3698 4879 Et

2165 4899 2262 4948 hoc
2292 4897 2408 4947 ideo
2450 4897 2641 4948 factum
2669 4908 2770 4959 est,
2803 4914 3034 4964 quoniam
3065 4901 3135 4950 dii
3163 4911 3328 4956 terrae,
3361 4899 3410 4948 id
3440 4908 3537 4959 est,
3573 4911 3694 4960 apo-

2163 4965 2306 5026 stoli,
2336 4966 2420 5031 qui
2452 4966 2609 5017 habiti
2636 4976 2756 5016 sunt
2783 4968 2928 5032 quasi
2956 4969 3024 5018 dii
3055 4969 3104 5018 in
3138 4980 3296 5029 terra,
3330 4967 3502 5033 fortes,
3531 4967 3580 5016 id
3602 4973 3695 5022 est.

2164 5036 2213 5086 in
2234 5036 2570 5087 tribulatione
2586 5044 2638 5086 et
2663 5037 3030 5099 praedicatione
3050 5037 3410 5099 persistentes,
3428 5045 3538 5086 sunt
3557 5036 3696 5084 relic-

2164 5115 2348 5155 menter
2376 5106 2573 5166 elevati,
2609 5104 2656 5154 id
2679 5116 2757 5155 est
2782 5142 2796 5164 ,
2842 5106 3078 5156 honorati
3106 5115 3159 5156 et
3182 5107 3397 5157 esaltati
3426 5145 3438 5164 ,
3471 5103 3696 5158 Domino,

2164 5173 2382 5233 scdicet,
2407 5183 2719 5241 cooperante,
2753 5181 2797 5223 et
2839 5188 3110 5224 sermonem
3141 5176 3468 5238 conﬁrmant:
3494 5185 3695 5234 εειιιειιο

2166 5243 2290 5291 tibus
2335 5243 2509 5306 signis.
2546 5241 2701 5291 Valde
2750 5255 2972 5308 namque
3013 5244 3178 5294 elatus
3213 5245 3400 5296 Petrus
3427 5250 3559 5298 erat,
3588 5252 3696 5308 ctuti

2165 5312 2318 5359 etiam
2346 5318 2512 5360 tactus
2541 5306 3060 5378 iiinbrzizejuslegros
3083 5314 3337 5378 erigebat.
3362 5313 3535 5374 Quare
3559 5306 3694 5374 priu—

2165 5379 2304 5441 cipes
2325 5377 2436 5442 ejus
2464 5377 2612 5429 facile
2639 5377 2990 5439 crediderunt,
3023 5390 3074 5432 et
3103 5377 3258 5432 tidem
3284 5395 3375 5445 per
3402 5394 3494 5431 eos
3521 5389 3696 5428 msce-

2168 5458 2369 5512 perunt.
2407 5445 2492 5496 Vel
2524 5446 2696 5505 aliter,
2728 5449 2872 5509 quasi
2921 5449 3058 5500 dicat
3107 5467 3119 5500 :
3160 5450 3280 5501 Ideo
3329 5449 3460 5498 tacta
3508 5455 3588 5497 est
3623 5457 3698 5496 re-

2167 5515 2611 5587 ceptiogentium,
2643 5519 2760 5580 quia
2801 5513 2936 5567 facta
2977 5528 3056 5568 est
3103 5518 3343 5587 expulsio
3381 5515 3696 5587 iudicaruntt

2168 5582 2313 5645 Quod
2343 5583 2507 5633 innuit
2537 5585 2716 5636 dicens
2749 5601 2759 5634 :
2793 5587 3036 5646 Quariiani
3064 5582 3244 5646 diipid
3273 5594 3373 5644 est,
3403 5584 3590 5646 Judaei,
3617 5582 3698 5647 qui

2171 5662 2377 5716 propter
2419 5655 2578 5717 legem
2623 5662 2678 5704 et
2720 5657 2998 5720 prophetas
3045 5656 3266 5706 aliorum
3315 5654 3698 5720 comparatione

2168 5730 2316 5771 ciant
2343 5735 2485 5789 quasi
2516 5723 2605 5787 dit,
2645 5726 2797 5790 fortes
2823 5734 2987 5787 terrw,
3024 5725 3071 5775 id
3109 5733 3208 5784 cst,
3242 5734 3618 5788 prxsuiiteutcs
3643 5723 3698 5770 ιιι
