3912 6230
155 402 266 456 7‘29

857 399 919 452 lN
961 397 1368 454 PSALMORUM
1407 394 1659 452 LIBRUM
1705 391 2059 449 EXEGESIS.
2103 424 2169 433 -—
2209 392 2454 448 PSALM.
2496 389 2702 446 XLVII.

3251 389 3352 447 750

154 512 470 568 terrenitate
499 526 613 572 sua,
645 510 711 564 dc
735 510 970 563 saeculari
1003 508 1206 561 scilicet
1237 508 1463 574 potentia
1494 515 1546 559 et
1586 503 1701 571 glo-
1735 507 1780 562 Α
1809 501 2018 574 cantici,
2069 500 2118 574 id
2141 508 2277 574 _est,_
2312 497 2975 574 Ιιδίῐηιιιιεᾐενεειιιιειιῖᾳηῖεῖ,ι
3009 505 3250 574 cantatur
3285 498 3351 553 de

155 584 257 644 ria,
287 593 404 634 sunt
430 582 603 634 elevati
640 581 962 644 vehementer,
996 579 1046 631 id
1071 587 1169 639 est,
1199 584 1392 632 tantum
1434 576 1706 642 superbie-

155 663 305 712 runt,
324 650 464 717 quod
489 650 742 702 medicum
765 650 851 717 qui
877 649 938 698 ad
959 648 1102 713 ipsos
1121 659 1326 717 venerat
1355 644 1708 717 necessarium

154 722 257 772 sibi
285 713 391 772 non
417 726 746 786 putaverunt,
776 713 829 770 et
867 717 986 769 ideo
1022 731 1138 768 eum
1180 715 1498 786 occiderunt.
1543 713 1605 786 Et
1634 714 1708 786 sic

155 788 289 840 illud
321 783 640 854 completum
662 795 775 840 est:
809 786 941 848 Quia
962 801 1023 838 ex
1042 795 1182 854 parte
1209 785 1412 855 contigit
1441 785 1636 838 carcitas
1656 783 1708 834 in

159 855 355 922 Israel,
389 867 440 909 ut
469 856 746 926 plenitudo,
768 865 870 908 etc.

609 963 676 1019 IN
713 963 1028 1020 PSALMUM
1065 963 1268 1016 XLVII.

288 1059 530 1113 Psalmus
555 1056 741 1112 cantici
777 1055 895 1108 ﬁliis
920 1054 1054 1108 Core
1076 1054 1302 1109 secunda
1331 1051 1563 1108 Sabbati.

755 1160 1126 1201 ABGUIENTUM.

228 1240 599 1295 Estimatione
640 1237 908 1292 hominum
939 1235 1285 1303 ignorantium
1318 1236 1498 1292 Deum.
1532 1250 1592 1286 ex
1627 1233 1708 1286 his

153 1326 277 1374 qua:
306 1312 358 1363 in
384 1311 597 1363 civitate
627 1317 871 1375 cperatus
899 1316 998 1366 est,
1034 1320 1251 1373 magnus
1286 1307 1543 1375 apparuit.
1573 1304 1706 1375 item

153 1379 414 1448 legendus
443 1389 517 1433 est
547 1379 610 1429 ad
640 1373 987 1445 Apocalypsin
1012 1375 1246 1440 Joannis,
1276 1374 1434 1442 ﬁgura
1466 1373 1709 1427 Ecclesia:

152 1446 531 1504 its—Jerusalem
561 1449 766 1500 luturre.

760 1548 1099 1588 EH’LANATIO.

225 1626 470 1678 Secunda
499 1624 704 1678 Sabbati
754 1634 824 1678 est
854 1624 1073 1675 secunda
1100 1621 1203 1675 dies
1247 1638 1277 1674 α
1319 1621 1560 1690 Sabbato,
1599 1638 1710 1690 qua:

149 1710 287 1746 nunc
317 1696 539 1746 secunda
568 1695 692 1755 feria
735 1702 959 1754 vocatur,
990 1693 1040 1745 in
1084 1709 1181 1760 qua
1207 1691 1308 1749 die.
1340 1692 1466 1743 sicut
1503 1689 1708 1745 Genesis

151 1774 356 1824 narrat,
390 1765 504 1830 fecit
537 1763 666 1814 Deus
695 1764 1064 1828 ﬁrmamentum
1085 1763 1144 1830 in
1175 1762 1338 1812 medio
1365 1776 1628 1827 aquarum,
1661 1771 1708 1814 et

149 1833 346 1884 vocavit
378 1828 503 1884 illud
522 1832 718 1892 coelum,
745 1833 827 1884 ubi
848 1841 1034 1883 sancta:
1060 1828 1294 1882 Ecclesia!
1315 1830 1555 1880 celsitudo
1575 1846 1708 1896 prtB-

156 1903 439 1967 ﬁguratur,
463 1917 572 1966 qute
593 1904 722 1952 relut
743 1903 870 1952 inter
891 1900 1154 1967 inferiores
1180 1909 1224 1949 et
1246 1900 1522 1967 superiores
1554 1915 1710 1966 aquas

153 1966 422 2034 suspensa,
469 1971 677 2036 inferior
723 1966 1219 2034 quidemanuelica:
1262 1966 1576 2036 sublimitati,
1629 1972 1713 2021 sed

155 2041 434 2091 mundana:
479 2035 548 2090 est
597 2040 967 2091 conversatione
1012 2037 1294 2089 sublimior.
1336 2035 1478 2089 Sicut
1519 2053 1634 2104 ergo
1664 2040 1713 2092 in

150 2109 396 2162 vicesimo
442 2108 582 2158 tertio
621 2109 815 2176 psalmo
860 2109 1020 2176 prima
1061 2105 1288 2170 Sabbati,
1337 2122 1433 2169 qua
1471 2106 1605 2172 facta
1642 2119 1715 2160 est

152 2178 268 2237 lita,
309 2177 716 2228 resurrectionem
759 2174 960 2228 Domini
996 2185 1342 2239 prarmonstrat
1385 2190 1492 2227 esse
1528 2188 1712 2229 canen-

151 2248 297 2304 tium,
332 2249 402 2297 sic
439 2255 484 2296 et
517 2247 566 2296 in
611 2247 840 2312 prttseuti
879 2250 1097 2297 secunda
1129 2245 1354 2304 Subbati,
1388 2260 1484 2306 qua
1511 2247 1713 2312 factum

151 2324 228 2364 est
261 2311 651 2379 ﬁrmamentum,
697 2313 936 2366 Ecclesia:
976 2314 1169 2364 culmen
1221 2315 1450 2364 ostendit.
1485 2311 1578 2364 Cui
1619 2316 1713 2380 ﬁlii

156 2381 315 2445 Core,
335 2384 387 2434 id
409 2393 499 2445 est,
527 2380 803 2435 Dominij
825 2383 1068 2450 passionis
1086 2384 1237 2450 Itujus
1261 2385 1438 2433 cantici
1462 2382 1712 2449 psalmum

152 2466 420 2505 resonant.
462 2451 526 2504 In
570 2453 730 2520 prima
767 2453 1012 2514 positione
1050 2451 1222 2503 laudes
1257 2451 1472 2502 Domino
1517 2454 1707 2514 dicunt,

154 2523 295 2585 quod
326 2520 605 2574 Ecclesium
641 2537 785 2573 suam
822 2522 1041 2572 dilatons
1078 2522 1267 2590 cunctis
1307 2531 1548 2573 tetrarum
1585 2527 1714 2590 regi—

159 2591 254 2642 bus
304 2590 577 2657 potentiam
620 2607 763 2644 suam
811 2590 1099 2642 ostenderit.
1152 2587 1218 2641 In
1263 2591 1482 2641 saeuiida
1528 2587 1714 2659 gratias

153 2669 320 2725 agunt
363 2661 422 2709 de
463 2662 680 2712 aduentu
725 2660 1022 2721 Saluatoris,
1071 2670 1434 2710 commonentes
1470 2662 1712 2713 antistites

155 2731 365 2792 futuros
415 2738 467 2778 ut
515 2729 707 2797 gradus
749 2731 802 2780 in
846 2729 1070 2780 Ecclesia
1113 2728 1436 2792 distribuant,
1476 2746 1563 2794 per
1590 2746 1714 2798 quos

157 2798 403 2849 Salvator
431 2799 581 2862 ponit
609 2799 830 2867 agnosci,
862 2799 950 2865 qui
979 2798 1192 2865 {amulos
1221 2813 1338 2850 suos
1379 2808 1564 2851 a'terna
1592 2816 1711 2866 pto-

155 2867 381 2920 tectione
405 2870 638 2918 custodit.

727 2973 1144 3012 COMMENTARIUS.

234 3047 460 3116 ﬂagitas
485 3046 731 3103 Dominus
761 3059 805 3102 et
829 3050 1116 3102 laudabilis.
1164 3049 1412 3104 Dominus
1451 3051 1585 3106 Deus
1616 3068 1710 3104 no-

158 3127 276 3169 ster
302 3132 396 3184 per
420 3118 806 3172 distinctionem
857 3135 1072 3184 opt-rum
1120 3133 1334 3172 suorum
1379 3121 1516 3171 aliud
1561 3123 1709 3172 nobis

156 3187 595 3257 ninotuit,_quatn
626 3189 734 3254 ipsa
764 3189 1068 3257 simpliciter
1096 3202 1276 3251 opera.
1321 3189 1529 3257 Legitur
1568 3191 1707 3243 enim

154 3256 209 3306 in
253 3255 390 3308 libro
412 3254 628 3308 Genesis
657 3272 747 3310 sex
777 3255 959 3310 diebus
988 3258 1290 3311 distinxisse
1317 3254 1471 3323 Opera
1499 3274 1609 3310 sua.
1646 3259 1711 3312 Et

155 3328 333 3390 prima
377 3325 463 3376 die
489 3324 610 3376 fecit
642 3326 830 3387 lucem,
863 3335 914 3378 et
941 3325 1115 3378 divisit
1140 3343 1254 3380 eam
1285 3342 1314 3378 a
1341 3329 1584 3380 tenebris.
1613 3328 1710 3382 Per

154 3393 303 3464 quod
336 3408 436 3446 nos
454 3394 602 3464 aliud
624 3411 777 3461 quam
805 3397 941 3464 quod
973 3395 1163 3449 factum
1191 3405 1270 3448 est
1299 3398 1585 3464 intelligere
1616 3413 1706 3449 v0-

156 3463 287 3525 luit;
325 3477 419 3526 per
451 3463 614 3516 lucem
646 3463 838 3531 quippe
864 3464 1024 3530 prima
1053 3466 1140 3519 die
1174 3467 1378 3527 iactam,
1411 3463 1708 3532 intelligen-

154 3534 287 3583 dutn
320 3541 400 3584 est
429 3533 565 3598 quod
593 3548 686 3598 per
709 3536 1148 3588 resurrectionem
1175 3535 1376 3588 Domini
1402 3538 1564 3588 nostri
1585 3536 1708 3590 Jesu

154 3599 364 3670 Christi
408 3599 539 3652 laeta
582 3602 730 3654 nobis
759 3603 842 3653 lux
875 3611 975 3663 est,
1022 3605 1137 3670 quia
1170 3607 1319 3656 (latus
1357 3615 1436 3658 est
1468 3605 1616 3658 nobis
1645 3608 1710 3660 de

157 3669 402 3724 tenebris
443 3672 505 3723 ad
554 3671 740 3732 lucem,
775 3671 840 3724 de
878 3669 1049 3723 morte
1072 3673 1135 3724 ad
1166 3674 1319 3723 vitam
1357 3677 1569 3726 reditus.
1612 3677 1711 3728 Per

155 3740 408 3791 eatiidem
453 3749 624 3794 autem
672 3741 860 3800 lucem,
893 3755 922 3792 a
963 3743 1192 3794 tenebris
1241 3743 1479 3799 divisam.
1523 3745 1711 3797 intelli—

149 3807 330 3874 genda
363 3819 444 3862 est
469 3811 987 3878 separatio_lidolium
1027 3820 1079 3862 et
1114 3812 1420 3864 inlidelium.
1447 3813 1542 3878 Qui
1570 3816 1708 3867 enim

152 3873 400 3950 credunt
431 3879 480 3930 in
522 3873 749 3931 inortetil
769 3880 1068 3950 Christi,et
1096 3880 1208 3946 ejus
1253 3873 1706 3950 rcsorreEIionem,

152 3955 209 3996 et
235 3947 458 4010 similia,
487 3958 608 4001 sunt
639 3952 724 4016 luit
755 3966 781 4000 a
815 3947 1041 4001 tenebris
1080 3963 1339 4015 separata.
1375 3954 1504 4016 Quia
1541 3954 1604 4003 de
1631 3947 1711 4006 his

152 4016 287 4066 dicit
318 4018 599 4081 Apostolus
635 4035 646 4068 :
682 4013 869 4069 Fuistis
904 4013 1173 4083 aliquando
1207 4013 1432 4080 tenebrti',
1458 4037 1588 4071 nunc
1612 4038 1709 4074 au-

153 4098 256 4135 tem
279 4086 375 4136 lus:
401 4086 453 4136 in
484 4085 716 4139 Domino.
753 4087 804 4138 In
837 4087 1144 4140 inﬁdelitate
1175 4103 1295 4140 vero
1324 4100 1708 4153 pernumentes,

157 4155 402 4207 tenebrae
428 4165 566 4224 sunt.
603 4156 666 4206 Et
704 4158 768 4208 de
816 4156 913 4208 hoc
959 4159 1167 4224 negotio
1197 4159 1374 4223 primae
1401 4159 1502 4210 dici
1529 4159 1711 4212 habui—

157 4235 284 4276 mus
316 4223 562 4293 superius
593 4226 845 4287 psalmum
887 4227 1164 4292 quemdam
1200 4230 1249 4279 in
1281 4229 1445 4292 prima
1477 4229 1707 4293 Sabbati,

154 4294 367 4364 scilicet
398 4292 605 4364 Domini
626 4303 695 4345 est
727 4302 856 4345 terra
885 4305 926 4346 et
955 4297 1210 4363 plenitudo
1239 4300 1368 4364 ejus,
1397 4301 1528 4348 orbis
1554 4292 1712 4349 terra-

154 4379 297 4415 rum.
334 4362 390 4415 In
415 4363 642 4415 secunda
675 4379 798 4417 vero
826 4365 910 4417 die
945 4362 1180 4426 Sabbati,
1217 4362 1270 4417 id
1296 4377 1397 4427 est,
1432 4368 1480 4419 in
1510 4368 1592 4417 die
1624 4383 1708 4421 se-

154 4433 332 4483 cunda
366 4431 490 4484 fecit
520 4431 654 4484 Deus
686 4433 1090 4496 liriiiaitientum,
1122 4446 1174 4486 et
1218 4435 1467 4487 stabilivit
1508 4437 1629 4487 illud
1659 4441 1706 4488 itt

157 4501 340 4552 medio
371 4515 644 4567 aquarum,
681 4493 770 4569 per
815 4505 951 4570 quod
985 4477 1366 4555 tirnlainetitutn
1409 4505 1709 4570 designatur
1741 4477 1788 4534 Β

160 4571 426 4632 ι·;εειεεὶε,
466 4584 656 4634 corpus
688 4573 821 4623 illius
849 4573 1053 4638 capitis,
1084 4573 1150 4624 de
1175 4587 1276 4639 quo
1317 4575 1542 4637 pSalmus
1575 4589 1707 4638 pra:-

152 4640 362 4709 cedens
395 4639 636 4709 inprima
669 4641 878 4692 Sabliati
911 4643 1156 4708 loquitur.
1182 4645 1306 4706 Qua:
1338 4644 1562 4694 Ecclesia
1585 4657 1709 4709 pro-

161 4708 282 4770 prie
313 4708 570 4774 aet-ipitur
599 4709 649 4759 in
680 4723 894 4773 Sanctis,
925 4714 1010 4776 qui
1053 4727 1154 4762 non
1185 4711 1333 4764 l'acde
1376 4712 1565 4764 cedunt
1587 4708 1710 4764 teti-

157 4776 457 4830 tationibus
508 4777 662 4843 hujus
712 4779 912 4831 strenu.
965 4779 1074 4838 Soli
1125 4783 1262 4834 enim
1311 4783 1632 4834 corroborati
1665 4787 1712 4835 in

163 4846 298 4918 lide,
329 4846 610 4918 etlundati
661 4848 711 4899 in
750 4850 1026 4918 fcliaritate,
1059 4851 1215 4917 digne
1253 4853 1582 4918 appellantur
1621 4867 1714 4903 no-

165 4913 316 4966 mine
368 4915 701 4968 ﬁrmamenti.
749 4917 820 4970 De
867 4920 1053 4982 quibus
1082 4913 1205 4971 dicit
1249 4913 1566 4985 A'p'ostolus;
1605 4920 1710 4971 Nos

160 4985 305 5055 [irini
344 4986 656 5055 inﬁrmorum
703 4987 1043 5051 inﬁrmitatem
1089 4992 1332 5040 sustinere
1380 5000 1589 5055 oportet.
1640 4990 1711 5043 De

166 5053 411 5104 Ecclesia
453 5069 658 5118 quoque
702 5057 818 5107 alibi
865 5058 988 5109 dicit
1026 5074 1040 5108 :
1085 5057 1308 5110 Ecclesia
1356 5053 1446 5110 Dei
1484 5059 1594 5120 rivi,
1625 5076 1708 5109 co—

164 5123 423 5192 lumnaet
450 5126 819 5184 [ii-maiiientum
849 5129 1078 5179 veritatis.
1117 5128 1180 5178 lit
1216 5137 1377 5178 totum
1421 5137 1620 5192 tempus
1650 5131 1714 5180 ali

161 5191 484 5266 ascensione
531 5192 730 5246 Domini
781 5209 941 5262 usque
984 5195 1050 5248 ad
1105 5211 1428 5248 Communem
1479 5191 1713 5266 omnium

161 5265 612 5312 resuirecltonem
668 5272 838 5328 potest
885 5269 1054 5318 vocari
1103 5269 1328 5318 secunda
1377 5265 1606 5317 sabbati.
1660 5269 1710 5317 in

160 5345 272 5396 quo
309 5339 540 5401 t--ttipore
573 5346 661 5401 per
692 5335 955 5397 apostolos
976 5345 1026 5386 et
1057 5350 1324 5401 prxciiiies
1355 5349 1560 5386 Sanctus
1591 5351 1712 5386 con-

161 5399 408 5450 stituitur
434 5399 530 5450 lioc
561 5400 961 5462 lirmamentuiti,
997 5399 1181 5464 idest,
1219 5404 1470 5464 Ecclesia,
1502 5416 1552 5453 ct
1583 5420 1710 5453 cuii--

163 5469 432 5519 solidatur
461 5469 509 5538 in
543 5471 712 5521 llli‘dlt)
740 5485 1008 5537 aquarum,
1043 5473 1092 5524 id
1122 5481 1219 5536 est,
1272 5489 1352 5523 ina
1379 5488 1547 5536 orum,
1589 5490 1713 5538 quo-

160 5551 285 5588 rum
322 5536 666 5590 amaritudine
694 5542 1044 5593 circumdatur
1087 5543 1330 5607 undique.
1379 5541 1448 5592 De
1496 5536 1713 5592 huc-lir-

162 5617 442 5677 malll‘Clllt)
495 5623 595 5656 non
628 5609 971 5675 signiﬁcante,
1003 5612 1092 5662 sed
1125 5610 1433 5677 significato,
1468 5626 1634 5677 agitur
1667 5629 1712 5661 Ill

160 5677 268 5727 hoc
307 5673 532 5726 l’salnio.
563 5673 716 5742 Cujus
745 5681 921 5731 titulus
950 5673 1027 5733 cst
1060 5697 1071 5729 :
1102 5673 1332 5732 SeEunda
1366 5673 1570 5732 Sublimi
1607 5683 1712 5730 laus

158 5746 351 5798 comici
401 5744 518 5808 [iliis
560 5745 696 5798 Core.
751 5750 895 5814 Quod
939 5751 1014 5804 sic
1063 5751 1360 5817 intelligitur
1398 5769 1405 5799 ;
1439 5749 1571 5803 Laus
1618 5763 1711 5802 ista

1810 571 2035 622 secunda
2069 570 2305 632 Sabhati,
2336 565 2383 620 id
2406 579 2506 632 est,
2533 572 2597 620 de
2623 568 2776 620 rebus
2807 565 3113 633 signiﬁcatis
3143 581 3236 630 per
3266 583 3350 620 res

1810 647 2014 691 creatas
2065 639 2114 689 in
2164 638 2389 691 secunda
2440 637 2675 696 Sabbati.
2724 635 3022 702 propositus
3071 637 3188 687 liliis
3217 636 3352 689 Core

1811 707 2018 769 futuris,
2068 709 2115 758 id
2156 715 2254 769 est,
2297 707 2539 758 erunibus
2567 707 2860 772 quicunque
2901 705 3187 756 imitatores
3228 720 3348 768 pas-

1809 777 1970 826 sionis
2000 776 2187 827 Chriszi
2216 790 2333 828 esse
2359 776 2634 835 voluerint,
2665 784 2720 826 ut
2751 774 2913 843 magis
2941 784 2991 825 et
3035 773 3195 838 magis
3229 787 3348 843 pro—

1811 843 2006 896 ﬁciunt.
2040 845 2097 896 Et
2138 853 2218 896 est
2247 858 2342 896 vox
2376 843 2662 908 prophetae,
2697 845 2772 894 vel
2823 842 3076 908 cujusque
3129 842 3342 906 perfecti

1810 913 1875 964 de
1906 914 2060 978 priori
2104 913 2307 979 populo,
2343 913 2703 978 cognoscentis
2737 926 2826 976 per
2863 912 3109 976 Spiritum
3149 909 3344 962 consti-

1811 984 2055 1034 tuendam
2084 997 2201 1034 esse
2236 982 2541 1046 Ecclesium,
2572 991 2622 1033 et
2651 981 2979 1032 exhortantis
3011 992 3122 1040 nos,
3154 993 3217 1030 ne
3255 992 3348 1030 nos

1810 1052 2196 1112 sublrahamus,
2247 1051 2370 1112 imo,
2418 1050 2586 1117 quoad
2617 1064 2912 1116 possumus,
2947 1048 2997 1100 in
3042 1050 3139 1100 hoc
3181 1047 3348 1099 mdili-

1809 1119 1944 1169 cium
1977 1120 2173 1186 ingredi
2205 1119 2449 1181 nitamur,
2481 1132 2534 1172 ut
2563 1118 2662 1170 vivi
2712 1119 2941 1184 lapides,
2987 1118 3026 1168 si
3069 1132 3170 1169 non
3215 1131 3345 1184 qua-

1809 1187 1966 1249 drati,
1995 1188 2179 1239 Saltem
2209 1189 2597 1254 qualescunque
2623 1189 2672 1239 in
2701 1203 2764 1241 eo
2790 1187 2992 1240 liamus.
3024 1187 3352 1251 Quapropter

1813 1257 2100 1322 ingreditur
2146 1257 2514 1309 commendare
2559 1258 2654 1307 hoc
2685 1255 2987 1318 :L‘lllllCllllll,
3027 1256 3206 1306 dicens
3238 1257 3303 1304 ita
3338 1273 3348 1304 :

1812 1323 2056 1377 Dominus
2084 1324 2233 1378 Pater
2261 1325 2462 1378 futurus
2490 1335 2570 1378 est
2598 1341 2825 1392 magnus.
2853 1325 2899 1374 id
2922 1333 3023 1392 est,
3050 1323 3353 1392 magniﬁcus

1811 1408 1906 1471 per
1951 1395 2088 1471 bona
2128 1409 2316 1471 opera,
2359 1393 2546 1471 nonin
2594 1391 3027 1471 Baliylonia,_sed
3065 1392 3116 1441 in
3159 1391 3352 1471 civitate

1811 1461 1906 1513 Dei
1935 1463 2108 1515 nostri.
2150 1460 2423 1517 Civitatem
2474 1465 2558 1516 hic
2602 1460 2788 1526 accipit
2818 1461 3178 1515 collectionem
3223 1460 3352 1512 lide-

1811 1531 1955 1592 lioin,
1987 1531 2035 1583 id
2061 1540 2159 1594 est,
2195 1534 2504 1595 Ecclesium,
2537 1547 2653 1599 quas
2680 1542 2758 1586 est
2797 1532 2978 1584 civitas
3023 1529 3116 1582 Dei
3163 1530 3352 1599 nostri,

1812 1614 1904 1662 per
1930 1609 2155 1652 nostram
2182 1609 2418 1654 naturam
2441 1597 2700 1664 sumptam
2725 1601 2867 1663 iacti,
2894 1603 3012 1667 quia
3037 1602 3262 1664 pertinet
3287 1597 3352 1650 ad

1813 1668 2038 1720 Verbum
2075 1669 2418 1722 incariiatnm.
2444 1669 2507 1721 Et
2535 1670 2786 1724 Dominus
2815 1672 2973 1723 etiam
3020 1668 3225 1721 futurus
3267 1676 3349 1719 est

1811 1738 1976 1798 nimis,
2005 1737 2055 1790 id
2101 1748 2199 1802 est,
2232 1740 2382 1792 valde
2414 1739 2700 1801 laudabilis,
2733 1754 2852 1791 cum
2898 1752 2995 1791 nec
3038 1736 3351 1802 cogitatione

1813 1808 2122 1878 apostatabit
2166 1810 2216 1859 in
2243 1819 2424 1878 iiiionte
2451 1818 2620 1860 sancto
2645 1812 2773 1878 ejus,
2803 1809 2851 1859 id
2893 1816 2993 1869 est,
3030 1806 3080 1857 in
3121 1805 3349 1864 Christo,

1812 1875 1898 1939 qui
1928 1884 2085 1940 caput
2114 1887 2192 1928 est
2240 1877 2392 1941 hujus
2435 1875 2678 1930 civitatis.
2728 1879 2787 1927 Et
2825 1884 2904 1928 est
2952 1888 3101 1926 mons
3143 1883 3356 1925 sanctus

1810 1945 2110 1999 conscissus
2138 1946 2202 1998 de
2229 1956 2424 2008 monte,
2451 1946 2498 1998 id
2528 1957 2629 2008 est,
2661 1955 2809 1998 natus
2832 1945 2895 1995 de
2923 1941 3138 1995 Judaico
3167 1946 3355 2008 populo

1812 2015 1924 2066 sine
1977 2013 2215 2066 tnanibns
2261 2015 2674 2079 concidentium,
2714 2014 2766 2066 id
2813 2022 2916 2077 est,
2966 2012 3078 2065 sine
3116 2012 3355 2062 manibus

1811 2081 2286 2149 complectentium.
2321 2085 2478 2137 Maria
2519 2086 2678 2148 enim,
2720 2084 2784 2138 de
2814 2099 2912 2149 qua
2940 2092 3090 2134 natus
3117 2089 3220 2141 est,
3251 2095 3353 2131 non

1812 2153 2053 2214 cognovit
2091 2153 2290 2217 virum;
2325 2153 2407 2206 hic
2428 2160 2599 2205 autem
2633 2168 2783 2205 mons
2812 2153 2976 2204 crevit
3004 2160 3056 2202 ct
3083 2149 3251 2202 lactus
3273 2159 3354 2200 est

1814 2233 2030 2286 magnus
2079 2237 2246 2284 mons,
2299 2232 2350 2273 et
2396 2223 2625 2285 implevit
2667 2224 2960 2273 universam
3003 2229 3214 2273 terram.
3244 2218 3354 2270 Non

1811 2289 1883 2340 sis
1909 2303 2033 2354 ergo
2064 2290 2206 2356 piger
2229 2292 2513 2344 ascendere
2544 2295 2594 2342 in
2633 2292 2770 2343 hunc
2799 2301 3051 2353 montem,
3084 2293 3201 2353 quia
3245 2288 3356 2352 ipse

1813 2372 1913 2408 non
1947 2357 2043 2410 fuit
2074 2360 2250 2411 tardus
2279 2364 2455 2412 venire
2495 2359 2558 2412 ad
2589 2371 2637 2412 te
2667 2358 3037 2412 dormientem.
3067 2356 3178 2408 Non
3211 2359 3349 2408 enim

1810 2437 2016 2492 oportet
2043 2436 2093 2481 te
2120 2427 2380 2492 laborare,
2402 2429 2484 2481 vel
2513 2427 2852 2495 peregrinari,
2880 2440 2931 2479 ut
2963 2429 3100 2478 hunc
3122 2435 3353 2495 montem

1814 2497 2071 2561 invenias,
2101 2498 2194 2550 sed
2217 2498 2260 2550 si
2287 2500 2423 2553 hunc
2449 2493 2678 2551 montem
2712 2513 2813 2550 non
2842 2496 3102 2560 ascendis,
3125 2502 3180 2549 et
3208 2493 3259 2547 in
3287 2507 3350 2546 eo

1812 2566 2172 2636 noiiprolicis,
2202 2579 2320 2620 tunc
2351 2583 2474 2621 vero
2499 2571 2801 2636 peregrinus
2829 2567 2951 2622 eris.

1881 2633 2150 2687 Fundutur
2177 2632 2524 2690 exsultatione.
2569 2632 2680 2689 Duo
2711 2640 2903 2704 posuit,
2929 2635 3212 2700 civitatem,
3240 2632 3346 2686 sci-

1813 2703 1953 2766 licet,
1988 2717 2040 2757 et
2081 2716 2309 2758 montem
2339 2716 2573 2759 sanctum
2602 2703 2735 2773 ejus.
2781 2708 2932 2760 Modo
2977 2705 3194 2773 primum
3238 2712 3356 2773 aget

1813 2773 1877 2841 de
1901 2775 2133 2837 civitate,
2174 2777 2450 2841 postmodo
2495 2771 2724 2841 aget'de
2772 2771 2988 2840 moote,
3016 2774 3194 2826 dicens
3237 2771 3306 2825 ita
3341 2790 3354 2824 :

1812 2840 1990 2894 Civitas
2016 2845 2144 2908 regis
2173 2840 2360 2911 magni.
2384 2840 2545 2911 Cujus
2572 2845 2687 2910 quia
2717 2859 2933 2911 magnus
2957 2857 3198 2911 magnam
3223 2856 3354 2893 con-

1813 2910 1961 2964 decet
1988 2927 2104 2966 esse
2132 2908 2422 2975 civitatem,
2447 2908 2688 2978 fundatur
2713 2915 2778 2965 ali
2800 2908 3144 2970 exsultatione,
3175 2908 3226 2962 id
3250 2920 3352 2972 est,

1812 2981 1878 3029 ab
1906 2982 2338 3034 exsultationibus
2367 2983 2604 3033 universa:
2635 2990 2796 3033 terrtc.
2842 2981 3024 3032 Nullus
3065 2982 3202 3031 enim
3231 2991 3352 3030 vere

1813 3053 2062 3111 exsultat,
2090 3052 2185 3102 nisi
2213 3052 2298 3118 qui
2327 3053 2376 3103 in
2403 3052 2506 3103 Deo
2529 3051 2768 3103 exsultat.
2797 3050 2859 3102 Et
2881 3049 3232 3118 ostenditboc
3260 3060 3353 3118 per

1816 3131 2006 3187 partes,
2048 3115 2265 3183 scilicet,
2295 3122 2413 3187 quia
2461 3135 2601 3172 mons
2642 3122 2785 3180 Sion,
2817 3120 2867 3172 id
2908 3129 3010 3183 est,
3039 3116 3247 3185 quidam
3291 3115 3356 3166 de

1809 3185 2026 3249 Judasis,
2058 3191 2144 3256 qui
2168 3185 2409 3242 dicuntur
2435 3207 2572 3242 mons
2604 3189 2748 3251 Sion,
2781 3191 2828 3241 id
2879 3201 2979 3249 εει,
3012 3204 3146 3238 mons
3177 3199 3352 3252 specu-

1812 3255 2033 3320 lationis,
2078 3255 2290 3323 propter
2337 3259 2578 3326 legalium
2624 3259 3031 3320 observantiam,
3081 3267 3202 3326 sunt
3241 3256 3353 3305 ciiii-

1811 3332 1885 3375 tas
1928 3327 2054 3393 regis
2101 3327 2291 3392 magni,
2335 3325 2452 3393 quia
2497 3328 2629 3379 alter
2675 3331 2842 3392 paries
2890 3339 3027 3378 sunt.
3087 3325 3150 3377 Et
3203 3327 3357 3375 latera

1812 3394 2069 3461 Aquilonis
2116 3403 2237 3447 sunt
2276 3397 2430 3465 etiam
2482 3397 2670 3465 civitas,
2703 3399 2831 3465 regis
2881 3397 3067 3460 magni,
3115 3396 3232 3460 quia
3281 3405 3355 3465 al-

1813 3472 1890 3514 ter
1919 3467 2088 3530 paries
2120 3474 2258 3517 sunt.
2315 3464 2492 3516 Latera
2536 3464 2783 3531 aquilonis
2821 3475 2942 3515 sunt
2993 3465 3226 3515 homines
3265 3464 3358 3513 de-

1810 3534 2153 3598 speratissimi
2202 3535 2266 3586 de
2315 3536 2554 3601 gentibus
2599 3533 2685 3599 qui
2741 3535 2968 3585 maxime
3021 3533 3355 3601 adhaeserunt

1809 3602 2054 3670 Aquiloni
2081 3606 2150 3657 illi
2178 3605 2262 3670 qui
2293 3600 2421 3655 dixit
2448 3621 2459 3654 :
2495 3602 2689 3654 Ponant
2717 3603 2879 3654 sedent
2912 3618 3069 3652 meam
3100 3600 3165 3650 ad
3198 3600 3350 3662 Aqui-

1810 3669 1995 3734 lonem,
2027 3685 2073 3724 et
2097 3689 2178 3723 era
2201 3669 2384 3724 similis
2412 3674 2682 3724 Altissimo.
2728 3670 2781 3723 lii
2809 3672 2997 3739 quibus
3027 3673 3138 3736 quia
3176 3683 3348 3736 super-

1809 3740 2079 3792 abundant
2107 3742 2362 3806 iniquitas,
2394 3743 2592 3809 refrixit
2622 3741 2864 3804 charitas,
2897 3745 3031 3807 quod
3084 3750 3226 3792 recte
3265 3752 3355 3809 per

1810 3810 2117 3875 Aquilonem
2170 3808 2490 3878 intelligitur.
2542 3812 2731 3877 Aquilo
2786 3827 3009 3878 namque
3059 3808 3356 3863 contrarius

1813 3893 1996 3930 ventus
2036 3879 2214 3931 ωιιιιεε
2257 3882 2417 3946 plaga:
2465 3881 2792 3932 meridionali
2840 3892 2938 3942 est,
2972 3882 3092 3944 quia
3145 3878 3357 3945 frigidus

1811 3957 1912 4016 est.
1946 3948 2011 3998 Et
2041 3949 2159 4000 ideo
2189 3949 2236 3999 in
2267 3950 2523 4016 Aquilone
2550 3951 2787 4001 diabolus
2818 3960 2868 4002 et
2895 3964 3074 4001 omnes
3106 3948 3272 4014 frigidi
3307 3949 3354 3998 in

1813 4015 2065 4069 cliaritate
2105 4015 2483 4084 intelliguntur,
2515 4022 2599 4083 qui
2644 4020 2838 4069 sanctis
2882 4031 3029 4077 Viris,
3061 4020 3146 4082 qui
3179 4030 3355 4067 verum

1811 4088 1974 4137 solem
2002 4085 2219 4152 onlllliB
2263 4083 2472 4151 scruper
2518 4097 2826 4151 praesentem
2863 4087 3072 4147 habent,
3105 4083 3354 4136 contrarii

1811 4166 1951 4207 sunt.
1989 4156 2059 4206 De
2089 4155 2170 4206 liis
2196 4158 2353 4207 etiam
2402 4157 2495 4205 l'uit
2536 4155 2669 4206 littus
2717 4157 2802 4206 ille
2828 4158 2932 4221 qui,
2962 4157 3194 4204 devorata
3246 4153 3358 4204 sub-

1810 4229 1995 4276 stantia
2020 4241 2109 4276 sua
2139 4241 2251 4276 cum
2283 4224 2636 4284 meretricibus,
2681 4225 2802 4274 abiit
2845 4228 2894 4274 in
2939 4225 3184 4289 regionem
3210 4223 3360 4273 dissi-

1812 4296 2142 4359 militudinis,
2194 4303 2238 4345 et
2284 4292 2498 4345 adlttesit
2545 4295 2640 4344 uni.
2676 4295 2887 4361 principi
2933 4294 3069 4343 illius
3116 4293 3354 4359 rrgioni's,

1811 4366 2076 4428 Aquiloni,
2119 4363 2348 4426 scilicet;
2381 4364 2466 4415 sed
2517 4362 2714 4414 tandem
2758 4379 2977 4414 revers.:s
3026 4364 3090 4412 ad
3129 4377 3201 4420 se,
3235 4362 3354 4422 quia

1812 4435 1965 4485 etiam
2015 4435 2247 4487 Ecdesia
2293 4435 2358 4485 de
2402 4432 2836 4499 desperatissimis
2887 4442 2938 4483 et
2993 4428 3357 4496 perditissimis

1813 4503 2168 4554 conszituenda
2214 4511 2346 4565 erat,
2373 4502 2500 4552 dixit
2532 4518 2543 4549 :
2579 4500 2816 4567 Surgam,
2861 4510 2906 4550 et
2938 4501 3013 4550 ibo
3054 4500 3118 4550 ad
3158 4508 3357 4564 patrem

1815 4586 1992 4632 meum,
2026 4582 2127 4623 etc.
2161 4571 2295 4621 Ecce
2327 4573 2574 4621 redeunte
2603 4571 2722 4630 isto,
2745 4571 2847 4621 duo
2876 4570 3071 4636 pepuli,
3101 4583 3219 4621 ecce
3241 4568 3348 4616 duo

1815 4649 2036 4705 parietis
2086 4640 2349 4692 Ecclesiae.
2403 4639 2500 4690 l’er
2550 4640 2691 4690 illum
2740 4655 2879 4691 enim
2923 4642 3007 4708 qui
3053 4639 3359 4698 revertitur,

1813 4709 2019 4775 gentilis
2072 4709 2288 4775 populus
2337 4709 2659 4774 intelligitur,
2696 4712 2779 4775 qui
2823 4711 2952 4761 adeo
2993 4724 3022 4759 a
3073 4718 3214 4772 patre
3253 4719 3348 4756 suo

1816 4788 2125 4838 recesserat,
2177 4775 2312 4840 quod
2356 4776 2508 4827 etiam
2557 4777 2689 4827 idola
2737 4778 3004 4829 adorabat.
3046 4777 3152 4838 _l’cr
3207 4775 3350 4826 llllllll

1819 4864 1937 4898 \‘t'l'u
1966 4849 2050 4913 qui
2079 4862 2194 4896 cum
2227 4858 2372 4910 patre
2420 4846 2628 4904 mansit,
2663 4847 2905 4897 Judaicus
2955 4847 3173 4911 populus
3213 4844 3351 4895 desi-

1816 4930 2023 4983 gnatur,
2056 4928 2390 4978 perseverans
2424 4914 2472 4965 in
2506 4915 2753 4965 lllSlllllllS
2782 4915 3049 4980 legalibus,
3080 4929 3137 4965 ex
3165 4916 3356 4980 quibus

1819 4993 2017 5037 dit-ditis
2043 4983 2320 5035 constituta
2351 4991 2430 5034 est
2465 4985 2712 5045 Ecclesia,
2739 4991 2788 5033 et
2811 4999 2949 5033 ntons
2971 4984 3092 5034 Sion
3121 4998 3169 5034 et
3196 4985 3350 5032 latera

1818 5055 2072 5119 Aquilonis
2117 5063 2237 5104 sunt
2284 5053 2454 5103 civitas
2494 5053 2621 5117 regis
2669 5053 2853 5118 magni.
2905 5052 3102 5103 llahcnt
3142 5053 3346 5114 quidam

1819 5126 1952 5178 libri.
1982 5124 2167 5174 Montis
2193 5124 2339 5183 Sion,
2365 5122 2499 5185 quod
2526 5124 2600 5172 sic
2623 5120 2942 5171 construitur
2973 5140 2985 5173 :
3018 5121 3197 5171 civitas
3236 5121 3347 5169 lun-

1816 5194 1964 5243 datur
1996 5195 2059 5242 ab
2089 5194 2430 5245 exsultatione
2481 5196 2735 5240 universa:
2784 5201 2954 5251 terra},
2987 5191 3172 5240 montis
3201 5188 3347 5249 Sion,

1821 5264 1866 5312 id
1898 5272 1998 5320 est,
2030 5264 2094 5313 ab
2134 5265 2215 5314 his
2243 5262 2325 5327 qui
2371 5261 2434 5310 de
2476 5259 2670 5310 Jollass
2698 5272 2934 5310 c0nversi
2980 5260 3254 5327 exsultant.
3288 5259 3351 5306 ist

1819 5332 1931 5380 ideo
1958 5341 2099 5392 ponit
2125 5326 2359 5382 numerate
2389 5339 2551 5391 terra’,
2571 5343 2700 5382 cum
2740 5332 2808 5378 de
2838 5328 2952 5377 Solis
2989 5326 3182 5377 .ludicis
3212 5335 3350 5388 agat,

1817 5417 1932 5462 quia
1969 5413 2097 5450 inter
2132 5404 2269 5464 ipsos
2297 5399 2505 5450 ludicris
2545 5397 2782 5461 quaedam
2824 5397 2984 5445 tribus
3026 5396 3344 5464 desperatis-

1817 5471 1959 5519 sitim:
1991 5462 2160 5529 erant,
2196 5482 2248 5519 ut
2278 5471 2438 5518 tribus
2468 5467 2754 5529 llenjainiii,
2789 5467 2850 5514 de
2889 5479 2983 5527 qua
3023 5462 3120 5513 luit
3166 5463 3351 5514 Saulus

1818 5552 1868 5590 et
1897 5552 2077 5588 omnes
2109 5540 2366 5600 principes
2395 5538 2529 5586 illius
2557 5536 2748 5598 populi.

1892 5605 2019 5654 Deus
2063 5598 2116 5656 iii
2153 5598 2398 5658 domibus.
2452 5605 2616 5666 Mons,
2662 5614 2888 5665 inquam,
2922 5598 3044 5651 Sion
3091 5610 3142 5650 et
3199 5601 3352 5652 lutcru

1819 5676 2072 5738 Aquilonis
2101 5687 2219 5726 sont
2244 5680 2408 5726 cititas
2440 5675 2566 5738 regis
2595 5673 2780 5736 mugiit.
2814 5674 2872 5720 lat
2896 5669 2989 5718 lioe
3021 5670 3192 5730 modo,
3230 5688 3359 5720 Imitt.

1819 5752 2146 5812 Cognoscctui
2167 5785 2178 5806 ,
2211 5746 2256 5794 id
2283 5755 2378 5806 est,
2407 5757 2498 5810 per
2523 5740 2783 5794 evidentia
2816 5740 2958 5804 signa
2987 5751 3211 5805 plasma
3235 5754 3355 5790 οδω,
