3898 6226
185 420 282 453 40)

855 399 916 452 IN
958 397 1032 454 PS
1051 399 1355 454 \LMURUM
1396 401 1639 454 LIBRUM
1683 401 2026 458 EXEGESZS.
2069 433 2131 441 —
2172 402 2408 457 PSALXI.
2457 401 2674 454 XLVIII.

3237 407 3335 460 τδι

247 511 1449 582 CircumdateSion.llactenuslocutusestquasi
1466 511 1617 582 ilehis
1632 511 1716 582 qui
1749 512 1791 566 Α
1823 514 2062 576 tumun
2077 528 2172 566 vox
2204 515 2272 566 ita
2297 514 2520 566 clatnma
2550 526 2677 576 erat,
2707 525 2759 566 ut
2789 529 2969 566 omnes
3002 519 3200 582 possint
3239 536 3331 573 au-

177 585 410 636 medium
433 583 604 651 templi
618 593 758 645 sunt;
776 596 909 651 nunc
931 580 1182 633 convertit
1194 594 1250 632 se
1264 580 1325 632 ad
1339 595 1427 632 eos
1439 581 1522 648 qui
1537 580 1721 651 circui-

181 663 267 705 tus
288 655 466 720 templi
484 649 621 711 sunt.
642 650 893 703 hortando
908 664 997 700 eos
1014 661 1062 699 ut
1080 651 1199 720 liant
1219 651 1464 710 medium,
1484 649 1626 714 quasi
1643 649 1720 720 dif

179 730 267 773 cat
297 739 308 772 :
343 717 566 776 Ponendi
598 719 660 772 ad
695 720 959 771 dexteram
987 719 1272 780 exsultent,
1297 732 1390 770 vos
1408 733 1530 768 vero
1567 717 1718 781 positi

181 791 249 842 ad
268 793 554 853 sinistram,
580 789 666 855 qui
699 788 867 839 adlmc
887 787 1009 838 estis
1025 788 1264 855 circuitus
1287 787 1483 848 templi,
1503 787 1715 835 circum-

182 861 304 912 date
332 861 456 912 Sion
475 860 524 913 in
549 853 766 911 mediam
798 867 849 909 et
884 871 982 907 non
1016 853 1146 905 mala
1172 856 1592 912 circumdatione.
1624 855 1720 905 sci-

183 929 330 993 licet,
347 938 404 982 ut
427 928 735 981 insidiemini
767 927 835 988 ei,
857 926 946 976 sed
967 924 1343 987 complectimini
1368 940 1474 975 ram
1491 938 1578 988 per
1597 922 1718 993 dilev

185 990 438 1062 ctionem,
467 1009 520 1049 ut
548 996 838 1052 imitemini.
860 1005 909 1045 et
933 1001 1128 1044 narrate
1156 1009 1269 1058 qua:
1295 993 1512 1044 narretis
1538 1006 1635 1040 non
1663 990 1712 1042 in

190 1068 486 1119 temeritate
519 1079 706 1125 vestra,
733 1063 821 1116 sed
846 1065 895 1112 in
919 1062 1150 1123 turribus,
1175 1062 1220 1112 id
1236 1071 1331 1119 est.
1351 1063 1397 1112 in
1415 1063 1717 1112 auctoritate

190 1135 411 1186 turrium
432 1136 559 1200 ejus,
587 1136 633 1185 id
661 1130 1200 1192 est,lretiauctoritate
1215 1139 1508 1182 sanctorum
1523 1139 1719 1200 aposto-

194 1206 386 1264 lorum,
419 1198 502 1268 qui
526 1200 1198 1268 suntturresrejuscivitatis.
1219 1200 1281 1268 de
1303 1215 1398 1262 qua
1418 1198 1675 1268 alibidicit
1703 1215 1712 1246 :

201 1264 745 1324 Validaestsicutntors
763 1264 975 1319 dilectio.
991 1267 1131 1321 Sicut
1147 1267 1282 1319 enim
1305 1279 1484 1333 potens
1507 1266 1599 1316 fuit
1620 1264 1718 1315 dia-

194 1339 348 1391 bolus
362 1341 424 1391 ad
439 1339 822 1398 destruendum,
844 1340 907 1387 ita
921 1336 1180 1398 Christus,
1196 1351 1349 1404 quem
1369 1339 1473 1388 sola
1493 1335 1718 1404 Charitas

192 1408 258 1459 ad
279 1422 374 1460 nos
400 1410 575 1460 venire
606 1408 741 1468 fecit,
771 1407 832 1457 ad
861 1403 1376 1468 relicienduin;su-nt
1403 1406 1487 1456 ille
1525 1403 1586 1454 ad
1628 1404 1718 1453 de-

187 1475 502 1544 jiciendum,
536 1481 600 1528 ita
650 1478 745 1527 iste
785 1475 846 1527 ad
890 1475 1227 1544 erigendum.
1265 1473 1467 1544 Ponite.
1488 1473 1714 1544 inquam,

193 1541 352 1596 corda
381 1560 537 1597 castra
575 1548 622 1596 in
650 1546 842 1605 virtute,
873 1552 923 1592 et
952 1545 998 1593 in
1040 1544 1133 1594 hac
1186 1543 1372 1593 virtute
1419 1541 1712 1602 distribuite,

197 1614 248 1664 id
277 1626 381 1674 εει,
414 1614 719 1666 (lu-tributim
750 1627 820 1664 3Cl
842 1614 962 1676 ipile
1001 1613 1169 1662 domos
1198 1613 1322 1678 ejus.
1357 1612 1509 1674 Quasi
1543 1609 1712 1659 dit-at:

199 1683 325 1735 Duae
358 1685 540 1736 domus
580 1683 731 1748 hujus
779 1682 1000 1733 civitatis
1047 1689 1182 1732 Stml.
1228 1680 1302 1731 Illi
1352 1681 1431 1731 cui
1473 1679 1716 1731 circuitus

195 1754 400 1816 templi.
433 1763 482 1806 et
513 1755 596 1819 qui
631 1752 852 1803 medium
893 1750 1003 1814 ejus
1041 1761 1176 1804 sunt.
1223 1750 1362 1812 Quos
1401 1748 1716 1819 distributim

173 1821 359 1874 'debet
387 1816 621 1886 accipere
651 1821 816 1882 ηηὶνίς
847 1819 1030 1882 ﬁdelis,
1060 1820 1258 1870 medios
1282 1819 1486 1884 quidem
1509 1816 1718 1886 adimi‘

198 1894 441 1955 tandum,
487 1884 830 1942 cirrutnentes
859 1902 999 1949 vero,
1026 1887 1087 1939 ad
1115 1887 1465 1939 devitandum.
1508 1884 1595 1936 γει
1629 1899 1718 1949 per

194 1960 408 2019 domos.
455 1961 597 2028 quasi
626 1959 853 2028 diversas
880 1957 1097 2009 familias
1143 1970 1414 2028 possumus
1442 1956 1679 2028 accipere
1706 1968 1720 2014 ;

195 2044 299 2080 una
331 2023 634 2094 enim'quad
679 2026 866 2078 familia
899 2038 1017 2076 sunt
1042 2031 1330 2077 eminentes
1371 2023 1420 2076 in
1444 2023 1719 2094 castitate,

195 2098 299 2149 alia
332 2099 382 2149 in
413 2092 667 2164 largitate.
693 2104 744 2148 et
769 2098 840 2147 sic
868 2095 1148 2164 secundum
1183 2098 1391 2161 propria
1425 2093 1574 2164 dona
1602 2092 1737 2158 Spi-.

198 2167 334 2216 ritus
361 2162 524 2217 sancti
553 2166 771 2217 diversa!
809 2162 931 2217 sunt
975 2165 1200 2225 familiae,
1247 2178 1372 2228 quas
1416 2162 1726 2214 distribuere

196 2235 418 2288 debent.
455 2236 516 2288 Ut
538 2236 587 2287 in
607 2236 722 2290 istis
747 2233 844 2286 hoc.
871 2233 1159 2292 imitentur,
1189 2235 1237 2283 in
1266 2231 1365 2282 illis
1397 2230 1542 2291 illud,
1573 2237 1624 2281 et
1649 2230 1726 2281 sic

198 2304 251 2355 in
280 2304 500 2373 singulis
524 2321 636 2370 quae
669 2305 798 2355 bona
827 2314 963 2355 sunt.
998 2303 1117 2373 Ideo
1145 2301 1258 2373 dico
1287 2311 1339 2352 Ut
1370 2300 1476 2350 haec
1502 2297 1723 2373 faciatis,

197 2383 255 2424 ut
286 2369 478 2426 bonum
505 2369 792 2438 exemplum
821 2373 934 2423 aliis
962 2372 1092 2430 sitis.
1141 2370 1358 2430 scilicet,
1387 2377 1439 2420 ut
1467 2369 1724 2426 enarretis.

197 2458 304 2493 nnn
335 2443 502 2495 solum
535 2444 583 2494 in
616 2441 854 2508 prassenti
886 2440 1002 2490 liliis
1033 2440 1242 2500 vestris.
1266 2440 1541 2508 sedetiam
1570 2452 1726 2508 enar-

195 2514 329 2565 retis
371 2517 588 2578 posteris
619 2506 896 2578 vestrisiin
924 2509 1052 2578 aliaA
1078 2509 1308 2576 progenie
1359 2507 1550 2578 futura,
1608 2506 1724 2578 hoc,

194 2575 421 2642 scilicet,
453 2583 688 2649 quoniam
713 2581 791 2632 hic
821 2577 950 2630 Deus
972 2575 1056 2645 qui
1085 2575 1352 2649 susseptus
1376 2585 1475 2638 est,
1498 2576 1545 2625 in
1571 2575 1730 2625 medio

196 2653 392 2717 templi,
418 2647 496 2703 est
524 2651 652 2702 Deus
671 2660 855 2709 noster,
888 2650 934 2698 id
962 2656 1062 2708 est,
1097 2647 1230 2699 Deus
1277 2657 1466 2698 nostra:
1510 2654 1727 2717 natura,

196 2713 427 2778 hncest,
461 2731 509 2772 et
551 2734 700 2772 verus
750 2720 882 2770 Deus
910 2726 964 2768 et
993 2731 1143 2768 verus
1192 2717 1362 2776 homo,
1415 2728 1630 2764 manens
1682 2713 1731 2762 in

191 2798 441 2840 aeternum
464 2798 509 2840 et
530 2790 580 2840 in
609 2789 842 2840 siccatum
883 2786 1068 2836 steculi.
1117 2785 1177 2837 Et
1204 2787 1308 2847 ipse
1356 2797 1444 2849 per
1483 2782 1729 2844 seipsum,

196 2872 306 2908 non
335 2872 426 2923 per
456 2859 550 2909 sibi
580 2858 864 2923 subjectum
894 2864 1180 2906 creaturam
1211 2864 1342 2918 reget
1372 2868 1458 2902 nos
1497 2852 1546 2901 in
1586 2851 1734 2923 bonis

192 2919 447 2994 operibus
475 2926 578 2991 hic,
607 2919 765 2978 et—sic
797 2924 1041 2991 perducet
1072 2937 1164 2974 nos
1193 2923 1244 2973 in
1273 2935 1464 2974 aeterna
1491 2919 1696 2972 sa‘cula.

631 3034 692 3089 IN
730 3035 850 3089 PSA
863 3033 1048 3088 LMUM
1087 3032 1309 3086 XLVIII.

545 3124 598 3180 In
627 3124 803 3191 linem.
834 3125 950 3177 ﬁliis
971 3123 1102 3176 Core
1127 3123 1374 3190 psalmus.

789 3229 1153 3270 ARGUHENI‘UI.

277 3285 582 3339 Communis
606 3287 902 3338 exhortatio
925 3288 986 3336 ad
1009 3297 1190 3336 omnes
1217 3282 1451 3334 homines
1475 3279 1735 3345 dirigitur,

195 3356 478 3424 nesaaculi
503 3355 708 3408 divitias
759 3355 1186 3424 tnagnipendant,
1214 3353 1303 3404 sed
1330 3366 1419 3418 pro
1445 3349 1523 3400 his
1547 3350 1735 3414 potius,

194 3425 239 3476 si
277 3421 413 3475 forte
452 3425 682 3487 allluant,
733 3421 1062 3490 Dco'gratias
1111 3423 1365 3480 referant,
1411 3435 1598 3483 easque
1645 3431 1738 3483 pro

194 3504 398 3545 aiterna
430 3495 607 3559 requie
637 3495 956 3558 dispensent.
999 3493 1124 3546 Item
1158 3506 1258 3544 vox
1292 3490 1538 3542 Ecclesia:
1581 3502 1738 3556 super

197 3563 404 3616 Lazaro
425 3573 477 3616 et
501 3564 654 3615 divite
677 3573 977 3630 purpurato.

802 3669 862 3706 Εἰ
873 3667 931 3706 PL
941 3667 1145 3706 ΑΝΔΊἹΟ.

277 3722 438 3797 Tituli
479 3725 625 3797 hujus
671 3724 816 3797 verba
861 3735 1036 3797 cuncta
1082 3721 1284 3773 trahunt
1329 3720 1418 3797 ad.
1446 3717 1737 3797 Dominum,

196 3793 441 3860 illiusque
470 3790 644 3846 cruore
668 3796 965 3860 redemptos.
1002 3792 1095 3844 Per
1126 3801 1279 3844 totum
1311 3791 1556 3854 psalmum
1594 3790 1738 3839 verba

196 3871 320 3914 sunt
345 3865 692 3927 omnipotentis
725 3863 863 3914 Filii.
895 3861 957 3913 In
982 3863 1138 3930 prima
1165 3862 1377 3912 sectione
1400 3869 1568 3909 narrat
1619 3874 1740 3922 qua:

197 3932 273 3984 lia
303 3932 529 3984 dicturus
559 3933 632 3983 vel
658 3933 863 3984 daturus
891 3934 953 3983 sit
984 3933 1210 3997 ﬁdelibus
1246 3940 1461 3994 tempore
1507 3931 1739 3978 iuramu-

197 4002 355 4052 tionis
383 4017 523 4064 sute;
550 4004 597 4053 in
612 4004 826 4056 secunda
848 4018 957 4066 quae
975 4002 1076 4051 sint
1097 4000 1259 4050 stultis
1280 4008 1505 4066 uentura,
1527 3998 1577 4046 in
1597 3999 1742 4047 tertia

195 4085 318 4134 qute
336 4072 506 4138 justos
546 4073 817 4139 impiosque
853 4065 1081 4121 srrtttura
1124 4069 1250 4139 sint:
1288 4065 1349 4116 In
1379 4076 1570 4139 quarta
1609 4080 1740 4139 qam-

197 4134 372 4191 monet
405 4156 541 4202 suos,
571 4134 629 4192 ne
658 4134 859 4191 timeant
885 4140 1056 4191 divites
1081 4135 1272 4199 swculi,
1306 4136 1386 4201 qui
1417 4137 1582 4187 omnia
1617 4134 1742 4184 bona

197 4225 299 4260 sua
324 4225 439 4261 cum
467 4210 575 4261 luce
597 4213 894 4277 relinquant.

765 4314 1183 4354 COMHENTARIUS.

279 4373 466 4425 Audite
509 4371 632 4435 Iure,
673 4387 838 4423 omnes
880 4380 1064 4438 gentes.
1115 4365 1315 4438 'l‘itulus
1357 4373 1436 4438 est
1483 4363 1646 4438 talis_:
1679 4362 1742 4414 In

202 4443 362 4506 liuent
388 4443 508 4506 ﬁlgis
548 4433 671 4494 Core
715 4433 932 4510 psalmus
958 4436 1494 4510 Davidslloccstniste
1519 4433 1741 4510 psalmus

207 4501 679 4578 David-propheta:
709 4501 786 4564 vel
817 4510 1064 4575 cujusque
1092 4506 1255 4578 lidelis
1284 4504 1524 4578 perlecta;
1555 4501 1741 4578 anima:

202 4581 276 4634 de
309 4569 470 4648 priori
513 4569 722 4650 populo,
757 4581 838 4633 vel
867 4569 931 4630 de
963 4569 1480 4650 posteriorimrelatus
1509 4569 1558 4650 in
1589 4572 1740 4650 tinem

204 4639 526 4718 proponitur
572 4639 887 4708 liliis'liore,
930 4639 1135 4718 adhoc
1173 4641 1388 4718 scilicet.
1424 4645 1479 4690 ut
1510 4639 1743 4718 devitvnt

205 4709 462 4772 insit-alam
494 4719 900 4785 perversionem.
940 4714 1136 4771 Usitata
1168 4715 1303 4785 enim
1337 4711 1651 4785 perversitas
1693 4709 1740 4760 iu

206 4781 518 4842 hominibus
541 4801 637 4851 est,
672 4787 809 4856 quod
836 4803 950 4841 cum
978 4787 1226 4856 deberent
1254 4782 1431 4856 vivere
1457 4781 1740 4856 secundum

206 4857 304 4911 Dei
331 4849 672 4920 voluntatem.
691 4849 869 4924 'p0tius
895 4858 1064 4910 volunt
1096 4855 1252 4924 Deum
1273 4849 1741 4924 viveresecumluin

203 4942 363 4979 suam
395 4918 733 4984 voluntatem.
763 4931 822 4981 lit
841 4929 962 4980 dum
991 4927 1085 4992 ipsi
1118 4923 1298 4974 quunt
1323 4919 1536 4992 corrigi.
1566 4918 1744 4992 volunt

207 4997 382 5049 Deum
412 4998 718 5064 depravari,
749 4986 1059 5050 arbitrantes
1090 5005 1347 5064 nou‘essc
1374 4990 1562 5064 justum
1608 4986 1742 5054 quod

207 5069 328 5129 ipse
352 5058 494 5127 vult,
523 5069 612 5119 sed
642 5058 776 5132 quod
805 5067 900 5132 ipsi
929 5065 1121 5116 volunt.
1177 5061 1236 5112 Et
1266 5060 1349 5124 qui
1379 5058 1596 5132 diligunt
1626 5071 1742 5108 eum

209 5126 429 5203 proritet
446 5126 648 5188 terrena
661 5126 1012 5197 commodauit
1027 5134 1159 5203 bona
1175 5126 1495 5203 temporalia.
1517 5141 1744 5203 murmu-

207 5196 334 5260 rant
357 5206 606 5257 adversus
635 5219 776 5267 eum,
809 5221 924 5257 cum
943 5196 1128 5256 vident
1153 5202 1312 5249 bonos
1342 5196 1598 5258 tribulari,
1631 5212 1741 5247 ma-

208 5279 292 5330 los
326 5275 640 5340 prosperari,
673 5275 818 5340 quasi
849 5288 948 5326 non
988 5275 1228 5342 dignetur
1275 5278 1454 5342 regere
1499 5267 1742 5342 ltuinana,

209 5337 500 5398 non'curet
529 5345 637 5396 base
665 5337 860 5397 intima.
891 5337 1084 5396 Contra
1114 5341 1241 5392 tales
1287 5337 1511 5398 loquitur
1538 5337 1742 5386 divinus

207 5428 399 5467 sermo
443 5415 599 5466 etiam
627 5416 676 5464 in
709 5413 806 5466 hoc
833 5415 1047 5478 psalmo.
1081 5411 1156 5464 Ad
1197 5421 1347 5475 quem
1393 5417 1517 5478 non_
1540 5416 1744 5469 oportet

209 5493 271 5536 ut
303 5498 400 5536 nos
427 5493 653 5538 attentos
679 5496 770 5534 vos
799 5473 1067 5542 faciamus,
1098 5473 1347 5548 quia'ipse
1375 5473 1619 5548 propheta
1655 5489 1745 5526 vos

207 5555 349 5606 satis
392 5554 563 5606 reddit
609 5560 864 5612 attentus;
899 5561 952 5604 et
973 5567 1072 5601 non
1103 5545 1409 5608 solutnvos,
1436 5545 1525 5595 sed
1564 5557 1748 5612 omnes

213 5623 462 5675 homines
499 5623 689 5688 justcs,
741 5611 858 5673 sive,
891 5620 1132 5684 injustas,
1185 5617 1364 5668 dicens
1420 5616 1484 5666 ita
1518 5611 1747 5688 _:_0m_nes

213 5701 410 5761 gentes.
446 5682 625 5755 id'est,
658 5682 916 5761 gentiliter
940 5682 1110 5761 adhuc
1146 5690 1397 5761 viventes,
1427 5683 1596 5736 audite
1643 5682 1747 5761 hcce

215 5752 337 5828 qua!
364 5752 557 5827 dicam,
581 5752 633 5813 ut
652 5752 993 5828 corrigainiui.
1029 5758 1195 5823 Quare
1217 5754 1338 5809 (lit'iI
1359 5769 1521 5807 omnes
1545 5752 1748 5818 gentes?

1819 583 1964 635 dire?
1986 584 2093 634 Non
2112 586 2305 648 utique.
2328 584 2416 634 sed
2439 585 2668 647 prmvidit
2693 600 2780 642 per
2803 585 3046 649 Spiritum
3071 600 3327 649 sanetmn,

1819 651 1942 704 illud
1972 653 2105 716 quod
2138 654 2184 703 in
2217 654 2302 704 illo
2331 668 2432 703 uno
2473 653 2660 717 popqu
2688 653 2900 703 Iudaico
2945 653 3037 705 fuit
3085 657 3332 720 scriptum

1817 722 2094 792 etrlectum,
2137 736 2238 792 pe:
2263 733 2647 792 oinuesgentes
2679 723 3006 774 revclandum
3037 737 3151 774 esse
3179 735 3332 792 atque

1815 791 2166 853 relegandum.
2200 789 2265 841 Et
2293 789 2406 841 ideo
2434 791 2558 841 dixit
2592 808 2603 841 :
2642 792 2835 851 Audite,
2867 807 3032 844 omnes
3062 789 3259 854 gentes.
3278 802 3333 846 et

1817 873 1907 909 vos
1952 859 2105 909 etiam
2137 874 2300 909 omnes
2329 860 2410 914 qui
2439 859 2670 909 habitatis
2718 862 2900 920 orbem,
2944 863 3176 924 percipite
3222 862 3333 914 haec

1815 929 2033 978 auribus.
2063 926 2522 978 Videturhoeesse
2563 928 2817 991 repetitio,
2869 928 2963 980 nisi
3014 929 3144 981 forte
3187 931 3327 984 dica-

1817 1011 1948 1066 mus,
1983 996 2116 1061 quod
2149 998 2596 1066 priusalloquitur
2624 997 2845 1062 iniquos,
2881 999 2962 1049 hic
2993 1013 3114 1049 vero
3139 999 3328 1066 justas.

1819 1063 1881 1114 Et
1904 1074 2097 1125 quaerat
2120 1080 2268 1114 aures
2292 1064 2422 1120 illas,
2452 1079 2576 1123 quas
2605 1067 2845 1117 Dominus
2868 1068 3080 1129 requirit
3100 1063 3150 1118 in
3171 1068 3337 1119 EVan-

1805 1134 1950 1197 gelia
1979 1134 2194 1184 dicens:
2234 1135 2328 1194 Qui
2373 1134 2515 1183 habet
2561 1151 2703 1185 aures
2749 1135 2987 1186 audiendi
3015 1137 3207 1187 audiat.
3256 1137 3330 1187 Illi

1813 1202 1948 1255 enim
1978 1202 2070 1253 soli
2101 1216 2225 1252 aure
2253 1202 2491 1251 audiendi
2521 1204 2753 1263 audiunt,
2786 1205 2867 1267 qui
2904 1204 3191 1256 inhabitant
3220 1215 3329 1257 ter-

1815 1284 1944 1330 ram,
1979 1271 2024 1321 id
2057 1281 2152 1329 est,
2187 1286 2392 1321 carnem
2417 1284 2582 1330 Suam,
2627 1287 2726 1322 non
2755 1287 2879 1336 quos
2915 1273 3019 1335 ipsa
3051 1273 3320 1329 inhabitat.

1819 1338 1914 1390 hoc
1949 1348 2046 1399 est,
2089 1342 2172 1406 qui
2216 1355 2313 1389 non
2357 1339 2621 1400 aubiacent
2662 1341 2802 1390 carui
2850 1354 2974 1398 suae.
3019 1342 3106 1392 sed
3157 1342 3327 1392 dmni«

1818 1419 2002 1460 nanlur
2029 1407 2097 1466 ei.
2131 1408 2332 1459 illicitos
2363 1419 2529 1457 motus
2557 1424 2735 1459 omnes
2783 1411 2914 1459 bene
2955 1424 3042 1472 reg
3065 1410 3200 1466 ‘lltIO,
3249 1425 3333 1461 ne-

1817 1492 1915 1532 ﬂue
1959 1487 2227 1541 portantur
2252 1495 2282 1543 a
2313 1479 2443 1529 lecto
2481 1478 2695 1536 doloris,
2740 1480 2841 1528 imo
2891 1478 3057 1536 ipsum
3101 1488 3329 1543 portant.

1821 1546 1877 1596 Et
1911 1547 2024 1596 ideo
2050 1546 2171 1597 dicit
2208 1565 2216 1596 :
2252 1542 2434 1597 Omnes
2461 1547 2542 1610 qui
2572 1548 2802 1598 habitatis
2832 1546 3014 1609 orbem,
3042 1542 3218 1609 idest,
3247 1548 3330 1608 qui

1819 1615 2152 1664 inhabitando
2174 1626 2220 1663 et
2244 1615 2527 1666 excolendo
2550 1627 2738 1666 lerrutn
2761 1614 2930 1667 carnis
2955 1630 3136 1667 vesme
3165 1616 3332 1668 facitis

1816 1698 1928 1733 eam
1961 1684 2156 1744 urbem,
2194 1685 2238 1733 id
2270 1693 2368 1739 est.
2410 1685 2747 1735 orbiculatam
2776 1694 2826 1736 et
2874 1684 3148 1750 perlectam
3182 1703 3194 1735 :
3221 1699 3330 1742 viis,

1820 1753 2051 1817 inquam.
2093 1754 2322 1818 percipite
2361 1751 2468 1803 lure
2509 1767 2624 1817 quze
2673 1755 2836 1803 diram
2863 1769 2876 1815 ;
2908 1763 2958 1804 et
2987 1769 3086 1804 non
3135 1754 3331 1817 simpli-

1753 1829 1792 1886 Β
1820 1823 1967 1881 citer,
1988 1822 2074 1871 sed
2095 1823 2312 1875 auribus.
2341 1821 2389 1871 id
2416 1831 2510 1880 est,
2536 1837 2683 1871 aures
2701 1822 2958 1873 audiendi.
2983 1825 3134 1883 Quas.
3160 1823 3328 1872 dicat:

1822 1891 1964 1939 Nunc
2003 1889 2204 1954 quidem
2250 1891 2364 1939 boni
2396 1898 2446 1938 et
2475 1890 2589 1940 tuali
2640 1892 2947 1941 couunistim
2993 1890 3179 1948 audite.
3217 1891 3332 1955 quia

1822 1957 2026 2019 quando
2067 1961 2160 2008 erit
2207 1969 2406 2021 leptlS
2449 1959 2864 2026 disgregatiouis,
2911 1970 3030 2010 tunc
3072 1958 3339 2022 apparebit

1824 2029 1906 2092 qui
1938 2028 2208 2078 audierunt
2233 2041 2349 2076 cum
2395 2041 2568 2087 eausa,
2608 2028 2793 2090 quique
2833 2029 2943 2079 sine
2991 2043 3166 2080 causa.
3214 2027 3339 2078 Siue

1824 2111 1974 2148 causa
2021 2099 2154 2148 euim
2203 2096 2438 2156 audiunt,
2491 2097 2539 2146 in
2591 2098 2874 2161 gentilitate
2939 2106 3332 2159 permanentes;

1825 2180 1938 2217 Cum
1970 2180 2119 2217 causa
2153 2180 2273 2214 vero
2303 2165 2535 2223 audiunt,
2564 2167 2648 2230 qui
2679 2167 2857 2216 orbein
2895 2165 3204 2217 inhabitant.
3237 2167 3337 2214 Au-

1823 2235 1984 2292 diant,
2039 2237 2266 2296 inquam.
2302 2234 2419 2302 iba‘c
2445 2235 2621 2300 quique
2647 2237 2920 2302 terrigena),
2949 2233 2998 2286 id
3030 2244 3128 2292 est,
3158 2247 3339 2285 onmes

1825 2305 2099 2366 imaginem
2128 2301 2312 2353 terreni
2347 2311 2626 2362 portanti-3,
2655 2311 2706 2352 et
2729 2301 3081 2353 luercilitatettt
3116 2304 3163 2352 in
3199 2311 3336 2352 terra

1827 2373 1920 2422 sibi
1940 2382 2252 2438 qua‘reutes,
2277 2371 2412 2420 vi-lut
2433 2373 2660 2433 gigantes
2684 2384 2836 2435 super
2859 2381 3035 2434 pectus
3057 2384 3202 2420 suum
3227 2385 3341 2438 gra-

1827 2437 2050 2497 dientes.
2097 2441 2179 2504 qui
2225 2443 2549 2503 serpentinns
2593 2440 2747 2504 pedes
2793 2440 3066 2496 habebant.
3115 2441 3230 2502 quia
3276 2437 3340 2487 de

1831 2522 1962 2562 terra
1995 2511 2195 2575 erigere
2223 2523 2276 2560 se
2309 2524 2407 2560 non
2442 2510 2698 2560 valebant.
2736 2508 2796 2560 Et
2823 2522 3002 2560 omnes
3041 2508 3135 2574 filii
3173 2505 3338 2555 homi-

1833 2596 1969 2639 num,
2004 2580 2050 2630 id
2075 2589 2171 2636 est.
2201 2586 2463 2639 portantes
2488 2579 2760 2646 imaginem
2788 2578 2873 2630 lilii
2899 2577 3140 2636 hominis,
3165 2575 3211 2624 id
3235 2583 3336 2646 est,

1830 2648 2041 2699 Christi.
2077 2647 2135 2699 Et
2160 2649 2273 2697 ideo
2302 2647 2348 2697 lil
2379 2647 2411 2703 i.
2448 2648 2494 2696 id
2523 2645 2620 2706 est,
2667 2648 2950 2700 imitatores
2981 2659 3216 2696 verorum
3246 2645 3343 2694 ho-

1833 2720 2049 2778 minum,
2073 2715 2500 2780 patriarcharum.
2524 2716 2739 2778 scilicet,
2763 2728 2810 2768 et
2835 2714 3220 2781 prophetarum.
3243 2711 3341 2771 ipsi

1834 2788 1990 2839 etiam
2017 2785 2225 2835 audiant
2253 2788 2378 2834 bare.
2409 2785 2704 2850 Tcrrigeutc
2733 2786 2940 2849 quidem
2971 2784 3198 2845 audiant,
3229 2797 3345 2846 pru-

1837 2863 1951 2916 pter
1972 2856 2216 2919 judicium
2240 2871 2250 2910 ;
2279 2853 2366 2906 lilii
2391 2869 2510 2906 vero
2536 2855 2798 2905 hominum
2826 2864 3033 2920 prOptcr
3059 2854 3344 2920 prretnium.

1839 2924 1903 2975 Et
1927 2918 2005 2974 est
2039 2923 2292 2986 repetitio,
2343 2938 2432 2986 per
2469 2925 2704 2988 graviora
2737 2918 2989 2974 tamenet
3019 2918 3344 2985 expressiora

1837 2991 2103 3043 vocabula.
2133 2990 2436 3056 Expressius
2457 2991 2592 3041 enim
2621 2993 2715 3041 hoc
2740 3005 2924 3041 nomen
2954 2992 3210 3055 terrigena
3240 3002 3341 3036 ma-

1839 3061 1998 3114 litiam
2033 3068 2192 3118 notat,
2224 3073 2372 3124 quam
2421 3069 2619 3116 gentes.
2670 3059 2814 3111 Dives
2853 3073 3056 3125 quoque
3085 3066 3129 3108 et
3162 3071 3350 3121 paurer

1766 3152 1808 3212 ε
1843 3131 2040 3183 collecti
2064 3133 2113 3181 in
2135 3145 2306 3212 unum.
2331 3129 2445 3212 quia
2472 3129 2519 3178 in
2543 3128 2722 3212 eadem
2747 3143 2862 3180 area
2883 3129 3030 3184 mista
3045 3135 3160 3178 sunt
3189 3126 3348 3204 palea:

1843 3210 1889 3250 et
1913 3215 2089 3265 grana,
2113 3199 2258 3249 simul
2280 3199 2486 3248 audiant
2511 3214 2644 3249 nunc
2668 3199 2959 3254 docentem.
2986 3211 3050 3248 ne
3070 3195 3345 3265 separatim

1843 3268 1892 3318 in
1918 3263 2092 3319 lutum
2121 3268 2276 3317 Deum
2309 3266 2516 3318 audiant
2543 3268 2889 3329 iudicandum.
2944 3265 3164 3318 Attdicut
3211 3263 3348 3312 enim

1842 3345 1958 3387 tunc
1980 3337 2161 3386 divites
2187 3333 2310 3392 :Ite,
2338 3338 2604 3396 maledicti,
2629 3340 2677 3386 iu
2701 3337 2893 3401 ignem;
2918 3347 3170 3400 pauperes
3192 3346 3345 3384 vero:

1854 3405 2039 3461 Venile.
2069 3405 2323 3465 benedicti,
2363 3415 2462 3456 etc.
2499 3406 2646 3455 Dives
2677 3415 2910 3465 vi-cutur,
2951 3405 3032 3468 qui
3076 3403 3154 3452 Vt‘i
3195 3401 3348 3452 llabel

1843 3476 2070 3536 divitias,
2102 3483 2154 3526 et
2184 3475 2299 3524 inde
2328 3475 2563 3531 inﬂatur;
2597 3478 2672 3524 νει
2703 3476 2786 3533 qui
2819 3488 2919 3523 non
2951 3473 3120 3531 habet,
3147 3471 3234 3521 scd
3262 3470 3352 3520 ha-

1845 3546 1963 3596 bere
1995 3547 2118 3600 vult.
2154 3554 2208 3593 ut
2237 3543 2352 3594 inde
2382 3543 2674 3594 extollatur.
2707 3542 2957 3593 Similiter
2985 3553 3236 3604 pauperes
3267 3541 3348 3589 di-

1841 3623 2044 3674 cuntur,
2072 3614 2153 3677 qui
2188 3627 2278 3662 nec
2319 3611 2525 3671 habent,
2571 3626 2663 3662 nec
2704 3622 2884 3663 curant
2925 3611 3129 3670 habere,
3179 3606 3258 3659 vel
3305 3608 3347 3658 si

1845 3681 2050 3739 habent,
2081 3694 2199 3731 sunt
2232 3691 2468 3746 tauquam
2498 3698 2596 3730 non
2626 3682 2888 3732 habentes.
2919 3679 3027 3730 Non
3056 3679 3190 3729 enim
3231 3691 3356 3728 cou-

1843 3751 1960 3801 SuIIl
2000 3750 2132 3801 Deus
2180 3763 2352 3800 arcam
2385 3751 2460 3799 vel
2491 3749 2672 3800 cellam
2714 3750 2982 3810 vinariam,
3013 3748 3103 3798 sed
3130 3748 3357 3797 consulit

1843 3817 2229 3877 Conscientiam,
2257 3828 2307 3866 et
2336 3820 2430 3866 hoc
2453 3817 2604 3868 modo
2634 3819 2776 3868 multi
2800 3818 2882 3880 qui
2908 3833 3005 3868 non
3033 3825 3152 3866 sunt
3174 3814 3358 3866 divites

1844 3903 2059 3951 corpore
2082 3886 2330 3938 damnose
2356 3886 2539 3937 divues
2568 3896 2686 3937 sunt
2714 3887 2891 3944 corde.
2914 3892 2968 3937 et
2996 3886 3135 3935 multi
3172 3885 3358 3933 divites

1843 3971 2058 4016 oorpore
2071 3956 2345 4009 salubriter
2363 3971 2609 4020 pauperes
2623 3966 2738 4004 sunt
2750 3955 2924 4005 corde.
2938 3954 3090 4003 Tales
3107 3963 3364 4020 pauperes

1845 4026 2026 4078 divites
2044 4026 2112 4076 illi
2143 4035 2305 4082 erant,
2326 4018 2581 4085 dequihus
2595 4025 2870 4084 Apostolus
2892 4021 3161 4073 Timotheo
3182 4018 3307 4071 dixit
3337 4033 3350 4069 :

1848 4095 2069 4158 Pra'cipe
2095 4094 2320 4146 divitibus
2347 4095 2491 4152 huius
2515 4092 2700 4148 stt’culi,
2726 4105 2824 4144 etc.

1917 4165 1984 4215 0s
2007 4153 2167 4214 meum
2197 4165 2418 4223 loquetur
2438 4162 2748 4224 sapientiam.
2783 4161 2900 4213 Idco
2926 4174 3039 4223 quae
3065 4158 3231 4211 dicam
3258 4153 3353 4208 de-

1847 4236 1976 4286 betis
2004 4233 2200 4291 audire,
2235 4232 2350 4298 quia
2396 4229 2628 4296 quaedam
2673 4245 2851 4293 magna
2901 4238 3073 4282 erunt.
3124 4227 3251 4280 Nam
3303 4240 3367 4278 os

1847 4319 2007 4353 meum
2035 4304 2253 4368 loquetur
2286 4301 2575 4368 sapientiam
2601 4315 2810 4362 veram;
2839 4311 2890 4351 ct
2918 4300 3032 4366 quia
3090 4301 3233 4349 tuulti
3274 4311 3362 4348 sa~

1851 4373 2094 4437 pientiatn
2125 4372 2400 4438 loquuntur
2424 4384 2534 4432 ore,
2568 4384 2669 4420 non
2698 4378 2867 4438 tanien
2894 4384 2954 4418 ex
2978 4368 3240 4438 corde,_ut
3269 4380 3364 4430 po—

1850 4436 1999 4500 pulus
2029 4443 2112 4493 ille
2138 4436 2204 4492 de
2229 4454 2330 4504 quo
2357 4440 2548 4490 dietutn
2579 4448 2656 4489 est
2689 4455 2700 4487 :
2739 4437 2962 4500 Populus
2988 4438 3081 4487 iste
3109 4436 3251 4486 labiis
3285 4448 3367 4484 me

1774 4487 1820 4544 ι)
1846 4487 2076 4570 honorat,
2106 4526 2189 4561 cor
2213 4487 2375 4559 aiitem
2406 4523 2572 4560 eorum
2603 4509 2745 4572 longe
2772 4487 2838 4557 est
2862 4523 2890 4556 a
2919 4520 3029 4566 me;
3058 4507 3174 4570 quia
3203 4504 3364 4572 medi-

1848 4582 1972 4630 tatio
2003 4579 2206 4645 proprie
2235 4578 2403 4628 cordis
2447 4586 2542 4638 est,
2594 4570 2708 4626 ideo
2751 4575 2921 4626 subdit
2955 4592 2965 4625 :
3003 4574 3062 4625 Et
3108 4570 3366 4645 meditatio

1844 4638 2147 4707 cordis-mei,
2176 4647 2222 4698 id
2251 4656 2347 4708 est,
2379 4659 2467 4695 cor
2508 4659 2677 4695 meum
2727 4645 3001 4704 meditans,
3045 4655 3145 4694 non
3191 4638 3355 4701 negli-

1846 4732 1972 4784 gens
1999 4719 2233 4782 loquetur
2273 4714 2602 4784 prudentiam,
2643 4716 2861 4778 ειςὶιίανι,
2895 4727 2948 4766 ut
2977 4713 3194 4784 quisque
3238 4720 3356 4773 pro-

1847 4781 2118 4837 videalcur
2138 4783 2418 4834 timendum
2444 4785 2508 4833 sit
2535 4785 2582 4834 in
2604 4785 2686 4835 die
2721 4788 2874 4847 mala,
2904 4792 2954 4833 et
2986 4785 3058 4831 sic
3080 4781 3275 4829 laboret
3307 4784 3361 4826 ut

1845 4855 1912 4905 ibi
1936 4869 2036 4904 non
2062 4853 2253 4904 timeat.
2276 4852 2334 4903 Et
2356 4855 2620 4907 estdicere
2649 4872 2657 4904 :
2683 4857 2806 4915 Qute
2831 4854 2995 4904 dicant
3021 4864 3120 4900 non
3143 4862 3231 4898 ore
3256 4855 3362 4896 tan-

1845 4933 1950 4974 tum
1980 4923 2167 4983 dicam,
2193 4923 2282 4972 sed
2321 4937 2381 4975 ex
2412 4924 2566 4974 corde
2598 4927 2869 4984 proteram.
2901 4923 2959 4971 lit
2979 4935 3040 4970 ne
3064 4929 3360 4982 putaremus

1844 4992 1980 5058 quod
2005 4994 2302 5054 loqueretur
2332 5007 2392 5043 ex
2423 5007 2518 5043 suo
2549 5007 2658 5052 ore,
2686 5003 2735 5043 et
2763 5005 2823 5041 es
2848 5005 2942 5041 suo
2964 4990 3143 5053 corde,
3168 4996 3218 5039 et
3243 4987 3360 5058 ideo

1846 5057 2304 5127 vilipenderemus,
2328 5061 2448 5110 dicit
2478 5063 2592 5124 quia
2623 5075 2735 5124 quae
2766 5060 3000 5124 loquetur
3025 5061 3162 5123 prius
3193 5057 3364 5127 audiet

1845 5124 1970 5182 aure
1999 5128 2259 5186 audiendi.
2280 5145 2304 5177 a
2332 5128 2554 5179 Veritate
2584 5131 2720 5180 intus
2741 5129 2836 5180 sibi
2863 5129 3190 5194 prarsidente.
3218 5124 3360 5176 Multi

1847 5202 1982 5252 cnim
2010 5205 2302 5262 loquuntur.
2328 5199 2410 5262 qui
2437 5198 2570 5261 quod
2598 5198 2769 5249 dicutit
2796 5214 2893 5247 non
2919 5198 3152 5248 audiunt.
3178 5194 3363 5258 Quales

1846 5279 1965 5320 sunt
1990 5283 2170 5318 omnes
2197 5267 2265 5317 illi
2307 5267 2441 5333 quid
2467 5276 2587 5316 cunt
2617 5277 2665 5316 ct
2695 5280 2798 5316 non
2831 5266 3042 5318 faciunt.
3079 5266 3148 5316 De
3183 5264 3364 5333 quibus

1851 5337 2093 5388 Ilouninus
2119 5337 2240 5386 dicit
2273 5328 2334 5387 in.
2355 5336 2630 5401 Evangelia
2663 5353 2673 5385 :
2707 5335 2867 5399 Super
2893 5335 3171 5384 cathedram
3207 5328 3377 5401 Moysi-

1845 5408 2074 5458 scderunt
2098 5406 2285 5457 Scriba:
2306 5416 2347 5455 et
2371 5399 2639 5464 l’ltarisazi;
2658 5417 2962 5472 quotcunque
2981 5403 3193 5454 dixerint
3212 5399 3363 5472 vobis,

1849 5479 2018 5545 facite,
2045 5476 2311 5545 secundum
2341 5488 2650 5545 percepero
2670 5466 2855 5524 eorum
2882 5466 3255 5545 'nolite‘jacere.
3278 5534 3287 5543 .
3309 5466 3371 5516 Et

1851 5534 1965 5598 ideo
1989 5534 2112 5595 dicit
2141 5544 2236 5594 iste
2264 5544 2385 5606 quia
2414 5534 2554 5606 prius
2583 5543 2778 5605 audiet,
2826 5551 2878 5594 et
2918 5539 3104 5592 deinde
3150 5534 3367 5601 aperiet.

1853 5618 1912 5667 Et
1960 5614 2055 5664 hoc
2095 5610 2439 5678 quodjdicit:
2479 5610 2734 5661 lnclinabo
2775 5611 2825 5660 in
2866 5609 3152 5676 parabolam
3201 5615 3373 5678 aurem

1850 5697 2025 5740 meam.
2071 5674 2204 5746 quod
2245 5674 2566 5732 estdicere:
2603 5674 2902 5744 Priusquam
2953 5679 3150 5740 loquar.
3202 5674 3373 5746 hinni-

1850 5753 1984 5807 liabo
2008 5743 2106 5803 vim
2133 5747 2366 5803 audicndi
2388 5748 2554 5813 inme,
2580 5757 2631 5800 ut
2656 5743 2865 5800 veritate
2897 5748 3028 5797 iuius
3060 5743 3371 5812 presidentc
