3898 6226
503 362 604 413 75ῗί

978 355 1177 410 ΒΕΒᾹΞ
1216 355 1657 411 VENERABILIS
1691 355 1840 411 OPP.
1898 352 2066 408 PARS
2105 352 2161 405 ll.
2206 353 2392 410 SECT.
2436 357 2496 409 ll.
2539 386 2604 397 —
2644 354 2841 410 DUBIA
2884 353 2968 409 ΕΤ
3004 352 3268 407 SPURM.

3643 342 3735 397 736

498 475 725 529 audiam.
761 469 1054 524 tlnuiiliabo
1083 470 1202 522 dico
1237 472 1284 521 in
1317 468 1638 534 parabolam,
1669 469 1785 537 quia
1826 480 2045 537 necesse
2076 474 2118 528 Α
2147 473 2298 533 cujus
2344 481 2498 536 caput
2534 478 2805 524 conterere
2830 471 3099 523 debemus.
3153 470 3301 524 Unde
3342 467 3488 517 va
3526 470 3584 515 et
3630 474 3731 513 ser-

502 554 584 599 est
613 551 665 593 ut
694 541 860 593 adhuc
892 540 1191 605 parabolice
1221 540 1452 598 audiam,
1482 539 1599 603 quia
1629 535 1853 601 quandin
1876 536 1927 585 in
1955 535 2047 585 hoc

500 627 709 675 corpore
747 625 941 671 sumus,
973 625 1002 658 α
1037 606 1245 659 Domino
1291 609 1680 675 peregrinantur,
1712 615 1763 656 et
1799 620 1861 656 ex
1903 614 2049 667 parte

506 674 701 733 tantum
730 679 987 731 videmus.
1016 677 1163 729 Unde
1194 674 1470 743 Apostolus
1502 691 1512 724 :
1562 674 1786 727 lidemus
1811 688 2048 743 nuncper

504 751 755 817 speculum
787 749 837 799 in
864 748 1144 817 auiigmate.
1173 742 1641 810 Quantumcunque
1681 744 1818 795 enim
1862 742 2049 817 aliquis

505 808 766 880 resculpet
796 828 844 867 et
877 808 1081 867 exc'olat
1125 808 1218 867 cor
1257 829 1431 875 suum,
1479 823 1941 877 quantumcunque
1985 808 2049 860 ad

508 889 755 939 interiora
786 884 1005 936 videnda
1037 884 1318 949 confugiat,
1363 895 1534 934 tamen
1564 882 1687 932 dum
1722 882 1769 931 in
1803 879 1898 931 bac
1927 892 2048 949 cor-7

507 956 747 1019 rnptione
768 968 945 1005 sumus
966 967 1168 1014 omnes,
1192 946 1322 1003 iisin
1346 966 1498 1018 quam
1526 950 1779 1001 habt-mus
1800 960 1877 999 est
1897 946 2045 1019 quasi

510 1014 749 1089 :eriigma,
784 1023 863 1075 vel
896 1022 1162 1088 parabola,
1192 1022 1239 1073 id
1269 1014 1375 1083 est,
1401 1020 1688 1071 similitudo
1715 1014 1934 1089 obscura
1985 1014 2047 1067 ad

510 1088 653 1145 illam
689 1091 942 1143 visionem
974 1105 1124 1156 quam
1156 1090 1249 1142 soli
1292 1089 1408 1140 boni
1450 1089 1710 1139 liabebuiit
1756 1098 1889 1156 post_
1917 1088 2051 1156 hanc

509 1164 935 1227 corruptionem;
969 1154 1066 1211 eiit
1098 1169 1268 1209 tamen
1302 1158 1367 1208 ibi
1398 1157 1687 1224 corporalis
1704 1157 1835 1209 visio
1858 1154 2049 1227 Christi

509 1224 820 1291 Communis,
849 1228 984 1281 sicut
1011 1238 1064 1281 et
1085 1228 1166 1279 hic
1197 1227 1291 1279 luit
1334 1227 1482 1279 bonis
1512 1236 1563 1279 et
1594 1228 1765 1288 malis,
1803 1226 1919 1287 quia
1968 1224 2050 1273 (Ιίν-

510 1309 649 1349 ctum
672 1310 753 1351 est
778 1316 787 1348 :
821 1297 1062 1349 Videbunt
1086 1298 1134 1347 in
1158 1312 1301 1365 queat
1321 1296 1698 1362 transfixerunt.
1720 1296 1858 1365 Solis
1875 1303 2049 1365 autem

512 1368 853 1419 dilectoribus
900 1368 982 1417 illa
1034 1363 1176 1417 visio
1209 1375 1523 1425 reservatur,
1554 1365 1619 1415 de
1656 1379 1755 1427 qua
1800 1363 2051 1414 Dominus

511 1436 636 1487 dicit
668 1455 676 1487 :
710 1436 769 1491 Si
798 1436 907 1503 quis
936 1435 1095 1501 diligit
1126 1450 1219 1493 me,
1253 1434 1485 1499 diligetur
1506 1452 1535 1483 a
1559 1432 1707 1484 Patre
1736 1448 1865 1503 meo,
1892 1441 1937 1481 et
1960 1446 2052 1503 ego

512 1506 718 1571 diligam
763 1502 896 1563 eum,
926 1514 969 1553 et
1004 1506 1323 1569 manifestabo
1364 1505 1407 1552 ei
1448 1503 1705 1568 ineipsum.
1756 1502 1813 1571 Et
1851 1502 1917 1552 de
1948 1502 2053 1571 liae

514 1568 707 1626 diclum
738 1587 813 1625 est
846 1589 858 1624 :
889 1572 1116 1624 Tollatur
1140 1568 1362 1639 impius,
1398 1588 1455 1622 ne
1485 1572 1643 1621 vident
1683 1570 1892 1637 gloriam
1938 1568 2050 1619 Dei.

514 1643 617 1694 Nec
650 1645 757 1696 liazc
786 1643 916 1695 visio
946 1643 1311 1699 exterioribus,
1350 1640 1440 1690 sed
1469 1650 1667 1691 tantum
1714 1639 2052 1689 interioribus

514 1713 680 1765 oculis
720 1714 908 1778 poterit
940 1711 1121 1762 videri.
1160 1708 1442 1769 Inrlinabo,
1480 1711 1709 1769 inquam,
1757 1721 1951 1768 autem,
2000 1714 2053 1778 tit

2151 540 2290 604 pensi
2322 540 2513 591 dictum
2544 549 2624 593 est
2656 558 2666 592 :
2703 539 2819 600 Ipse
2861 540 3183 591 insidiabitur
3212 539 3482 604 calcaneo
3520 545 3648 604 litor.
3692 542 3738 580 ll

2149 602 2370 660 conteres
2398 618 2549 674 caput
2578 612 2704 677 ejus.
2736 610 2961 675 Serpens
2988 612 3160 674 enim,
3190 610 3236 660 id
3281 618 3371 658 est
3439 602 3735 677 diuinitus,

2149 679 2397 729 calcaneo
2417 717 2429 737 ,
2461 670 2528 730 'id
2559 670 2669 738 eSt,
2705 670 2867 741 lapsui
2897 678 3071 730 carnis
3102 670 3298 729 nostra:
3334 685 3582 737 semper
3615 670 3737 722 insi-

2149 747 2397 810 diabitur,
2422 756 2478 799 ut.
2504 764 2593 811 per
2616 747 2666 799 id
2693 763 2786 799 nos
2808 748 3033 813 decipiat
3056 749 3108 799 in
3132 764 3235 810 qun
3262 746 3509 812 fragiles
3534 754 3735 813 sumus.

2151 815 2251 868 Sed
2286 831 2382 867 nos
2428 810 2585 881 caput
2614 819 2749 883 ejus,
2782 817 2828 867 id
2860 810 2957 873 est,
2997 817 3309 882 principium
3356 810 3737 883 siiggestionis

2150 884 2265 953 ejus
2298 884 2362 937 ad
2395 879 2589 949 petram
2614 879 2713 946 {id
2761 896 2860 947 est,
2892 879 3197 947 Chrisuim',
3230 894 3551 953 conterere
3577 879 3739 953 debe-

2152 948 2288 1016 mus,
2322 948 2478 1007 tie’ad
2508 954 2772 1017 etTectum,
2804 955 3024 1013 scilicet.
3056 954 3411 1021 producatur,
3453 948 3587 1013 quia
3621 948 3737 1021 bfa:

2152 1033 2234 1076 tus
2262 1013 2342 1075 est
2379 1024 2465 1088 qui
2512 1024 2710 1076 tenebit
2752 1013 2805 1076 et
2847 1024 3023 1076 allidet
3050 1013 3168 1075 eum
3213 1024 3275 1073 ad
3327 1030 3581 1087 petram.

2150 1096 2270 1159 quia
2300 1086 2446 1156 quasi
2488 1092 2625 1145 dicat
2672 1092 2721 1143 in
2757 1102 3009 1155 potestate
3048 1108 3160 1145 mea
3208 1102 3285 1144 est
3310 1086 3337 1152 ,7
3378 1092 3513 1141 lizec
3555 1086 3733 1138 omnia

2152 1163 2229 1213 vel
2260 1161 2494 1213 devitarc
2523 1162 2788 1223 devitabo,
2821 1174 2871 1215 et
2902 1162 2978 1213 sic
3015 1162 3138 1213 nihil
3173 1164 3356 1213 timeo.

2224 1230 2321 1295 Qui
2351 1232 2629 1295 conﬁdunt.
2663 1231 2913 1284 Describit
2940 1230 3025 1295 qui
3057 1232 3161 1282 sint
3187 1232 3259 1281 illi
3285 1231 3375 1293 qui
3414 1228 3658 1277 timeant
3688 1224 3732 1273 in

2152 1300 2236 1352 die
2262 1300 2419 1359 mala,
2449 1301 2526 1351 vel
2556 1315 2682 1366 quos
2710 1301 2946 1367 iniquitas
2973 1299 3194 1350 caleanei
3220 1297 3604 1367 circumdabit,
3630 1310 3735 1342 om.

2153 1385 2245 1421 tlt‘8
2289 1368 2357 1421 illi
2398 1364 2598 1421 scilicet
2634 1370 2721 1435 qui
2759 1364 3014 1431 conﬁdunt
3056 1370 3106 1419 in
3146 1370 3330 1419 virtute
3368 1382 3494 1417 sua.
3556 1364 3736 1435 Potest

2152 1453 2361 1505 quoque
2390 1438 2629 1503 supeiior
2648 1434 2841 1489 tersus
2872 1446 3009 1489 totus
3038 1438 3136 1491 sub
3176 1436 3616 1501 interrogatione
3643 1469 3658 1492 ,
3688 1434 3729 1505 si

2152 1503 2431 1574 qiiis‘nolit
2461 1508 2670 1567 dicere,
2706 1508 2841 1569 quod
2872 1508 3133 1571 perlectus
3166 1508 3253 1558 ille
3292 1508 3381 1573 qui
3419 1505 3515 1554 liic
3554 1503 3727 1574 loqui:

2154 1571 2257 1639 tiir,
2304 1578 2434 1628 alios
2467 1578 2515 1628 in
2563 1592 2619 1628 se
2652 1574 3010 1627 transferendo
3033 1615 3049 1638 ,
3096 1571 3436 1636 timeatfseil
3472 1574 3544 1623 sit
3580 1571 3729 1635 quasi

2152 1646 2293 1697 dicat
2327 1664 2336 1696 :
2372 1647 2477 1705 ligo
2521 1648 2599 1695 Vl'l
2630 1645 2800 1709 quivis
2846 1645 3102 1711 perlectus
3128 1686 3141 1705 ,
3191 1659 3285 1697 cur
3314 1642 3638 1694 timebimus
3680 1640 3729 1688 iu

2153 1715 2233 1765 die
2274 1716 2448 1765 mala?
2486 1713 2725 1775 Nunquid
2757 1714 2894 1765 enim
2937 1715 3171 1780 iniquitas
3200 1716 3423 1763 caleana'
3476 1711 3582 1760 mei
3627 1711 3727 1771 ci!-

514 1773 743 1843 audiain,
773 1790 825 1833 et
853 1781 1040 1831 deinde
1080 1781 1302 1847 aperiam
1348 1779 1734 1844 propositionem
1776 1792 1956 1835 meum,
2001 1773 2050 1857 id

2177 1773 2777 1857 ‘_tti_n_dabil_me{Utique
2824 1797 2923 1857 non
2949 1822 2961 1841 ,
2998 1773 3116 1849 quia
3151 1786 3293 1834 solos
3335 1782 3453 1857 iilos
3490 1792 3727 1831 circnm-

515 1862 617 1913 est,
649 1851 768 1902 illtid
798 1850 933 1915 quod
966 1842 1219 1911 posui'ine
1261 1842 1594 1897 ostensurum
1624 1848 1672 1898 in
1703 1845 1961 1912 psalterio,

518 1927 616 1980 est,
636 1913 913 1985 incorpore
931 1933 1020 1982 per
1033 1917 1386 1985 Operationem
1398 1957 1409 1965 .
1430 1916 1569 1969 Sient
1588 1920 1723 1967 enim
1741 1916 1969 1967 musicus
1983 1913 2066 1964 ali-

517 1987 805 2055 qtiisutitur
823 1987 1089 2054 psalterio,
1112 1996 1166 2038 ut
1187 1988 1534 2055 instrumento
1551 1986 1811 2035 adsonum
1836 1984 2061 2055 aliquem

520 2051 917 2124 perliciendum,
952 2058 1025 2107 sic
1048 2057 1218 2107 anima
1244 2054 1405 2106 utitur
1427 2057 1772 2105 instrumento
1802 2051 2060 2124 corporis,

518 2120 583 2178 ad
622 2127 670 2179 id
711 2129 849 2192 quod
894 2142 920 2175 a
969 2125 1194 2176 Veritate
1226 2124 1667 2175 illlel'illS‘htltilVil
1696 2120 2058 2192 aperiendum.

524 2186 830 2260 lixpresSius
858 2196 998 2248 enim
1020 2194 1354 2263 cognoscitur.
1374 2194 1580 2259 quando
1607 2191 1825 2244 indictis
1845 2199 1897 2243 et
1919 2186 2067 2240 lactis

520 2276 770 2332 aperitur.

588 2334 689 2385 Cur
723 2336 898 2387 timebo
926 2335 973 2384 in
1008 2335 1088 2385 die
1115 2334 1287 2384 mala?
1314 2332 1549 2398 iniquitas
1585 2332 1803 2383 calcanei
1832 2329 1925 2379 mei
1960 2328 2069 2376 cir-

519 2406 768 2454 cumdabit
790 2420 883 2456 me.
912 2406 999 2457 Sic
1018 2405 1346 2453 continuatur
1373 2418 1383 2449 :
1421 2402 1540 2451 Dico
1564 2402 1680 2466 quia
1707 2400 1927 2462 aperiam
1956 2411 2071 2464 pro-

522 2474 817 2537 positionem
846 2489 1023 2523 meam.
1055 2472 1172 2524 Hice
1196 2481 1364 2522 autem
1390 2481 1467 2521 est
1496 2471 1576 2520 illa
1606 2467 1888 2536 propositio
1911 2483 1928 2537 ρ
1964 2466 2071 2532 Ego

525 2534 602 2593 vel
628 2543 740 2606 quis
761 2544 889 2595 alter
912 2558 1002 2594 cur
1024 2540 1319 2593 timebimus
1343 2540 1391 2589 in
1414 2539 1493 2587 die
1520 2534 1689 2590 maia?
1713 2538 1829 2589 Ideo
1852 2534 2069 2596 scilicet,

524 2611 641 2676 quia
672 2613 903 2679 iniquitas
934 2612 1149 2663 calcanei
1179 2609 1503 2679 circumdabit
1550 2624 1643 2679 nos
1667 2646 1687 2679 ,ν
1717 2607 1863 2673 quasi
1892 2606 2026 2679 dicat
2057 2620 2068 2653 :

526 2674 648 2733 Hinc
670 2674 823 2733 causa
854 2682 1050 2734 timoris
1078 2684 1125 2731 in
1159 2687 1412 2745 potestate
1445 2678 1591 2729 liberi
1619 2677 1817 2729 arbitrii
1847 2674 1948 2726 inci
1972 2680 2071 2745 est,

529 2759 582 2800 ut
612 2752 801 2815 possint
830 2766 943 2803 eam
981 2741 1291 2809 admittere,
1337 2747 1412 2798 vel
1446 2748 1623 2797 vitare.
1648 2745 1840 2798 ‘Vitabo
1864 2784 1877 2805 ,
1908 2752 1959 2815 et
1999 2741 2075 2793 sic

528 2821 577 2869 in
606 2814 686 2869 die
715 2820 843 2869 mala
875 2834 976 2870 ti0ii
1021 2820 1227 2879 timebo,
1261 2816 1351 2867 Sed
1382 2816 1636 2881 gaudebo.
1674 2817 1790 2866 l).cs
1821 2814 1951 2864 mala
1997 2819 2077 2862 est

528 2892 633 2939 dies
675 2890 975 2939 (uicinitatis
1024 2899 1069 2938 et
1115 2887 1361 2950 iiiiieriw,
1412 2901 1525 2952 qua:
1558 2886 1733 2936 inultis
1776 2886 1874 2935 erit
1917 2882 2073 2941 mala,

529 2959 706 3009 multis
729 2960 883 3009 etiam
908 2963 1061 3009 bona.
1089 2956 1234 3008 Siiut
1256 2956 1392 3006 enim
1420 2954 1549 3006 mala
1578 2954 1838 3021 perituris,
1859 2954 1923 3002 ita
1943 2954 2076 3021 bona

529 3027 812 3079 saltandis.
858 3026 910 3078 In
941 3042 1035 3094 qua
1073 3024 1332 3091 perfectus
1374 3027 1468 3076 iste
1499 3018 1588 3090 qui
1633 3025 1726 3094 liicq
1756 3018 2079 3094 loqudurﬂti—

531 3111 670 3148 ntere
700 3111 757 3149 se
784 3096 927 3157 dicit,
959 3088 1304 3161 iion'propter
1332 3108 1410 3161 se,
1440 3088 1529 3145 sed
1562 3088 2077 3161 transleiendoalios

531 3166 581 3217 iit
612 3182 686 3215 sc.
719 3166 865 3229 Quod
898 3176 1070 3215 autem
1098 3160 1237 3213 dicit
1272 3180 1282 3212 :
1316 3160 1565 3228 Iniquitas
1594 3165 1810 3212 calcanei
1852 3160 1944 3209 mei
1974 3160 2076 3209 cir-

523 3235 780 3286 cumdabit
823 3249 929 3293 me,
965 3233 1037 3284 sic
1071 3240 1241 3298 potest
1279 3233 1471 3299 accipi,
1507 3240 1560 3281 ut
1603 3247 1692 3297 per
1738 3229 2037 3281 Calcaiieum
2064 3264 2079 3288 ,

529 3304 617 3367 qui
663 3318 780 3367 pius
810 3304 955 3369 pedis
986 3312 1087 3367 est,
1134 3316 1223 3367 pes
1254 3310 1393 3354 totus
1425 3302 1776 3368 intelligatur;
1818 3309 1867 3349 et
1901 3305 2079 3358 postea

532 3372 579 3421 id
625 3386 715 3437 per
744 3372 880 3439 quod
914 3372 968 3424 ﬁt
998 3373 1121 3439 (pro
1159 3387 1221 3424 eo
1262 3373 1396 3437 quod
1432 3370 1512 3438 lit)
1539 3408 1553 3431 ,
1594 3370 1831 3427 scilicet,
1869 3378 2082 3439 pesiiro

532 3434 637 3492 via:
676 3434 781 3494 Etsi
812 3434 1087 3495 calcaueiis
1129 3434 1305 3494 noster
1334 3434 1504 3493 erunt'
1534 3441 1627 3490 viae
1669 3448 1859 3488 nostrae
1886 3475 1900 3493 ,
1944 3434 2039 3484 vim
2066 3470 2080 3493 ,

532 3512 753 3574 scilicet,
786 3526 977 3578 pravm.
1009 3511 1265 3574 Quidquid
1297 3512 1433 3560 enim
1461 3525 1520 3559 ex
1551 3516 1727 3559 nostro
1755 3505 2079 3578 habebitiius,

541 3595 753 3644 pravmn
784 3574 918 3639 erit;
952 3582 1088 3647 quod
1123 3594 1244 3629 \ero
1273 3595 1336 3629 ex
1371 3580 1473 3627 Deo
1495 3618 1507 3638 ,
1546 3579 1733 3626 bonum
1761 3583 1860 3627 est.
1895 3576 1958 3647 Iit
1985 3574 2083 3623 erit

538 3648 645 3699 haec
676 3652 929 3700 sententia
961 3646 977 3699 :7
1008 3648 1253 3713 lniqiiitos
1281 3649 1501 3698 calcatiet
1536 3647 1646 3705 mei,
1679 3647 1723 3696 iil
1754 3656 1851 3704 cst,
1885 3646 2081 3694 viarum

539 3732 769 3769 mearum
797 3757 809 3777 ,
857 3735 969 3781 qua:
1011 3734 1179 3785 pravae
1221 3729 1359 3777 sunt,
1392 3718 1715 3767 circumdabit
1758 3714 1935 3785 nie,‘id
1981 3721 2079 3785 est,

538 3787 795 3852 opprimet
824 3803 905 3839 uie
933 3789 983 3838 in
1011 3781 1095 3839 die
1140 3788 1292 3838 mula.
1328 3787 1388 3837 Et
1422 3788 1530 3837 illl‘C
1572 3796 1672 3837 erit
1704 3782 1901 3833 timoris
1941 3781 2040 3832 tnei
2067 3818 2080 3840 ,

544 3857 624 3907 vel
653 3856 929 3921 cujuslibet
958 3872 1131 3909 cansa.
1166 3857 1267 3908 Sed
1297 3856 1413 3921 quia
1457 3858 1505 3907 in
1540 3861 1795 3919 potestate
1825 3852 1969 3903 liberi
2001 3864 2085 3897 ar-

539 3925 679 3979 bitrii
724 3930 882 3978 nosm
924 3936 1003 3981 est
1034 3935 1086 3977 ut
1132 3940 1317 3991 piavas
1356 3926 1463 3975 vias
1495 3927 1795 3974 insistemus
1821 3960 1835 3983 ,
1872 3922 2085 3991 veliion

539 3998 767 4047 vitemus
789 3995 895 4047 vias
920 3987 1201 4060 pravas-et
1226 3997 1523 4044 insistainns
1545 3992 1679 4043 viain
1705 4000 1917 4049 rectam,
1947 3987 2084 4039 illam

541 4067 737 4117 scilicet
768 4082 879 4131 qua:
924 4066 1050 4116 dicit
1079 4070 1141 4115 de
1183 4078 1238 4114 sc
1272 4081 1282 4112 :
1320 4061 1425 4128 Ego
1455 4077 1564 4112 sunt
1604 4061 1698 4123 ria,
1729 4069 1771 4110 et
1795 4062 2083 4131 _reritas,_et_

540 4135 643 4183 vita
670 4172 683 4192 ,
722 4126 891 4184 t't'sic
934 4148 1033 4183 non
1071 4126 1404 4193 timebimus,
1456 4131 1559 4183 ituo
1587 4129 1947 4198 gaudebimus.
1997 4126 2085 4198 Vel

540 4204 715 4259 aliter.
763 4216 852 4265 per
883 4202 1181 4252 caleanenm
1230 4202 1375 4251 facile
1405 4196 1721 4259 subruiniur,
1761 4200 1877 4263 quia
1923 4196 2088 4265 magis

541 4270 590 4321 ei
624 4264 909 4329 innitimur,
941 4280 993 4321 et
1038 4269 1150 4319 ideo
1184 4284 1273 4333 per
1302 4270 1600 4319 calcaneuin
1650 4278 1855 4333 peccata
1890 4268 1977 4317 illa
2018 4264 2089 4313 si-

540 4348 788 4407 gnantur,
821 4340 1007 4403 quibus
1036 4338 1237 4388 lacilius
1266 4337 1327 4386 ad
1354 4339 1613 4389 interitum
1640 4333 2087 4407 διιῠτιιὶηιιιι-,ιωὶ-

545 4402 787 4469 ininalia,
818 4402 1035 4459 scilicet.
1086 4408 1239 4461 Juxta
1270 4409 1402 4472 quod
1445 4409 1519 4457 sic
1555 4407 1755 4458 dieelur
1789 4422 1800 4454 :
1840 4402 2088 4470 lniquitas

541 4477 762 4526 calcaiiei
795 4479 916 4539 mei,
952 4479 999 4527 id
1031 4486 1128 4537 est,
1163 4476 1333 4542 iniqua
1367 4476 1637 4527 subversio
1674 4490 1807 4537 mea,
1839 4474 2085 4526 crimina-

546 4544 863 4619 lia,,sci|icct
890 4558 1153 4619 ,_pectjatzi
1185 4547 1575 4619 circumdabqu
1610 4560 1690 4596 me
1722 4546 1771 4594 in
1804 4544 1883 4594 die
1910 4543 2042 4592 mala
2070 4581 2083 4602 ,

546 4623 601 4664 et
645 4613 759 4666 ideo
790 4613 1000 4665 timebo.
1042 4615 1125 4665 Vel
1158 4618 1306 4665 aliter
1336 4633 1344 4663 :
1380 4615 1665 4667 Calcaneus
1704 4628 1933 4664 extrema
1969 4626 2086 4677 pars

548 4683 694 4747 pedis
723 4694 822 4745 est,
852 4694 901 4735 et
931 4684 1045 4734 ideo
1082 4700 1169 4748 per
1201 4685 1497 4733 (ait‘at.cllttt
1537 4684 1835 4749 designatur
1868 4683 2087 4731 liiialttits

546 4768 758 4815 operum
782 4793 793 4811 ,
826 4754 874 4803 iii
907 4770 1058 4819 quam
1094 4754 1240 4803 nobis
1274 4751 1511 4802 diabolus
1545 4755 1765 4803 maxime
1798 4752 2085 4813 insidiatur,

547 4824 665 4886 quia
698 4824 737 4872 si
776 4822 892 4874 liuis
923 4824 1086 4874 malus
1120 4823 1292 4885 fuerit,
1329 4824 1629 4886 praecedens
1661 4824 1759 4869 vita
1794 4821 1923 4869 nihil
1960 4821 2089 4875 vale-

550 4892 644 4940 bit.
680 4889 744 4941 [Α
771 4894 918 4944 aliter
950 4913 959 4942 :
993 4896 1087 4945 l’ct'
1127 4899 1425 4943 taleaiieutu
1458 4892 1505 4941 in
1535 4905 1634 4953 quo
1668 4889 1865 4939 “I‘IIIIUS
1892 4902 2090 4939 stamus

549 4970 716 5009 status
748 4971 923 5012 noster
951 4964 1269 5027 designatur,
1307 4963 1586 5016 humilitas,
1620 4958 1818 5010 scilicet
1846 4996 1859 5019 ,
1891 4977 1941 5009 et
1969 4963 2090 5007 ctia-

553 5039 701 5087 i'itas,
734 5042 847 5091 quat
876 5044 1079 5093 setttper
1110 5032 1157 5079 iit
1193 5031 1341 5079 nobis
1372 5030 1611 5079 diabolus
1644 5044 1731 5087 ier
1759 5044 1936 5079 eorum
1962 5040 2089 5075 Coti-

552 5106 710 5145 ti-aria
762 5097 1027 5146 destruere
1078 5114 1314 5147 (OllilJlt‘.
1370 5099 1501 5149 Dicit
1551 5100 1687 5148 enim
1738 5103 1914 5150 beatus
1964 5098 2091 5144 (.re—

552 5166 769 5231 gorins:
808 5182 825 5213 ι
860 5166 983 5227 Quia
1027 5181 1127 5216 nou
1169 5176 1312 5216 curat
1358 5176 1410 5215 ut
1452 5180 1625 5217 nostra
1675 5170 1852 5226 tollat,
1900 5166 1988 5215 sed
2037 5172 2094 5214 ut

552 5233 861 5285 i-iiaritatem
918 5238 965 5283 in
1012 5236 1161 5285 nobis
1210 5236 1376 5285 let-iui.
1415 5253 1433 5283 ι
1481 5236 1621 5286 Talis
1670 5252 1793 5302 ergo
1838 5245 2091 5287 εειιιριιιιιι

554 5314 635 5355 est
669 5322 681 5355 :
714 5304 831 5355 Ideo
860 5303 909 5353 iti
941 5304 1023 5353 die
1051 5306 1183 5353 mala
1219 5306 1435 5365 timebo,
1470 5321 1582 5369 quia
1616 5306 1845 5371 tmqnitas
1876 5303 2094 5354 caleanii

556 5374 651 5425 ιιοεὶ
676 5413 689 5435 ,
723 5375 769 5424 id
802 5385 879 5425 est
906 5413 920 5437 ,
958 5373 1129 5437 iniqua
1168 5374 1445 5425 -Sllb\el‘>i0
1490 5390 1599 5435 ejus
1624 5413 1636 5433 ,
1671 5376 1717 5424 in
1750 5389 1847 5439 qua
1895 5372 2094 5423 liimius

554 5454 693 5493 stare
722 5444 897 5504 debui,
933 5442 979 5493 id
1012 5454 1109 5503 est,
1142 5443 1411 5493 iliaiitatis
1450 5455 1493 5491 et
1529 5444 1849 5501 humilitatis,
1882 5446 2094 5493 (“ircum—

554 5513 691 5563 dttbil
737 5528 839 5573 me,
876 5514 922 5563 Id
955 5522 1054 5569 est.
1087 5511 1348 5577 oppiitnel
1390 5528 1469 5563 tne
1510 5514 1595 5561 tbi.
1636 5512 1719 5562 Vel
1766 5515 1952 5566 aliter:
2000 5513 2093 5561 l’er

557 5590 885 5645 caieaneuin,
928 5598 1012 5646 qui
1062 5592 1215 5633 terra:
1254 5585 1479 5632 adita-ret
1506 5619 1519 5641 ,
1568 5583 1795 5632 carnalia
1842 5582 2091 5635 desideria

556 5650 914 5717 designantur,
959 5653 1146 5717 quibus
1178 5670 1269 5705 nos
1314 5654 1627 5703 inliicrentes
1657 5652 1804 5702 laede
1853 5655 2087 5702 labimur.

558 5716 623 5768 ιιι
650 5724 764 5770 ldttt
797 5737 957 5788 magis
978 5716 1032 5775 iii
1068 5722 1165 5774 bac
1197 5738 1249 5771 ro
1292 5722 1505 5775 insidias
1534 5722 1820 5775 inCtilllUt‘lS
1850 5733 2087 5789 patimur,

2161 1853 2322 1917 dabit,
2351 1853 2435 1918 qui
2466 1852 2720 1917 confidunt
2749 1852 2799 1902 in
2828 1852 3005 1903 virtute
3029 1868 3143 1915 sua,
3178 1853 3225 1902 id
3266 1864 3365 1912 est,
3398 1851 3465 1900 de
3492 1863 3555 1899 se
3586 1862 3723 1913 pra:-

2161 1917 2449 1984 sumentes,
2494 1932 2545 1975 et
2574 1936 2676 1971 non
2709 1923 2757 1971 iii
2799 1920 3019 1973 Domino
3046 1932 3316 1987 sperantes
3342 1958 3355 1977 .
3394 1930 3446 1970 et
3476 1918 3570 1981 qui
3613 1917 3725 1981 glo-

2164 1992 2364 2042 riantur
2398 1992 2445 2041 in
2472 1991 2801 2041 multitudine
2839 2004 3047 2041 suarum
3076 2030 3089 2051 ,
3135 1990 3182 2041 id
3234 2001 3315 2041 est
3341 2029 3354 2050 ,
3388 1999 3722 2038 terrenarum

2164 2059 2481 2122 divitiarum,
2519 2074 2621 2110 non
2664 2060 2715 2110 iii
2750 2057 2987 2121 Domino,
3018 2060 3103 2124 qui
3136 2060 3391 2125 promittit
3428 2055 3720 2107 humilibus

2164 2129 2514 2191 altitudinem,
2545 2128 2695 2181 elatis
2729 2128 2954 2179 [uitiatur
2978 2128 3391 2179 damnationem.

2236 2196 2418 2249 Frater
2463 2216 2561 2250 non
2590 2198 2820 2257 redimit,
2867 2206 2967 2249 etc.
3002 2194 3327 2267 Gloriantur,
3376 2198 3591 2267 inquam
3620 2232 3634 2251 ,
3668 2192 3714 2243 in

2166 2268 2361 2320 divitiis
2390 2310 2403 2329 ,
2452 2270 2501 2319 in
2551 2267 2738 2333 quibus
2780 2282 2882 2318 non
2928 2275 3006 2317 est
3036 2264 3402 2331 gloriandum,
3446 2264 3567 2329 quia
3618 2274 3713 2333 nec

2168 2339 2323 2389 etiam
2358 2339 2407 2388 in
2453 2330 2651 2397 amicis,
2687 2337 2821 2402 quod
2856 2330 3288 2400 pretiosissimum
3325 2348 3486 2400 genus
3517 2342 3601 2383 est
3630 2330 3711 2381 di-

2171 2409 2437 2467 vitiarum,
2472 2422 2573 2458 non
2601 2414 2680 2457 est
2709 2405 3058 2471 gloriandum.
3092 2406 3152 2456 Et
3174 2419 3296 2457 vere
3322 2404 3370 2454 in
3398 2402 3581 2454 amicis
3610 2414 3711 2450 non

2170 2486 2250 2528 est
2293 2477 2655 2543 gloriandum,
2703 2472 2818 2539 quia
2853 2476 3007 2525 liomo
3051 2475 3379 2543 simpliciter,
3429 2480 3703 2536 quantum-

2172 2542 2376 2610 cunque
2416 2546 2479 2596 sit
2524 2544 2723 2595 amicus
2751 2582 2764 2601 .
2787 2557 2889 2595 non
2936 2544 3151 2595 redimet
3180 2542 3404 2607 aliquem
3439 2556 3465 2591 a
3496 2550 3705 2590 ventura

2175 2616 2268 2665 ita.
2322 2614 2381 2664 Et
2417 2628 2534 2665 vere
2567 2614 2721 2663 liuiiio
2770 2628 2870 2663 non
2905 2613 3123 2664 redimet
3147 2653 3159 2672 ,
3195 2612 3311 2676 quia
3358 2612 3510 2661 etiim
3553 2610 3707 2676 frater

2178 2684 2333 2734 liniun
2380 2697 2479 2733 non
2529 2682 2766 2735 redimet.
2819 2680 3001 2733 Frater
3033 2682 3128 2733 iste
3176 2675 3334 2731 lioiiio
3372 2689 3453 2731 est
3494 2680 3579 2728 ille
3620 2675 3703 2738 qui

2177 2768 2328 2803 verus
2360 2752 2489 2801 lii-ns
2518 2762 2569 2803 et
2600 2766 2752 2803 verus
2784 2752 2941 2803 homo
2969 2762 3082 2812 est;
3112 2754 3194 2819 qui
3227 2749 3356 2799 dixit
3386 2764 3396 2819 ς
3433 2748 3525 2808 Ite,
3564 2758 3695 2793 Mt!!!-

2177 2824 2295 2873 tiate
2322 2821 2559 2885 fratribus
2588 2823 2738 2881 meis,
2773 2832 2825 2873 et
2850 2836 2966 2872 cuni
2997 2838 3100 2887 quo
3128 2818 3335 2873 l'atrcni
3383 2818 3531 2887 Deum
3557 2829 3698 2864 cam-

2179 2907 2387 2943 munein
2417 2892 2681 2943 habemus.
2712 2889 2856 2943 Unde
2886 2886 3099 2941 neceSse
3127 2900 3205 2941 est
3230 2900 3279 2937 ut
3309 2886 3535 2951 quisquis
3558 2891 3699 2932 vocat

2180 2962 2323 3012 illum
2365 2960 2569 3012 Patrem
2611 2972 2757 3013 vocet
2785 2968 2837 3013 et
2863 2959 2997 3010 hunc
3028 2958 3258 3010 fratrem.
3290 2956 3387 3019 Qui
3427 2956 3574 3005 bonio
3603 2958 3697 3000 tra-

2181 3040 2278 3089 ter,
2314 3030 2429 3081 licet
2459 3043 2640 3081 omnes
2684 3032 3027 3081 communiter
3058 3027 3337 3079 redeuierit
3362 3066 3375 3085 ,
3415 3024 3454 3075 si
3483 3024 3542 3073 ad
3582 3035 3693 3071 eunt

2181 3100 2517 3157 accesserint,
2552 3099 2669 3151 illos
2697 3109 2864 3149 tamen
2894 3112 2994 3148 non
3024 3096 3261 3155 redemit,
3293 3096 3377 3160 qui
3408 3093 3692 3155 sanguinein

2177 3168 2302 3235 justi
2329 3169 2656 3227 conculcant,
2682 3177 2733 3218 et
2760 3176 2976 3232 pretium
3002 3182 3150 3217 suum
3170 3179 3281 3235 rltOtt
3309 3165 3503 3235 bibunt,
3528 3160 3569 3211 id
3596 3168 3690 3219 est,

2180 3233 2267 3301 qui
2297 3254 2398 3288 non
2431 3237 2755 3288 deli-Ctanttir
2782 3241 2829 3287 iit
2863 3236 3105 3301 paSsione
3132 3234 3265 3301 ejus,
3293 3233 3383 3283 sed
3415 3233 3479 3301 ing
3495 3243 3694 3279 vacuum

2181 3298 2397 3372 gratiam
2442 3305 2529 3357 Dei
2570 3306 2819 3372 recipiunt
2839 3298 2876 3365 ;’
2898 3305 3035 3355 unde
3067 3298 3347 3369 Apostolus
3378 3318 3391 3351 :
3422 3298 3694 3372 ﬂuitant"

2182 3368 2264 3426 iiiis
2296 3391 2357 3427 ne
2399 3376 2449 3425 in
2477 3368 2691 3426 vacuum
2726 3376 2937 3441 gratiam
2970 3373 3057 3422 Dei
3088 3368 3335 3440 recipiatis
3362 3386 3374 3430 ;
3416 3370 3580 3425 frater,
3621 3368 3694 3416 iu-

2182 3459 2359 3504 nuam,
2387 3442 2544 3495 homo
2574 3460 2672 3493 non
2703 3440 2907 3493 redimit
2931 3457 3075 3503 eum,
3104 3456 3153 3493 ei
3188 3444 3284 3491 boc
3310 3442 3445 3499 ideo,
3472 3440 3583 3503 quia
3604 3449 3690 3484 non

2184 3512 2319 3563 dabit
2349 3512 2472 3573 Deo,
2506 3512 2554 3565 id
2587 3521 2683 3572 est,
2714 3512 2784 3563 illi
2810 3512 3003 3562 liomiiii
3038 3511 3178 3562 t’ratri
3203 3520 3527 3574 placatione»:
3546 3518 3691 3565 suam,

2185 3585 2232 3634 id
2262 3592 2369 3645 est,
2401 3586 2606 3649 proprie
2636 3583 2696 3633 ad
2730 3583 2895 3646 ipsum
2942 3584 3316 3647 pertinentem,
3347 3579 3536 3649 scilicet
3558 3612 3571 3634 ,
3598 3587 3689 3624 non

2183 3648 2432 3704 exhibent
2464 3667 2637 3703 veram
2686 3650 3029 3702 liutniiitateut
3060 3660 3111 3701 et
3141 3664 3315 3699 veram
3346 3648 3688 3704 obelienttam,

2185 3738 2277 3787 per
2302 3736 2419 3785 quae
2465 3721 2629 3785 ipsum
2665 3722 2922 3783 placatum
2962 3718 3059 3769 sibi
3104 3718 3322 3775 reddat,
3355 3718 3485 3766 sicut
3520 3724 3569 3787 et
3598 3715 3693 3775 ipse

2188 3786 2392 3841 Patrem
2428 3802 2515 3853 per
2555 3803 2612 3840 ea
2663 3788 2899 3853 placavit.
2925 3787 3073 3852 Quod
3122 3798 3201 3837 est
3237 3788 3460 3838 brevuer
3500 3786 3689 3834 dicere:

2187 3858 2314 3922 Quia
2360 3874 2459 3909 non
2494 3857 2720 3908 imitatur
2750 3874 2865 3907 cuttt
2891 3897 2904 3919 ,
2936 3868 2989 3909 et
3032 3857 3149 3923 quia
3182 3872 3286 3907 non
3330 3858 3470 3906 dabit
3498 3854 3690 3923 pretium

2189 3921 2559 3994 ieilemptionis
2585 3927 2769 3977 animae
2800 3942 2905 3979 sua:
2931 3965 2945 3987 ,
2978 3927 3026 3977 id
3053 3921 3171 3987 est,
3205 3942 3297 3991 per
3326 3924 3459 3989 quod
3482 3921 3695 3994 redimat

2187 3990 2413 4049 animum
2438 4012 2601 4048 suam.
2635 3996 2704 4047 De
2738 3998 2833 4046 lioc
2861 3997 3026 4061 pretio
3051 3996 3175 4047 dicit
3204 3990 3453 4046 Dominus
3479 3993 3523 4041 in
3554 3990 3694 4061 Evan-

2190 4068 2324 4127 nelio
2369 4084 2381 4117 :
2427 4065 2596 4115 Facite
2624 4065 2754 4115 vobis
2794 4060 2980 4117 amicos
3010 4066 3071 4115 de
3115 4067 3400 4113 mummium
3429 4060 3690 4125 iniquitatis.

2192 4137 2481 4186 Maminona
2519 4137 2717 4199 syriaco
2748 4134 2919 4199 lingua
2949 4146 3029 4185 est
3063 4138 3310 4198 pecunia,
3337 4142 3390 4184 et
3413 4130 3609 4193 pecunia
3629 4136 3695 4178 est

2193 4207 2383 4271 iniqua,
2411 4204 2528 4266 quia
2553 4201 2676 4253 uicit
2700 4204 2879 4255 beatus
2904 4204 3185 4270 lliemuyiii
3215 4219 3253 4253 ιε
3284 4221 3295 4251 :
3331 4220 3347 4249 ι
3380 4200 3552 4251 Omnis
3570 4200 3695 4246 dites

2193 4283 2277 4323 aut
2309 4284 2386 4323 est
2415 4273 2639 4337 iniquus,
2668 4284 2754 4321 aut
2784 4274 2950 4325 turres
2981 4273 3161 4338 iniqui.
3194 4274 3301 4323 lloc
3330 4282 3497 4319 autem
3521 4280 3693 4315 sumini

2194 4343 2434 4407 iniquitas
2464 4349 2563 4401 est,
2606 4340 2649 4391 si
2680 4341 2813 4405 quod
2861 4342 2995 4392 Dens
3041 4342 3161 4392 l’ecit
3200 4351 3497 4397 Commune,
3528 4338 3691 4399 aliqtus

2194 4414 2289 4462 sibi
2322 4412 2414 4463 siili
2457 4411 2711 4477 privatum
2754 4411 2877 4462 velit
2918 4416 3102 4461 lacere.
3140 4428 3158 4459 ι
3203 4411 3333 4460 Alibi
3379 4420 3553 4459 rursus
3590 4408 3696 4454 diot

2118 4468 2167 4525 D
2198 4468 2485 4531 υοιιιιιιιιε’;
2520 4477 2691 4530 Facite
2720 4482 2851 4531 vobis
2882 4481 3102 4530 sacculos
3135 4496 3231 4529 non
3264 4486 3694 4542 eompntriscenm,

2191 4554 2474 4601 thesaurum
2506 4566 2603 4599 non
2634 4550 2937 4615 deﬁcientem
2966 4550 3017 4599 in
3047 4550 3181 4600 caelis
3206 4590 3217 4609 ,
3255 4564 3355 4614 quo
3400 4546 3480 4597 fur
3506 4560 3598 4593 non
3623 4556 3695 4593 ac-

2191 4619 2359 4680 cedit,
2398 4630 2449 4670 et
2492 4619 2627 4670 tinea
2671 4634 2773 4671 non
2814 4620 3061 4670 corrodit.
3092 4620 3180 4669 Ille
3209 4631 3351 4668 enim
3383 4616 3592 4678 pretium
3632 4624 3698 4663 re-

2192 4688 2506 4755 demptionis
2537 4690 2723 4739 anima:
2760 4703 2865 4738 sua:
2897 4704 3013 4739 vere
3054 4688 3162 4744 dat,
3194 4688 3279 4751 qui
3320 4690 3475 4755 digne
3498 4684 3698 4755 elegant-

2192 4750 2371 4825 synaiu
2409 4760 2516 4817 dat,
2550 4758 2598 4810 id
2642 4772 2742 4819 est,
2775 4758 2859 4823 qui
2892 4768 2946 4806 et
2972 4750 3283 4819 seipsuniet
3311 4769 3401 4804 sua
3430 4754 3535 4802 dat.
3576 4750 3699 4825 Unde

2193 4822 2389 4879 dictum
2418 4837 2496 4877 est
2525 4843 2535 4876 :
2566 4825 2693 4877 Date
2724 4822 3104 4893 eleieniOsynam,
3138 4836 3181 4875 et
3211 4839 3321 4873 ecce
3351 4825 3517 4872 omnia
3543 4822 3697 4868 nitiade

2192 4906 2305 4947 sunt
2337 4895 2485 4947 vobis.
2524 4894 2639 4946 Non
2684 4896 2843 4955 dabit,
2892 4896 3122 4961 inquam,
3168 4896 3382 4956 pretium
3425 4904 3513 4955 pro
3554 4901 3698 4961 annua

2191 4982 2304 5025 sua,
2337 4975 2381 5017 et
2411 4964 2528 5017 ideo
2556 4966 2799 5017 laborabit
2831 4966 2879 5014 in
2907 4957 3146 5015 retentum
3171 5003 3184 5021 ,
3220 4964 3270 5013 id
3308 4974 3387 5013 est
3411 4999 3425 5022 ,
3456 4957 3697 5024 temporali

2194 5038 2305 5098 ejus
2328 5035 2667 5086 sollicitudini
2693 5035 2917 5086 addetnr
2939 5033 3233 5084 sollicitudo
3255 5043 3459 5082 :Btenm
3482 5032 3696 5098 miseria.

2196 5096 2253 5151 Et
2282 5107 2355 5153 sic
2386 5104 2503 5153 licet
2533 5105 2643 5168 ejus
2669 5112 2768 5152 Vita
2800 5104 3027 5161 limatur,
3073 5100 3218 5153 labor
3240 5115 3411 5153 tamen
3454 5114 3550 5168 non
3577 5096 3695 5168 linit:-

2196 5180 2294 5223 tur.
2330 5174 2391 5221 Et
2420 5172 2531 5238 ipse
2561 5165 2770 5225 veniens
2812 5174 2860 5222 in
2902 5170 3054 5222 linem
3093 5172 3208 5221 vita:
3268 5186 3416 5234 suze,
3472 5165 3694 5219 delicias:

2195 5242 2385 5291 seilicet
2410 5281 2423 5303 ,
2456 5256 2607 5307 quani
2638 5242 2732 5292 sibi
2765 5242 2935 5308 elegit,
2981 5252 3099 5291 emet
3126 5240 3293 5291 adhuc
3316 5280 3331 5304 ,
3368 5254 3467 5292 non
3496 5244 3548 5287 ut
3569 5247 3693 5284 coro-

2198 5320 2369 5373 netur,
2402 5315 2493 5363 sed
2526 5322 2577 5363 ut
2607 5312 2843 5377 puniatur
2880 5314 2925 5359 in
2958 5311 3180 5362 interno.

2268 5371 2386 5431 Non
2424 5371 2619 5431 ridebit'
2647 5381 2923 5429 interitum.
2959 5381 3074 5429 ideo
3104 5381 3290 5432 merito
3320 5377 3464 5428 labor
3489 5371 3591 5441 ejus
3615 5374 3690 5426 erit

2196 5456 2441 5513 :cternus,
2474 5453 2591 5517 quia
2624 5450 2733 5516 ipse
2766 5463 2930 5513 neque
2964 5450 3099 5501 νηιιί
3130 5445 3513 5511 neque-videbit,
3542 5442 3585 5517 id
3611 5456 3689 5503 est,

2199 5534 2299 5567 non
2346 5512 2573 5569 attendet
2611 5512 2791 5571 t'erutti
2832 5512 3097 5579 interitum,
3148 5518 3469 5571 interiorem.
3508 5512 3688 5571 scilicet,

2199 5590 2285 5637 sed
2318 5597 2511 5637 tantum
2540 5600 2874 5648 exteriorem,
2902 5603 3013 5637 cum
3036 5588 3212 5637 iiderit
3236 5587 3478 5653 sapientes
3502 5586 3691 5635 exterius

2200 5667 2474 5707 ittorientcs.
2512 5660 2640 5709 Dicit
2666 5672 2803 5709 ettiiit
2833 5656 2898 5707 ita
2928 5672 2941 5705 :
2972 5656 3107 5707 Ecce
3132 5660 3216 5707 litt:
3242 5660 3451 5724 sapiet»
3469 5663 3587 5715 erat,
3606 5664 3689 5702 ςα-

2201 5728 2307 5778 vire
2337 5724 2441 5779 Deo
2471 5730 2710 5781 omnibus
2747 5726 2913 5779 modis
2953 5724 3247 5792 satagebat;
3291 5736 3344 5782 et
3370 5736 3536 5781 tamen
3573 5732 3690 5776 inst-

2106 3132 2147 3189 C
