3898 6226
138 412 252 465 '37

840 411 901 465 IN
941 409 1341 465 Ρελιιιοιιυιι
1383 407 1630 462 LIBRUM
1675 406 2023 461 EXEGESIS.
2066 435 2129 446 —
2172 407 2409 462 PSALM.
2455 407 2673 462 XLVIII.

3238 407 3342 464 738

141 534 274 576 tuus
304 534 400 575 cst.
430 522 560 587 Quid
592 519 782 584 profuit
808 536 930 583 ergo
959 521 1005 572 ei
1037 522 1283 573 sancﬁtas
1307 519 1441 572 sua?
1469 518 1545 570 vel
1575 517 1695 586 quid
1732 522 1770 579 Α
1801 516 2008 582 placere
2044 516 2240 587 volunt,
2271 529 2327 571 ut
2356 532 2471 587 quin
2505 519 2600 582 ipsi
2632 531 2788 584 prave
2816 516 3081 580 insistunt,
3115 519 3193 571 eis
3222 535 3338 586 per-

140 595 285 659 juvit
313 608 430 644 eum
462 593 661 643 bonitas
683 591 810 646 sua?
836 590 964 642 Nihil
991 589 1186 656 utique.
1221 590 1352 656 Ergo
1374 589 1501 659 dum
1529 590 1695 659 vivam

142 657 432 728 cpulabor,
463 661 716 727 gaudelm.
765 660 865 711 Nec
897 659 945 711 in
992 665 1266 710 sanctitate
1297 657 1590 724 htijusmodi
1627 657 1698 708 la-

145 732 378 784 borabo.
416 731 475 780 Et
515 728 625 780 haec
653 728 829 780 dicens
868 730 1023 779 miser
1051 733 1363 780 exteriorem
1399 736 1617 785 tantum,
1648 733 1701 776 et

146 813 260 854 nOn
295 814 476 850 verum
506 798 694 849 mentis
719 798 938 849 attendit
970 797 1255 848 interitum.
1287 794 1352 847 Et
1375 797 1490 860 quia
1519 808 1696 844 verum

152 884 263 919 non
301 867 521 919 attendit
552 867 811 917 interitum
837 911 848 926 ,
881 865 996 918 ideo
1025 867 1258 929 insipiens
1284 873 1329 916 et
1375 865 1554 914 stultus
1585 879 1697 920 pcr-

148 939 245 988 ibit
274 938 447 998 simul,
481 937 528 987 id
557 945 658 994 est,
693 936 740 985 in
768 949 985 1000 corpore
1015 944 1066 985 et
1097 934 1288 985 anima.
1313 933 1564 999 liisipiens
1595 940 1696 994 est,

151 1008 399 1072 quisquis
428 1020 529 1056 non
555 1006 773 1055 attendit
802 1007 849 1054 in
882 1014 1073 1070 quinta
1103 1003 1180 1053 hic
1208 1004 1273 1053 sit
1305 1002 1541 1062 miseria;
1571 1001 1726 1053 Stul-'

157 1088 244 1127 tus
275 1091 421 1135 vero,
453 1074 538 1140 qui
570 1073 662 1123 sibi
696 1087 794 1124 non
830 1073 1064 1125 providet
1096 1073 1142 1120 in
1173 1073 1363 1122 futuro.

235 1143 301 1194 Et
330 1136 568 1210 relinquet
608 1142 784 1191 alienis
812 1140 1011 1191 divitias
1047 1156 1180 1190 suos.
1222 1140 1468 1210 Peribunt
1493 1136 1696 1210 quidam

156 1214 356 1264 stultus
385 1207 652 1275 insipiens,
681 1223 730 1260 et
761 1219 1037 1273 prreuntes
1063 1211 1258 1259 divitias
1283 1225 1415 1266 suas,
1441 1209 1490 1258 iu
1513 1207 1699 1270 quibus

159 1280 762 1346 scilicctgloriabantur,‘
787 1278 1061 1345 relinquent
1094 1277 1193 1328 illis
1216 1278 1297 1342 qui
1331 1276 1453 1346 nihil
1484 1276 1577 1327 sibi
1607 1289 1699 1346 nec

157 1349 513 1416 eieemosynis
553 1363 648 1400 nec
691 1349 1011 1416 Orationibus
1053 1348 1353 1414 proderunt.
1391 1345 1518 1397 Nam
1559 1354 1610 1397 et
1653 1345 1696 1416 si

160 1414 465 1484 relinqui-int
507 1416 778 1484 nepotibus
814 1417 891 1469 vel
925 1415 1061 1476 Iisiis,
1107 1416 1381 1480 relinquent
1405 1426 1594 1484 tamen
1624 1414 1699 1465 eis

165 1496 225 1540 ut
251 1483 449 1546 alienis,
485 1485 532 1538 id
556 1495 656 1550 est,
682 1484 806 1536 nihil
836 1487 932 1536 sibi
964 1485 1367 1549 proﬁcientibus.
1398 1483 1529 1536 Nihil
1558 1485 1696 1534 enim

163 1556 397 1622 proderit
430 1555 580 1608 alicui
613 1562 726 1621 post
771 1563 987 1622 mortem
1016 1592 1031 1618 ,
1070 1553 1165 1605 nisi
1192 1553 1332 1622 quod
1375 1565 1553 1604 secum
1583 1552 1699 1622 hinc

164 1620 416 1690 portabit,
448 1636 531 1676 aut
566 1620 663 1676 nisi
693 1623 806 1676 talis
837 1621 990 1673 fuerit
1013 1661 1028 1684 ,
1073 1622 1158 1690 qui
1190 1620 1287 1673 hoc
1315 1620 1658 1690 promeruerit
1680 1659 1696 1680 ,

165 1688 222 1744 nt
252 1695 575 1746 orationibus
603 1701 656 1744 et
683 1691 1046 1757 .elcemosynis
1093 1688 1252 1758 possit
1280 1689 1473 1758 juvari.
1507 1688 1699 1758 ,Relin-

163 1773 314 1824 queat
342 1763 551 1831 quidem
582 1761 758 1814 alienis
781 1800 796 1825 ,
828 1770 881 1815 et
909 1756 1105 1813 nullam
1133 1756 1405 1812 utilitatem
1438 1756 1700 1831 habebunt

165 1832 306 1893 inde,
343 1827 441 1882 nisi
469 1831 603 1898 quod
635 1834 863 1896 sepulcra
890 1844 1060 1882 eorum
1088 1842 1378 1880 marmorea
1423 1837 1572 1891 sunt,
1602 1827 1698 1898 do-

165 1915 279 1952 mus
309 1896 507 1952 illorum
539 1901 586 1951 in
616 1909 891 1960 retentum,
923 1898 977 1951 id
1003 1906 1102 1962 est,
1132 1899 1200 1950 ita
1229 1905 1478 1948 ornantur
1503 1898 1568 1947 ab
1599 1896 1699 1947 illis

163 1971 352 2023 alienis
380 1971 614 2035 sepulcra
645 1969 848 2022 illorum
869 2011 883 2032 ,
915 1969 1061 2035 quasi
1099 1967 1314 2019 credant
1341 1979 1443 2035 eos
1474 1972 1696 2017 :Pterna—

169 2038 289 2091 liter
334 2038 404 2091 ibi
435 2033 725 2092 t‘iiausuros.
766 2033 964 2090 Urnan‘t
1004 2036 1142 2089 enim
1188 2035 1355 2088 locum
1397 2033 1482 2086 ubi
1511 2047 1700 2097 corpus

166 2118 412 2173 ponatur,
441 2107 531 2159 s-ed
562 2122 663 2158 nou
697 2108 970 2159 attendunt
999 2106 1083 2157 ubi
1111 2106 1320 2170 spiritus
1347 2103 1481 2171 apud
1506 2102 1699 2156 inferos

171 2190 494 2244 torqueatur.
541 2177 816 2242 Propterea
849 2189 1053 2244 quoque
1080 2178 1145 2226 ab
1174 2174 1370 2244 eisdem
1396 2173 1579 2244 alienis
1610 2173 1702 2244 Ιιξιτ

168 2240 290 2298 Ι)εηί
324 2247 420 2298 Ιιοε
449 2244 586 2298 aliud
621 2240 821 2310 inutile,
857 2240 1079 2309 scilicet,
1110 2246 1243 2310 quod
1275 2242 1614 2306 tabernacula,
1637 2240 1699 2310 id

166 2323 269 2378 est,
303 2315 488 2382 palatia
520 2330 708 2377 eorum,
739 2330 766 2365 a
795 2309 978 2381 quibus
1008 2309 1420 2382 quia’migraturi
1445 2318 1581 2382 sunt,
1616 2309 1698 2382 di-

167 2378 356 2435 cuntur
396 2383 725 2436 tabernacula
775 2378 910 2434 entia
955 2383 1002 2432 in
1029 2378 1200 2433 terris
1228 2381 1371 2441 suis,
1411 2378 1460 2430 id
1503 2390 1613 2439 est,
1649 2379 1697 2430 in

173 2454 381 2517 praediis
414 2453 557 2515 suis;
589 2453 696 2513 illa,
727 2453 956 2519 inquam,
987 2450 1303 2503 tabernacula
1328 2462 1418 2516 per
1445 2447 1699 2500 inhabita-

170 2531 309 2573 tores
354 2535 476 2573 suos
502 2531 816 2573 vocaverunt
856 2521 1060 2573 nomina
1093 2533 1183 2571 sua
1208 2557 1223 2578 ,
1254 2519 1655 2585 relinquentium
1682 2557 1697 2578 ,

167 2590 390 2652 scilicet,
422 2589 471 2642 id
499 2599 605 2652 est,
636 2598 796 2659 agunt
825 2589 1126 2659 memoriam
1162 2601 1339 2641 eorum
1382 2587 1431 2639 in
1462 2585 1700 2639 anniver-

167 2660 322 2712 sariis
353 2675 552 2721 eorum,
582 2658 777 2712 cientes
823 2673 914 2713 eos
944 2658 1153 2711 nomine
1172 2697 1186 2718 .
1231 2666 1282 2710 et
1323 2659 1453 2709 bene
1482 2670 1538 2708 se
1561 2665 1701 2708 satu-

172 2737 384 2790 i'antrs;
415 2739 468 2780 et
496 2731 592 2782 hoc
623 2744 724 2782 nou
758 2736 956 2781 tantum
985 2727 1043 2779 ﬁt
1072 2730 1120 2779 in
1153 2728 1291 2785 liliis.
1321 2727 1370 2776 in
1403 2726 1695 2789 nepotibus,

167 2796 259 2848 sed
289 2798 341 2849 in
370 2799 601 2866 progenie
625 2798 897 2852 decedenti
926 2807 980 2851 et
998 2799 1050 2848 in
1077 2797 1308 2866 progenie
1336 2795 1696 2866 subsequenti,

170 2865 217 2916 id
243 2877 348 2929 est,
381 2866 429 2918 in
455 2863 694 2921 omnibus
721 2867 1114 2930 posterioiihus,
1143 2863 1228 2930 qui
1254 2864 1404 2926 ritus,
1434 2874 1488 2914 ut
1516 2863 1697 2926 turtur,

169 2942 222 2984 et
249 2935 343 2985 fuit
380 2945 433 2987 et
470 2936 638 2988 adhuc
680 2947 759 2990 est
805 2936 1098 3001 gentilium.
1141 2935 1244 2984 Nos
1283 2946 1405 2983 vero
1435 2933 1698 3001 transtuli-

169 3018 284 3055 mus
330 3005 471 3056 illum
522 3005 571 3056 in
595 3000 859 3070 religionis
888 3004 1190 3068 obsequium
1216 3041 1231 3065 ,
1275 3010 1332 3053 ut
1363 3001 1412 3053 in
1460 3000 1700 3070 anniver-

169 3074 321 3123 sariis
347 3083 662 3138 nostrorum,
690 3067 906 3135 scilicet,
938 3067 1137 3139 patrimi
1168 3085 1268 3122 non
1292 3084 1383 3122 eos
1406 3067 1700 3121 nominibus

1799 587 2068 638 suadeant.
2104 585 2193 638 Vel
2226 585 2416 641 aliter:
2453 586 2576 638 "(I70
2614 589 2692 639 via
2719 587 2942 644 illorum,
2984 590 3202 647 scilicet,
3224 585 3338 642 non

1800 654 2148 722 intelligenter
2176 671 2350 721 agere,
2379 667 2457 709 est
2487 657 2606 722 ipsis
2627 657 2693 707 ad
2721 658 3034 720 scandalum,
3067 659 3113 707 id
3143 668 3242 720 est,
3275 661 3336 710 ad

1798 721 2134 775 offensionem
2168 734 2218 776 et
2248 721 2632 777 damnatitinein
2655 765 2670 786 ,
2705 726 2975 785 videlicet,
3011 726 3126 791 quia
3169 743 3225 779 se
3259 726 3338 777 la—

1765 803 1908 842 'ClOS
1956 793 2017 843 ad
2061 792 2308 845 honorem
2359 794 2449 846 Dei
2504 809 2604 845 non
2652 794 3014 855 attenderttut,
3055 805 3107 845 et
3159 805 3333 847 tamen

169 3154 477 3229 eiocemus,
516 3144 606 3229 sed
640 3145 796 3194 Dcuni
832 3158 938 3222 pro
966 3142 1090 3208 ipsis
1119 3155 1209 3208 per
1248 3140 1518 3192 missarum
1560 3139 1697 3192 celc—
1732 3171 1776 3229 Β

170 3212 434 3280 braiiones
464 3222 515 3265 et
542 3213 899 3280 eleemosyuas
929 3214 1244 3280 invocemus.

239 3277 411 3332 Homo
453 3297 565 3332 cum
611 3282 662 3334 in
696 3276 881 3333 honore
921 3292 1064 3333 esset.
1097 3279 1255 3342 Quasi
1303 3276 1438 3330 dicat
1466 3294 1481 3331 :
1511 3277 1662 3332 Tales
1687 3317 1701 3339 ,

169 3348 400 3414 inquam,
446 3364 545 3403 non
572 3351 754 3403 dantes
795 3349 900 3402 Deo
943 3349 1272 3417 placationent
1309 3363 1449 3399 suam
1475 3387 1490 3412 ,
1540 3363 1707 3414 neque

167 3419 387 3482 pretium
429 3419 780 3484 redemptionis
831 3421 1009 3471 animo:
1057 3433 1202 3481 suos,
1249 3427 1303 3471 et
1353 3418 1707 3485 relinquentes

166 3486 353 3538 alienis
379 3487 619 3550 divitias,
653 3488 834 3552 perditi
873 3497 1023 3550 sunt,
1053 3489 1170 3553 quia
1199 3489 1248 3538 in
1274 3497 1528 3538 internum
1558 3487 1703 3538 labo-

169 3555 378 3617 rabunt,
413 3562 468 3608 et
492 3555 609 3608 inde
647 3571 747 3608 non
774 3566 895 3608 sunt
919 3556 1015 3622 ipsi
1058 3555 1405 3617 excusabiles,
1450 3566 1501 3606 ct
1527 3565 1709 3607 auctor

167 3626 509 3689 accusabilis,
551 3625 655 3680 imo
684 3625 779 3692 ipsi
811 3625 1131 3678 accusabiles
1154 3663 1170 3686 ,
1201 3633 1252 3675 et
1280 3631 1460 3675 auctor
1487 3637 1708 3676 excusa-

169 3693 287 3744 bilis
314 3733 328 3755 ,
371 3698 487 3762 quia
528 3695 638 3764 ipse
681 3703 860 3748 auctor
897 3698 1023 3748 tales
1059 3707 1151 3764 eos
1191 3693 1342 3753 iecit,
1376 3692 1463 3764 qui
1507 3693 1707 3745 ratione

169 3774 386 3825 possent
425 3766 494 3816 uti
519 3762 669 3827 {sed
708 3766 859 3830 culpa
890 3778 1069 3817 eorum
1112 3763 1210 3816 hoc
1247 3769 1337 3820 est
1373 3762 1564 3814 factum
1589 3801 1603 3826 ,
1655 3771 1710 3814 ut

165 3842 351 3884 essent
371 3833 496 3884 sicut
525 3849 670 3899 equus
691 3844 737 3888 et
768 3835 953 3893 mulus,
983 3831 1162 3901 quibus
1186 3847 1286 3884 non
1312 3839 1381 3883 est
1407 3831 1706 3901 intellectus.

165 3903 318 3962 Quod
363 3902 437 3954 sic
476 3903 600 3955 dicit
627 3920 639 3954 :
687 3903 848 3954 Homo
877 3900 1069 3953 cum'in
1096 3904 1282 3953 hortare
1311 3911 1430 3952 esset
1472 3900 1668 3966 positus
1691 3939 1706 3964 ,

163 3970 286 4036 quia
331 3970 398 4022 ad
438 3974 710 4037 imaginem
755 3981 808 4023 et
839 3970 1236 4023 similitudinem
1285 3970 1370 4021 Dei
1403 3971 1570 4022 iactus
1596 4013 1610 4035 ,
1654 3980 1708 4022 et

166 4037 376 4091 ratione
409 4038 476 4091 uti
509 4049 704 4106 posset,
727 4056 826 4092 non
855 4040 1134 4104 intellexit,
1166 4038 1216 4090 id
1245 4049 1343 4100 est,
1379 4053 1482 4106 non
1512 4039 1705 4092 intelli-

165 4116 357 4173 genter
381 4104 520 4176 egit,
550 4112 667 4174 quia
698 4108 950 4162 rationem
984 4122 1087 4161 non
1133 4107 1373 4159 attendit.
1408 4104 1554 4159 Unde
1584 4108 1704 4161 reli-

166 4188 284 4241 quit
307 4179 494 4229 alienis
517 4178 720 4230 divitias
749 4191 887 4231 suas.
919 4176 1046 4230 Nam
1070 4177 1114 4230 si
1137 4176 1485 4242 intelligenter
1509 4187 1703 4244 ageret,

167 4243 444 4325 potiusilti
477 4247 618 4300 l'ratri
650 4247 954 4328 homininde
981 4262 1083 4328 quo
1103 4245 1257 4328 supra
1274 4244 1467 4299 dictum
1497 4243 1598 4324 est,
1618 4262 1708 4328 eas

166 4317 547 4379 cotmuisisset,
581 4320 810 4371 membra
842 4318 953 4386 ejus
985 4317 1205 4369 l’ovendo
1233 4325 1388 4386 atque
1416 4317 1706 4378 vestiendo,

166 4387 258 4456 qui
288 4388 448 4456 ipsas
495 4385 938 4456 inultiplicatas’ei
982 4387 1302 4440 resti'ucret.
1342 4385 1406 4437 Et
1450 4386 1706 4456 quianon

168 4454 522 4522 intelligenter
550 4454 655 4524 egit
673 4494 688 4519 ,
722 4457 835 4509 ideo
865 4463 1188 4522 comparatus
1215 4465 1285 4506 est
1311 4457 1555 4522 jumentis
1581 4455 1704 4505 insi-

167 4525 441 4590 pientibus,
473 4526 522 4578 id
551 4535 654 4587 est,
686 4537 928 4577 curvatus
961 4534 1042 4579 est
1070 4526 1122 4576 in
1166 4525 1274 4574 haec
1303 4530 1540 4585 terrena,
1573 4524 1708 4574 sicut

167 4594 322 4642 bruta
353 4595 620 4656 animalia,
650 4608 763 4659 qua:
793 4603 972 4644 natura
1003 4593 1148 4644 tinxit
1180 4604 1366 4657 prona,
1394 4600 1550 4657 atque
1580 4605 1704 4644 vcn-

169 4659 235 4710 tri
271 4661 588 4712 ttbedioiitia.
626 4662 696 4713 Ex
731 4667 828 4714 hoc
857 4663 1022 4714 iactus
1051 4671 1132 4713 est
1169 4661 1271 4713 illis
1303 4673 1425 4712 vere
1447 4659 1706 4724 similiter,

168 4727 398 4790 soilicct,
426 4733 481 4780 ut
508 4730 722 4782 rationis
741 4745 837 4782 usu
863 4742 1083 4791 careret,
1115 4731 1251 4782 sicut
1273 4737 1324 4781 et
1349 4729 1452 4780 illa.
1487 4733 1712 4783 Attende

169 4795 462 4868 humanum
494 4811 657 4866 genus
689 4810 851 4852 totum
886 4815 976 4868 per
1005 4800 1270 4851 hominem
1301 4798 1384 4851 hic
1413 4799 1708 4867 designari,

168 4866 311 4934 quod
346 4866 397 4916 iit
429 4879 594 4932 primo
625 4871 834 4922 homine
876 4866 1092 4922 rationis
1121 4868 1366 4919 damnum
1400 4866 1629 4934 pertulit.

243 4931 377 5004 Hae
401 4931 480 4988 via
503 4939 704 4990 illorum
731 4940 1020 4990 scandalum
1048 4940 1188 5004 ipsis.
1227 4937 1310 4987 Via
1339 4931 1588 5001 accipitur
1619 4951 1711 5002 pro

170 5001 402 5074 τίω.ᾼῇ
428 5013 508 5056 est
538 5012 684 5074 quasi
721 5011 857 5060 dit-at
886 5024 900 5059 :
931 5001 1075 5060 Talis
1104 5012 1202 5059 vita
1236 5005 1438 5057 illuruni
1466 5021 1597 5072 quos
1623 5001 1709 5057 su-

173 5087 268 5140 pra
288 5070 524 5142 diximus
541 5070 569 5137 ,“
604 5077 806 5130 scilicet
827 5119 840 5141 ,
889 5093 992 5130 non
1023 5077 1370 5142 intelligenter
1418 5070 1514 5126 hoc
1542 5084 1595 5126 et
1623 5075 1710 5128 illo

174 5141 334 5214 modo
363 5154 557 5214 agere,
591 5156 644 5197 et
661 5147 901 5214 jumenii’s
941 5141 1289 5211 insipientibus
1321 5142 1522 5214 similes
1552 5157 1668 5214 esse
1690 5181 1706 5204 ,

172 5215 242 5266 sit
275 5212 402 5278 ipsis
432 5220 629 5263 tantum
659 5211 722 5265 ad
753 5218 1052 5268 scandalum
1074 5254 1087 5276 ,
1120 5215 1169 5266 id
1198 5221 1300 5275 est,
1329 5211 1392 5262 ad
1423 5212 1712 5263 damnatio-

173 5297 297 5336 nem
328 5287 602 5344 teternam,
631 5297 732 5333 non
764 5284 874 5347 tibi,
906 5299 938 5334 ο
963 5283 1279 5342 Christiane,
1309 5282 1390 5333 cui
1424 5282 1624 5345 loquor,
1659 5280 1711 5333 id

173 5362 278 5416 est,
312 5362 366 5404 tu
397 5366 498 5403 non
529 5355 784 5418 approbas
819 5368 914 5403 nec
946 5354 1153 5405 insistas
1180 5352 1297 5403 talia
1325 5352 1494 5416 qualia
1526 5350 1598 5400 iill
1633 5351 1713 5399 iii-

174 5426 391 5482 sistunt,
422 5436 487 5473 ne
515 5435 568 5474 et
597 5422 686 5472 tibi
709 5423 811 5474 sint
838 5424 900 5472 ad
925 5422 1251 5481 seandalum,
1280 5419 1411 5472 sicut
1435 5418 1536 5468 illis
1566 5429 1709 5470 sunt.

179 5491 242 5543 Et
272 5493 393 5544 ideo
419 5490 536 5543 dico
567 5491 667 5542 illis
697 5492 801 5541 sint
828 5492 891 5541 ad
933 5492 1231 5542 scandalum
1256 5529 1270 5551 ,
1302 5504 1401 5539 non
1445 5488 1558 5547 tibi,
1593 5488 1713 5554 quia

176 5571 373 5624 postea,
407 5561 456 5610 id
485 5569 584 5621 est,
618 5570 888 5626 postquam
933 5559 1029 5625 ipsi
1060 5560 1136 5611 sic
1169 5558 1473 5617 insnterint,
1506 5558 1546 5607 si
1582 5561 1716 5610 male

179 5633 430 5691 Vixeriiil,
461 5631 857 5694 contplttcebanl,
889 5629 937 5680 id
965 5637 1062 5690 est,
1094 5627 1208 5678 aliis
1233 5626 1368 5676 sicut
1397 5637 1446 5675 et
1477 5626 1574 5676 sibi
1606 5626 1714 5692 pia-

175 5711 299 5751 cerc
330 5699 528 5750 volunt.
564 5699 625 5748 Et
655 5699 751 5750 hoc
781 5703 831 5749 in
861 5713 944 5748 ore
974 5713 1075 5748 uin
1114 5696 1224 5757 Dei,
1255 5696 1343 5744 sed
1378 5708 1494 5756 sno,
1531 5694 1577 5745 id
1611 5704 1712 5758 est,

179 5768 303 5823 talin
349 5767 722 5836 persuadenti,
771 5770 906 5835 quod
953 5777 1030 5821 est
1076 5767 1290 5817 dicere:
1337 5762 1415 5815 Ad
1459 5767 1554 5816 hoc
1599 5765 1715 5816 aliis

1737 4501 1783 4558 D

1798 870 1966 930 postea
1991 901 2006 924 ,
2031 860 2078 911 id
2108 874 2186 914 est
2206 903 2221 922 ,
2264 873 2532 930 postquam
2558 864 2633 915 sic
2678 863 2894 914 interius
2923 862 3256 915 scandalizati
3285 874 3340 916 et

1797 929 1994 980 similes
2028 929 2275 994 jumentis
2307 932 2425 985 facti
2463 939 2620 992 sunt,
2669 931 3042 996 complacebnnt
3070 972 3083 991 ,
3126 933 3172 982 id
3216 942 3335 994 est,

1797 999 2124 1064 Complaccre
2163 1009 2215 1051 et
2263 1001 2369 1054 Deo
2412 1009 2463 1050 et
2508 1000 2646 1063 sibi,
2694 1002 2904 1066 suisque
2949 1000 3238 1063 similibus,
3286 1009 3341 1053 et

1801 1067 1907 1139 veri
1951 1068 2392 1139 praedicatoribus.
2439 1067 2627 1139 volunt
2672 1068 2775 1119 Deo
2807 1069 3054 1138 quidem,
3105 1071 3225 1139 quia
3261 1070 3338 1139 de

1798 1134 2109 1188 abundantia
2144 1132 2427 1206 lrugum'et
2457 1137 2786 1206 dominorum
2818 1132 3029 1189 suorum
3063 1132 3335 1205 ei'gratias

1799 1212 1972 1268 agunt,
2005 1205 2243 1257 exterius
2263 1208 2308 1258 ei
2340 1205 2741 1268 benedicentes,
2791 1207 2874 1258 cui
2923 1206 3082 1258 corde
3119 1206 3336 1259 maledi-

1798 1283 1950 1343 cunt;
1983 1273 2080 1323 sibi
2112 1289 2233 1326 vero
2261 1278 2472 1343 suisque
2500 1275 2757 1328 similibus
2788 1277 3011 1341 placent,
3041 1275 3161 1328 dum
3189 1276 3330 1327 inllr-

1800 1341 2028 1392 mitatem
2068 1357 2215 1395 suam
2255 1341 2501 1396 accusant
2543 1353 2595 1398 et
2640 1345 2842 1396 dicunt.
2889 1345 2991 1396 Nos
3030 1345 3331 1396 naturaliter

1800 1408 1988 1460 inlirmi
2021 1427 2222 1474 sumus,
2253 1425 2304 1466 et
2336 1414 2452 1465 ideo
2481 1427 2581 1464 non
2615 1426 2888 1478 possumus
2916 1414 3039 1477 quin
3072 1412 3332 1480 l'ragilitati

1800 1489 1990 1530 iiostt'm
2013 1484 2420 1548 consentiamus,
2446 1492 2498 1535 et
2520 1481 2729 1535 similia.
2758 1481 3185 1534 Praedicatoribus
3206 1496 3330 1548 qun-

1797 1560 1898 1612 que
1939 1547 2041 1598 veri
2092 1550 2294 1612 placere
2342 1554 2559 1610 volunt,
2613 1551 2846 1602 dicentes
2887 1566 2897 1600 :
2949 1551 3165 1602 Domino
3205 1547 3330 1602 nihil

1799 1616 2049 1686 sanctius,
2084 1618 2209 1668 nihil
2243 1624 2454 1676 rectius.
2479 1635 2632 1685 quam
2659 1619 2917 1685 jejunare,
2946 1621 3329 1686 eleemosynani

1797 1685 1942 1747 dare,
1975 1697 2028 1737 et
2061 1697 2244 1738 cuncta
2288 1703 2403 1755 quc
2430 1687 2606 1742 dit-itis
2638 1687 2807 1740 facere
2835 1727 2848 1746 .
2893 1687 2982 1740 sed
3013 1685 3189 1738 tamen
3223 1688 3334 1738 haec

1799 1755 1980 1806 eadem
2008 1756 2057 1806 in
2087 1755 2330 1808 cordibus
2352 1756 2553 1809 odiunt.
2581 1755 2763 1808 Adhuc
2783 1769 2990 1822 quoque
3020 1755 3329 1820 principium

1803 1836 1985 1874 versus
2015 1823 2164 1889 hujus
2192 1827 2345 1878 aliter
2371 1824 2470 1878 dici
2504 1836 2706 1891 poeest,
2739 1823 2806 1877 Ita
2833 1865 2846 1885 ,
2890 1824 3088 1876 scilicet
3123 1840 3134 1875 :
3170 1823 3334 1876 llomo

1801 1891 2015 1957 quidem
2050 1897 2243 1958 positus
2269 1903 2349 1945 est
2379 1894 2427 1945 in
2463 1896 2661 1948 honore
2684 1933 2700 1958 ,
2734 1892 2853 1959 quia
2885 1894 2947 1944 ad
2976 1894 3251 1956 imaginem
3282 1903 3336 1945 et

1797 1961 2188 2014 similitudinem
2236 1963 2320 2016 Dei
2365 1963 2528 2014 lactus
2558 1972 2677 2018 est.
2724 1962 2817 2014 sed
2849 1971 3020 2013 tamen
3068 1965 3163 2013 hac
3208 1963 3283 2013 via
3319 2003 3332 2021 .

1799 2028 1991 2095 imago,
2043 2032 2260 2096 scilicet,
2306 2038 2360 2084 et
2406 2031 2690 2084 similitudo
2723 2031 2831 2092 Dei,
2862 2044 2977 2098 qua:
3002 2031 3192 2083 debent
3219 2044 3337 2084 esse

1799 2097 1878 2147 via
1908 2100 2134 2163 illorum,
2163 2105 2283 2166 quia
2309 2101 2402 2154 hoc
2429 2103 2699 2152 attendere
2719 2097 2989 2157 deberent.
3019 2115 3135 2151 cum
3163 2103 3330 2166 aliqua

1800 2169 1994 2236 mentio
2025 2169 2145 2220 inde
2178 2171 2254 2233 tit,
2286 2179 2364 2222 est
2397 2170 2498 2221 illis
2528 2170 2851 2226 scandalum.
2881 2173 2998 2236 quia
3030 2169 3210 2222 audire
3241 2186 3333 2219 no.

1797 2234 1933 2298 lunt,
1964 2238 2040 2288 vel
2073 2248 2150 2288 est
2179 2238 2256 2289 eis
2292 2239 2613 2298 scandalum,
2644 2239 2691 2289 id
2723 2247 2823 2298 est,
2857 2234 2954 2290 iter
2986 2239 3047 2290 ad
3084 2249 3330 2291 aeternam

1797 2303 2207 2370 damnationem,
2237 2307 2354 2374 quia
2386 2308 2666 2374 negligunt.
2704 2306 2767 2358 Et
2796 2317 2966 2358 tamen
2997 2315 3332 2374 posteaquam

1798 2374 2044 2442 sicdepra
2057 2377 2154 2425 vati
2177 2385 2316 2438 sunt,
2342 2377 2734 2438 coniplacebunt,
2755 2377 2887 2427 sicut
2907 2377 3207 2442 praediolum
3231 2386 3330 2428 est.

1867 2441 2010 2513 Sicut
2041 2458 2152 2496 oves
2181 2443 2230 2495 in
2257 2447 2473 2513 inferno.
2504 2445 2659 2509 Quasi
2702 2445 2838 2497 dicat
2873 2461 2885 2494 :
2918 2447 3044 2508 Quia
3076 2445 3337 2495 scandali‘

1797 2512 1899 2562 zati
1927 2521 2086 2573 sunt,
2128 2523 2180 2565 et
2226 2512 2398 2566 tamen
2429 2515 2758 2581 complacere
2806 2515 3020 2576 volunt,
3068 2514 3186 2566 ideo
3215 2524 3336 2565 sntit

1799 2581 1949 2647 positi
1983 2581 2033 2633 in
2065 2582 2265 2634 inferno
2298 2583 2558 2645 interiori,
2591 2583 2640 2635 id
2665 2592 2761 2646 cst,
2786 2582 2835 2634 in
2865 2585 3097 2635 caicitite
3124 2584 3333 2647 mentis,
3382 2585 3384 2588 ’

1798 2648 1894 2716 ipsi
1923 2648 2041 2702 dico
2060 2661 2206 2704 entes
2226 2653 2352 2704 sicut
2381 2668 2510 2717 oves,
2537 2655 2584 2706 id
2607 2663 2684 2705 est
2713 2666 2813 2705 non
2837 2654 3018 2717 spiritu
3052 2652 3334 2714 ferventes,

1797 2719 1886 2771 sed
1918 2719 2117 2771 debiles
2160 2729 2210 2772 ut
2244 2737 2387 2783 oves.
2424 2731 2477 2774 et
2522 2723 2734 2775 herbam
2781 2722 3054 2774 tondentes
3078 2757 3094 2780 ,
3131 2718 3179 2770 id
3219 2730 3295 2770 est
3322 2759 3335 2779 ,

1797 2791 2032 2839 carnales
2064 2789 2276 2840 delicias
2317 2799 2641 2855 appetentes.
2694 2790 2756 2841 Et
2795 2789 2911 2856 quia
2955 2789 3099 2854 positi
3133 2799 3249 2840 sunt
3287 2790 3337 2840 iu

1797 2856 1993 2920 inferno
2022 2868 2171 2910 emes
2198 2858 2332 2910 sicut
2357 2873 2500 2921 oves,
2535 2861 2650 2912 ideo
2680 2875 2810 2910 mors
2832 2897 2847 2918 .
2885 2862 2932 2909 ιι
2960 2868 3040 2911 est
3060 2899 3073 2919 ,
3106 2858 3343 2911 diabolus

1798 2926 2026 2992 depascel
2056 2941 2159 2989 eos,
2195 2927 2241 2979 id
2283 2937 2382 2991 est,
2411 2931 2511 2980 erit
2543 2938 2716 2991 pastor
2741 2943 2944 2981 eorum.
2979 2927 3217 2980 Diabolus
3246 2944 3339 2979 atl-

1800 3005 1904 3047 tem
1945 2996 2060 3046 ideo
2091 3010 2229 3048 mors
2260 2997 2467 3059 dicxtur,
2503 3000 2624 3066 quia
2655 3011 2806 3050 causa
2849 3008 2902 3066 et
2943 3000 3122 3049 mortis
3154 2994 3291 3047 anim
3311 3014 3340 3047 ιε

1798 3074 1852 3116 et
1880 3075 2062 3116 mortis
2094 3067 2325 3132 corporis
2358 3068 2470 3129 fuit,
2504 3065 2622 3119 cum
2668 3068 2834 3131 primo
2872 3065 3066 3117 homini
3097 3074 3153 3118 ut
3179 3067 3228 3116 in
3262 3081 3343 3117 re-

1807 3134 2011 3200 gionem
2039 3133 2471 3188 dissimilitudinis
2512 3151 2538 3186 a
2574 3135 2678 3188 Den
2720 3149 2814 3187 suo
2852 3135 3117 3187 recederet
3163 3135 3342 3186 suasit.

1807 3203 1880 3254 lbi
1917 3202 2056 3254 enim
2090 3218 2228 3254 mors
2257 3205 2444 3258 animae
2475 3204 2606 3257 facta
2646 3213 2755 3264 est,
2787 3219 2942 3272 quam
2976 3217 3140 3272 pretia
3164 3203 3346 3272 mortis

1806 3272 2092 3334 corporalis
2121 3274 2398 3326 subsecuta
2425 3285 2522 3327 est.
2559 3276 2625 3328 Et
2665 3270 2949 3333 sicut‘vita.
2981 3275 3028 3324 id
3066 3270 3166 3329 est,
3197 3271 3347 3323 Chri-

1807 3348 1918 3393 stus
1949 3351 2124 3407 pastor
2163 3343 2394 3396 omnium
2433 3345 2642 3396 illorutn
2686 3357 2904 3407 quorum
2938 3343 3267 3393 conversatio
3297 3341 3346 3392 in

1807 3410 2107 3463 coelestibus
2137 3421 2214 3463 est
2248 3416 2312 3465 ad
2359 3415 2582 3466 salutem
2606 3454 2621 3475 ,
2673 3412 2738 3463 ita
2778 3411 3016 3462 diabolus
3046 3418 3126 3462 est
3173 3419 3350 3478 pastor

1809 3494 2042 3532 omnium
2073 3481 2309 3546 illorum,
2344 3482 2429 3548 qui
2461 3484 2688 3534 animum
2733 3480 2784 3532 iii
2826 3481 3047 3532 terrenis
3075 3481 3238 3548 llgunt
3284 3481 3348 3532 ad

1808 3548 2214 3618 damnationem.
2245 3549 2333 3603 \‘el
2364 3553 2439 3603 sic
2464 3561 2632 3618 pOtest
2659 3549 2762 3602 dici
2789 3565 2800 3600 :
2829 3549 2967 3600 Mors
2989 3551 3216 3613 deposcet
3233 3564 3346 3618 eos,

1809 3617 1860 3676 id
1892 3629 1972 3670 est
1993 3659 2007 3681 ,
2037 3618 2280 3672 comedet
2307 3633 2398 3673 eos
2421 3658 2434 3679 ,
2465 3615 2588 3688 quia
2617 3619 2963 3673 delectabitur
3005 3619 3059 3688 in
3085 3619 3179 3670 eis.
3225 3615 3348 3669 Ser-

1810 3690 1950 3752 penti
1979 3692 2149 3753 enim,
2181 3689 2229 3741 id
2260 3700 2339 3742 cst
2367 3686 2596 3753 diabolo,
2628 3689 2824 3743 dioium
2849 3698 2948 3751 est,
2977 3686 3100 3754 quia
3131 3694 3344 3751 terrain,

1809 3756 1859 3807 id
1889 3768 1989 3818 est,
2022 3759 2208 3820 malos,
2240 3759 2496 3812 comedet.

1879 3823 1945 3876 Et
1976 3827 2356 3879 dominabuntur
2390 3841 2578 3878 eorum.
2615 3825 2772 3891 Quasi
2802 3823 2941 3876 dicat
2971 3840 2984 3875 :
3027 3824 3157 3889 Quia
3208 3838 3352 3877 mors

1807 3895 2052 3960 depasoet
2081 3897 2197 3948 illos
2224 3903 2416 3958 positos
2447 3899 2496 3947 in
2529 3895 2750 3958 inferno,
2786 3907 2999 3948 necesse
3024 3895 3125 3946 erit
3151 3901 3206 3945 ut
3232 3907 3349 3956 per-

1806 3976 2091 4028 sequantur
2124 3966 2252 4029 pios,
2289 3977 2339 4018 et
2366 3976 2536 4019 tamen
2568 3966 2706 4017 nulla
2737 3977 2879 4021 cura,
2911 3966 3028 4028 quia
3059 3970 3111 4015 et
3137 3963 3178 4012 si
3209 3975 3344 4013 nunc

1807 4031 1930 4085 dum
1957 4044 2158 4100 tempus
2183 4034 2368 4088 hiemis
2388 4047 2439 4088 et
2461 4036 2630 4090 noctis
2655 4039 2754 4096 est,
2778 4034 2901 4085 dum
2927 4031 3154 4085 herbula:
3178 4031 3348 4082 virent

1807 4112 1860 4153 et
1888 4104 2101 4154 arbores.
2131 4116 2299 4166 arent,
2335 4107 2474 4171 impii
2518 4118 2802 4159 secuti-tum
2832 4116 3042 4154 carnem
3078 4102 3350 4171 videantur

1808 4172 2106 4239 opprimere
2135 4171 2326 4240 justos,
2359 4166 2530 4227 tamen
2562 4175 2802 4226 veniente
2830 4178 3013 4223 testate
3050 4169 3203 4223 aliter
3227 4166 3345 4230 erit,

1808 4256 1926 4307 quia
1956 4243 2007 4292 in
2036 4248 2311 4304 matutino,
2347 4245 2396 4295 id
2421 4253 2520 4304 est,
2554 4244 2604 4294 in
2635 4256 2788 4293 mane
2817 4240 2924 4300 illo,
2956 4241 3165 4306 quando
3193 4252 3347 4291 verus

1807 4311 1886 4362 sol
1923 4311 2139 4375 justitiai
2182 4326 2434 4377 apparere
2479 4310 2709 4376 incipiet,
2743 4312 2879 4377 quod
2920 4323 3072 4362 mane
3105 4307 3205 4362 erit
3232 4307 3348 4362 sine

1809 4380 2125 4451 succedente
2161 4393 2330 4442 nocte,
2378 4391 2499 4451 tunc
2536 4382 2685 4451 justi,
2714 4377 3100 4451 dominabuntur
3135 4390 3304 4429 eorum
3328 4414 3346 4451 ,

1812 4446 2047 4518 scilicet,
2093 4448 2371 4514 impiorum
2397 4492 2411 4516 ,
2454 4444 2601 4518 jux'ta
2636 4449 2762 4502 illud
2796 4444 3148 4518 :(udicabuitt
3188 4447 3350 4518 sanati

1810 4517 2032 4570 nationes
2054 4556 2068 4578 ,
2099 4528 2144 4568 et
2173 4514 2562 4571 dominabuntur
2592 4518 2807 4586 populis.
2855 4516 2918 4568 Et
2947 4514 3063 4568 ideo
3096 4514 3221 4581 justi
3251 4515 3346 4586 do,-

1809 4587 2134 4638 miuabuntur
2159 4604 2351 4648 eorum,
2380 4588 2498 4652 quia
2525 4583 2620 4654 ipsi
2651 4583 2910 4653 peribunt,
2936 4585 3180 4654 quoniam
3202 4583 3348 4634 auxi-

1809 4655 1934 4705 lium
1966 4672 2134 4708 eorunt
2165 4653 2614 4722 presumptnm’iu
2647 4660 2743 4707 hac
2774 4667 2877 4706 Vita
2907 4673 2936 4705 (ι
2965 4653 3127 4720 gloria
3154 4667 3346 4714 eorum,

1811 4724 1859 4775 id
1887 4735 1984 4788 est,
2008 4739 2040 4777 a
2065 4726 2259 4776 divitiis
2279 4735 2332 4775 ct
2353 4727 2419 4776 ab
2445 4726 2630 4779 amicis
2655 4736 2708 4778 et
2735 4725 2939 4776 caeteris
2964 4723 3148 4773 talibus
3167 4761 3183 4786 ,
3212 4731 3352 4772 vete-

1808 4805 1966 4844 rascet
1992 4835 2006 4857 ,
2050 4794 2096 4844 id
2128 4803 2236 4853 est,
2285 4791 2694 4857 anuihilabitur,‘
2724 4793 2801 4846 eis
2839 4793 3024 4860 positis
3066 4792 3129 4860 in,
3158 4793 3352 4852 inferno

1809 4865 2076 4922 exteriori,
2109 4861 2209 4924 ibi,
2244 4863 2378 4913 sicut
2408 4864 2550 4930 prius
2580 4864 2786 4917 fuerant
2813 4858 2864 4914 in
2894 4860 3093 4912 inl'eruo
3121 4858 3350 4913 interiori

1812 4931 1895 4982 hic
1925 4930 2098 4996 positi.

1889 4994 2237 5050 verumtamen
2301 4999 2436 5053 Deus
2463 5000 2688 5056 redimet.
2727 4998 2811 5051 Sic
2856 4997 3187 5052 continuatur
3216 5012 3228 5047 :
3257 4994 3358 5048 Ta-

1808 5067 1904 5129 les,
1937 5071 2117 5134 quales
2144 5069 2505 5136 prtediximus,
2535 5084 2636 5122 noo
2665 5067 2849 5120 dantes
2877 5065 2985 5119 Deo
3013 5065 3352 5136 placationeni

1809 5133 1980 5202 suam,
2030 5133 2158 5203 etc.,
2193 5141 2351 5191 frater
2391 5141 2548 5189 homo
2597 5152 2698 5188 non
2738 5136 2999 5197 redimet,
3047 5133 3139 5203 sed
3183 5142 3356 5203 tamen

1813 5205 1949 5260 Deus
1969 5201 2176 5260 redimet
2201 5210 2419 5257 animum
2445 5223 2602 5257 meam
2629 5210 2690 5258 ile
2714 5221 2866 5257 tuatui
2890 5205 3056 5271 inferi,
3087 5201 3136 5253 id
3163 5210 3262 5263 est,
3292 5202 3359 5253 de

1811 5282 2228 5330 conformatione
2277 5279 2452 5327 talium
2508 5277 2794 5328 inferorum
2825 5314 2841 5337 ,
2888 5283 2940 5325 et
2983 5273 3048 5324 de
3098 5279 3359 5338 potestate

1813 5349 1967 5399 etiam
2000 5347 2186 5398 interni
2216 5348 2514 5404 exterioris,
2551 5361 2664 5396 cum
2691 5347 2797 5409 jam
2828 5341 3067 5408 acceperit
3108 5355 3183 5409 me
3213 5340 3354 5392 inde.

1819 5416 2146 5468 Assnmendo
2177 5415 2316 5478 enim
2349 5430 2430 5466 me
2461 5430 2552 5481 per
2579 5408 2816 5464 naturam
2845 5425 3010 5463 meam
3039 5409 3102 5461 de
3134 5408 3358 5478 Virginis

1817 5494 1963 5537 utero
2007 5493 2060 5536 et
2096 5483 2480 5553 desepulcro,
2527 5483 2841 5536 assunendo
2891 5495 2974 5553 me
3013 5493 3220 5553 quoque
3270 5490 3362 5553 per

1817 5555 1942 5606 mihi
1973 5552 2271 5604 consimiles
2307 5562 2424 5616 post
2467 5553 2731 5604 victoriam
2776 5551 2997 5610 mortis,
3043 5549 3108 5600 ab
3139 5549 3347 5616 inieris,

1817 5624 2020 5688 accepit
2051 5636 2134 5672 me
2160 5622 2262 5687 jam
2294 5615 2358 5673 de
2387 5624 2499 5688 ipso
2528 5623 2729 5671 intortio
2758 5618 3026 5678 exteriori,
3053 5615 3202 5688 unde
3245 5627 3365 5665 cer-

1820 5701 1901 5742 tus
1933 5683 2044 5742 sum
2078 5683 2199 5756 quin
2235 5683 2440 5741 tandem
2472 5691 2628 5741 etiam
2660 5701 2741 5739 me
2777 5688 3020 5760 accipiet.
3048 5683 3135 5736 Sic
3165 5683 3365 5760 dicetur

1822 5763 1917 5812 hoc
1938 5798 1952 5823 ,
1983 5753 2267 5811 secundum
2314 5761 2450 5826 quod
2483 5772 2580 5811 vos
2620 5764 2700 5810 est
2729 5756 2946 5823 alicujus
2992 5754 3058 5808 de
3088 5753 3367 5823 posteriori
