3898 6226
148 398 261 460 7&5

866 401 928 456 ΙΝ
968 398 1381 455 ιδεΑιιιυῐιυιι
1420 399 1671 454 LIBRUM

1813 399 2070 456 EGESIS.
2110 431 2179 443 —
2218 400 2454 456 PSALM.
2497 403 2672 461 XLIX.

3244 409 3343 463 748

144 531 338 570 oztittts
365 526 527 579 terra,
552 529 673 587 quae
699 515 986 587 orbiculata
1012 523 1120 578 est,
1150 515 1200 587 id
1224 523 1539 587 estnomnes
1578 529 1697 583 per-
1731 517 1779 574 Α
1874 513 1932 567 Si
1960 515 2155 568 videbas
2187 521 2342 582 furem
2372 518 2606 572 torrebar
2637 535 2748 570 rum
2771 534 2858 582 eo;
2888 526 2934 571 et
2962 534 3072 570 cum
3100 520 3345 577 adulteris

157 589 282 640 fecti
312 597 433 639 sunt
464 584 586 637 mei.
624 584 685 635 Et
713 585 1000 651 praesertim
1025 585 1279 652 p'enitudo
1303 584 1408 651 ejus
1439 592 1591 652 terrai
1617 601 1701 636 or-

152 658 428 717 liiculatm,
459 655 507 706 id
533 666 630 715 est,
659 655 728 704 illi
754 654 838 719 qni
863 655 1007 719 quasi
1034 653 1258 704 medium
1284 665 1336 704 et
1367 651 1707 720 perfectiores

152 736 290 778 sunt
323 726 455 776 inter
482 725 596 774 illos
621 723 876 786 perfectos
905 731 1025 772 stitit
1054 722 1175 773 mei.

231 792 484 857 Nunquid
530 791 860 842 manducabo.
913 790 1032 841 Ideo
1075 791 1230 841 etiam
1275 803 1377 842 non
1415 789 1581 841 dicam
1615 789 1706 842 libi

151 862 391 914 esuriem
428 875 632 922 meam,
665 863 784 926 quia
815 868 866 912 ιιι
903 859 1104 912 cibares
1136 873 1219 910 me
1253 858 1499 910 carnibus
1526 867 1702 911 tauro-

148 945 304 991 rum,
341 930 388 981 id
419 938 519 990 est,
553 943 850 982 recurreres
879 928 942 980 ad
977 943 1023 992 pi
1038 927 1144 980 lora
1169 927 1422 980 sacriﬁcia
1444 968 1458 991 ,
1491 927 1571 979 vel
1601 942 1704 980 non

150 1000 496 1051 ministrares
527 998 647 1048 mitti
671 1037 684 1059 ,
718 998 814 1049 nisi
850 1007 1023 1049 tauros
1051 1007 1103 1048 et
1135 996 1306 1048 hircos
1333 1035 1348 1056 ,
1395 996 1444 1049 id
1472 1005 1550 1047 est
1573 1035 1588 1058 ,
1615 1011 1704 1048 su-

149 1070 380 1132 peritos,
413 1079 464 1120 et
496 1068 542 1118 in
573 1066 796 1131 peccatis
822 1065 1028 1128 fetidos,
1060 1065 1124 1117 de
1146 1065 1334 1132 quibus
1361 1079 1460 1130 ego
1482 1079 1581 1114 uoti
1609 1080 1702 1116 cu-

151 1151 219 1187 ro
244 1178 258 1198 ,
291 1139 430 1204 quod
459 1137 796 1202 interrogatio
820 1134 1214 1204 a'qtiipolletiter
1247 1134 1418 1186 habet.
1445 1135 1591 1196 Quod
1613 1150 1704 1185 aus

151 1215 267 1258 tein
313 1203 462 1268 dicit,
518 1205 626 1257 Non
659 1207 823 1254 dicam
867 1205 956 1256 tibi
1000 1203 1225 1254 esuriem
1266 1216 1434 1254 meam
1476 1203 1704 1268 (videtur

151 1276 356 1328 mirum
384 1275 400 1339 )
431 1290 544 1326 cum
577 1274 816 1325 omnibus
857 1272 1239 1324 attnutitiavcrit
1277 1286 1431 1334 eam;
1464 1272 1553 1322 sed
1600 1288 1700 1324 non

146 1355 259 1404 est,
313 1345 432 1411 quia
472 1344 568 1395 hoc
611 1343 736 1395 dicit
782 1352 1047 1411 quantum
1071 1341 1132 1391 ad
1174 1340 1453 1411 allectum,
1480 1341 1699 1411 scilicet,

147 1413 278 1480 quia
316 1408 535 1480 populus
576 1413 661 1464 ille
690 1412 834 1463 dune
863 1409 1078 1464 cervicis
1105 1411 1325 1462 salutem
1355 1408 1456 1462 sibi
1488 1410 1700 1462 missam

151 1485 379 1536 rettulit.

246 1503 256 1528 ι
367 1523 379 1534 .

226 1500 451 1604 lliiiiiiota
500 1550 966 1624 Deo_sacri/iciunt..
994 1549 1121 1624 Quia
1161 1545 1412 1624 sacrificia
1456 1544 1701 1624 praedicta

147 1623 388 1688 amplius
406 1636 507 1672 non
522 1621 736 1684 accipio,
757 1635 880 1685 ergo
899 1616 1050 1688 lu'qui
1067 1633 1216 1670 verus
1236 1616 1392 1688 Israel
1409 1630 1484 1688 es,
1499 1617 1703 1688 immota

149 1686 285 1742 mihi
323 1690 424 1742 Deo
452 1689 755 1755 sacriﬁcium
786 1689 975 1750 laudis,
1004 1687 1052 1738 id
1084 1697 1184 1749 est,
1218 1686 1477 1739 laudabile
1505 1686 1704 1737 sacrili-

144 1761 323 1821 ciu'ni,
358 1759 576 1820 scilicet,
608 1758 796 1833 vitulos
825 1772 925 1808 non
945 1759 1156 1833 gregis,
1185 1757 1298 1833 sed.
1319 1755 1574 1833 labiorum
1602 1796 1616 1817 ,
1653 1756 1700 1807 id

147 1840 238 1879 est
264 1873 276 1890 ,
309 1844 518 1893 semper
543 1828 824 1896 gratiarum
858 1827 1093 1896 ac'iones
1121 1824 1261 1896 refer
1287 1824 1503 1896 interius
1529 1832 1582 1875 et
1611 1837 1702 1875 εκ-

148 1898 326 1950 terius
362 1899 488 1960 Deo,
521 1893 675 1962 a'qtio
696 1906 776 1947 est
805 1895 1051 1962 quidquid
1086 1893 1394 1962 bo:tiii:ibes
1415 1931 1429 1955 ,
1460 1902 1511 1944 et
1542 1905 1569 1962 ιι
1598 1907 1703 1958 quo

148 1969 458 2019 remittetur
487 1961 737 2031 quidquid
772 1961 889 2015 ntali
923 1961 971 2016 in
1003 1973 1052 2016 te
1080 1974 1178 2016 est.
1212 1961 1273 2012 Et
1306 1962 1428 2013 mihi
1459 1961 1702 2013 altissimo

145 2037 334 2100 redde,
368 2039 485 2103 quia
517 2049 542 2084 a
575 2049 657 2086 me
690 2033 847 2085 habes
869 2041 1002 2097 vota,
1033 2048 1136 2084 non
1162 2032 1425 2103 qtiailibet,
1458 2031 1554 2103 sed
1578 2043 1699 2103 tua,

148 2106 201 2154 iil
231 2099 355 2168 est,
389 2099 503 2168 quae
536 2105 585 2154 in
615 2114 663 2156 te
692 2111 844 2165 sunt,
878 2103 976 2154 hoc
1002 2112 1120 2164 est,
1171 2100 1415 2166 tcipsutn.
1459 2099 1704 2167 Quisquis

144 2175 297 2226 enim
329 2177 524 2243 cogitat
562 2173 696 2238 quod
731 2174 884 2243 digne
906 2174 1076 2243 foveat
1108 2173 1246 2243 Deti,_
1266 2169 1448 2243 oll'erat
1475 2169 1701 2234 seipsutn

163 2253 366 2306 totum,
395 2239 446 2295 ct
468 2252 671 2305 voveat,
701 2243 819 2304 quia
848 2242 943 2293 hoc
964 2240 1206 2309 exigitur,
1236 2240 1332 2291 huc
1359 2239 1595 2291 debetur.

227 2311 296 2365 Et
346 2315 516 2364 invoca
557 2328 655 2366 me.
711 2309 926 2374 Redde,
970 2310 1219 2375 inquam,
1272 2317 1425 2370 rota,
1483 2316 1538 2357 et
1583 2317 1705 2359 titttc

145 2382 334 2433 invoca
362 2397 475 2443 me,
519 2381 640 2432 iitliil
690 2377 1052 2445 pr.esuniettdo
1093 2379 1157 2432 de
1205 2389 1289 2442 te,
1337 2380 1387 2428 in
1427 2377 1506 2427 die
1548 2377 1704 2427 tribu-

145 2453 384 2510 lationis.
437 2451 484 2502 id
543 2457 642 2511 cst,
699 2448 1151 2516 peregrinationis,
1196 2449 1316 2516 quia
1375 2446 1509 2496 nulla
1540 2448 1706 2512 major

145 2530 235 2572 est
278 2521 564 2581 tribulatio,
609 2519 728 2586 quia
769 2517 1003 2584 quisquis
1032 2517 1164 2586 hanc
1193 2532 1296 2568 non
1337 2517 1580 2586 attendit,
1617 2531 1704 2581 pa-

148 2590 310 2641 triam
347 2605 411 2641 ex
443 2589 600 2641 corde
627 2584 727 2638 non
758 2589 991 2654 requirit.
1022 2584 1207 2638 Inuoco
1227 2626 1240 2646 ,
1282 2587 1515 2652 inquam,
1544 2585 1596 2636 in
1625 2586 1706 2636 die

147 2659 502 2710 tribulationis
528 2698 542 2719 ,
586 2661 706 2724 quia
749 2671 850 2710 non
882 2657 1133 2709 inutiliter
1163 2655 1446 2724 tribularis.
1480 2655 1534 2706 Si
1565 2655 1704 2705 enim

144 2742 257 2780 non
311 2722 660 2791 trilitilareris,
717 2740 819 2779 non
865 2740 949 2779 me
997 2727 1289 2777 invocares.
1339 2722 1484 2774 Nunc
1528 2735 1702 2774 autem

146 2798 276 2863 quia
307 2797 594 2859 tribularis,
629 2812 712 2848 me
750 2795 1037 2863 invocabis.
1073 2794 1136 2846 Et
1159 2793 1277 2860 quia
1299 2792 1565 2863 invocahis
1596 2808 1700 2858 me,

145 2861 327 2919 eruam
362 2875 408 2918 te
434 2867 498 2919 de
539 2867 894 2916 tribulatione.
942 2862 1002 2915 Et
1036 2875 1087 2916 tu
1123 2870 1304 2915 erutus
1328 2861 1701 2927 honoriﬁcabis,

147 2937 199 2986 id
229 2946 311 2988 est
338 2976 354 2997 ,
389 2935 621 2987 laudabis
649 2950 756 2988 nte.
791 2945 1054 2998 utinquam
1095 2935 1318 2998 amplius
1348 2931 1644 2983 recedetttlo
1672 2947 1701 2984 a

150 3020 239 3058 tite
266 3023 276 3055 :
305 3003 451 3055 Beati
480 3007 610 3054 enim
638 3004 717 3068 qui
747 3001 976 3052 habitant
1008 3003 1058 3052 in
1084 3003 1230 3054 domo
1253 3012 1361 3064 tua,
1392 2999 1623 3067 Domine,
1653 3002 1705 3054 in

143 3075 343 3125 swcula
364 3074 659 3125 sa’culorum
682 3071 952 3124 laudabunt
979 3083 1044 3123 te.

225 3143 489 3194 Peccatori
535 3155 698 3194 au'ein
733 3142 859 3193 dixit
891 3141 1042 3193 Deus.
1092 3139 1242 3202 lla-c,
1293 3139 1506 3208 inquam
1529 3181 1546 3205 ,
1583 3154 1699 3209 qua:

148 3214 408 3279 prattlicta
454 3222 613 3276 sunt,
645 3213 775 3263 dixit
804 3211 1050 3263 Dominus
1083 3211 1216 3262 Deus
1244 3211 1463 3262 deorum
1506 3212 1700 3277 populo

148 3297 284 3344 suo;
337 3298 452 3350 qua:
483 3290 656 3334 autem
699 3290 1016 3350 sequuntur,
1048 3280 1173 3331 dixit
1205 3281 1469 3344 peccatori,
1499 3279 1548 3332 id
1577 3291 1658 3333 est
1680 3322 1696 3343 ,

146 3353 350 3419 populo
395 3367 496 3403 non
526 3366 620 3402 suo
641 3392 654 3409 .
692 3350 801 3401 haec
828 3390 841 3412 ,
874 3349 1072 3401 scilicet
1104 3366 1116 3400 :
1150 3350 1313 3412 Quare
1342 3360 1393 3400 tu
1418 3389 1432 3411 ,
1464 3363 1583 3401 cum
1628 3351 1701 3403 sis

151 3431 408 3486 peccator
430 3459 444 3482 ,
492 3421 540 3471 id
583 3428 662 3471 est
685 3459 700 3480 ,
737 3419 864 3484 legis
894 3433 1022 3470 mete
1070 3419 1464 3485 praevaricator,
1495 3434 1702 3471 enarras

146 3492 272 3541 aliis
290 3490 519 3557 justitias
543 3504 696 3548 ineas,
729 3488 776 3538 id
803 3497 902 3549 est,
930 3488 1082 3539 ﬁdem
1111 3503 1279 3540 meam
1304 3487 1696 3553 justilicatiteui,

149 3563 234 3611 vel
275 3560 415 3625 justa
452 3568 706 3623 praecepta
742 3571 875 3618 mea,
919 3565 964 3606 et
995 3570 1155 3624 quare
1193 3557 1404 3608 assumis
1438 3566 1702 3607 testamen-

147 3637 265 3678 tum
296 3643 460 3679 meum
486 3667 499 3689 ,
547 3627 594 3676 id
639 3634 718 3676 est
744 3664 757 3685 ,
800 3626 1173 3692 promissiones
1213 3640 1353 3677 nicas
1379 3627 1700 3678 enarrandas

145 3713 241 3763 per
291 3713 347 3747 os
400 3696 583 3746 iitum?
633 3692 748 3746 Non
790 3696 922 3763 enim
965 3695 1130 3760 (quasi
1176 3695 1336 3762 dicat)
1377 3705 1448 3746 est
1478 3699 1701 3758 speciosa

146 3762 270 3817 taus
311 3767 362 3814 in
398 3781 482 3816 ore
525 3765 812 3829 peccatoris.
846 3762 1063 3817 Videtur
1089 3764 1171 3817 hic
1199 3767 1492 3816 absterrere
1521 3769 1701 3831 praitti-

144 3845 367 3885 catt-res
398 3844 671 3900 peccantes
699 3849 724 3882 a
762 3835 1154 3896 praedicatione,
1181 3843 1234 3885 et
1265 3834 1451 3885 mirum
1477 3846 1555 3887 est
1582 3850 1698 3885 cum

147 3905 279 3956 alilii
307 3904 432 3954 dicit
466 3921 477 3952 :
517 3903 685 3967 Supra
723 3903 1010 3954 cathedram
1045 3901 1210 3969 Moysi
1248 3904 1482 3955 sederunt
1524 3905 1699 3955 scriba:

145 3983 197 4024 et
228 3971 496 4024 Pharisaei.
530 3973 847 4037 Qntecnnque
875 3971 1090 4022 dixerint
1119 3973 1251 4021 vobis
1278 3981 1466 4024 servate
1494 3983 1538 4024 et
1568 3974 1698 4038 [act-

148 4055 215 4092 te.
259 4042 324 4092 Et
351 4042 537 4092 Paulus
565 4042 686 4091 dicit
715 4056 727 4091 :
768 4041 1079 4107 Quacunqtte
1117 4042 1377 4092 occasione
1401 4042 1700 4106 pt‘tL’diCctur

145 4109 408 4173 Christus,
439 4109 759 4177 suscipiatur.
788 4112 913 4174 Quze
937 4109 1194 4162 contraria
1225 4111 1461 4161 videntur
1486 4112 1530 4161 ei
1561 4112 1697 4178 quod

148 4181 237 4232 hic
267 4181 354 4231 dic
380 4194 482 4244 tur,
514 4180 602 4231 scd
635 4193 735 4229 noti
767 4190 910 4244 sntit,
941 4178 1062 4248 quia
1094 4181 1179 4231 illa
1207 4179 1448 4232 dicuntur
1480 4181 1612 4240 ideo,
1645 4190 1699 4233 ut

146 4252 238 4316 qui
294 4249 512 4301 audiunt
556 4248 766 4316 aliqmid
814 4251 1040 4314 bonum,
1101 4265 1201 4301 non
1257 4249 1471 4302 timeant
1516 4252 1699 4304 audire

146 4321 531 4386 qualiscunque
562 4318 629 4371 sit
681 4319 766 4371 ille
802 4333 830 4371 a
870 4333 973 4387 quo
1013 4321 1246 4372 audiant.
1291 4319 1399 4372 lloc
1429 4334 1550 4371 vero
1582 4323 1699 4372 ideo

147 4390 369 4450 itit-itur,
401 4405 464 4440 ne
492 4389 563 4439 illi
588 4387 673 4452 qui
706 4389 838 4442 bene
868 4390 1088 4450 dicunt,
1122 4398 1173 4439 et
1201 4390 1336 4440 male
1368 4387 1581 4452 iaciunt,
1615 4405 1698 4440 se-

146 4460 431 4508 curitatem
474 4459 699 4522 aliquam
733 4457 959 4511 habeant
985 4496 997 4522 ,
1039 4461 1141 4509 imo
1169 4473 1378 4522 semper
1402 4458 1696 4509 damnatio-

150 4542 276 4578 nem
298 4541 366 4577 ει
392 4528 600 4592 propria
628 4539 757 4578 voce
780 4531 1015 4588 timeant,
1046 4529 1166 4594 quia
1195 4530 1324 4578 bene
1351 4527 1488 4592 loqui
1516 4536 1567 4578 et
1588 4542 1693 4578 rna-

152 4596 202 4647 le
235 4595 416 4672 vivere
439 4595 564 4645 nihil
610 4594 747 4646 aliud
784 4606 864 4649 est
902 4611 1056 4664 quam
1092 4611 1150 4649 se
1178 4597 1342 4664 ipsum
1371 4595 1576 4672 propria
1605 4611 1698 4648 sua

150 4678 286 4716 voce
310 4663 578 4714 damnare.

223 4730 439 4783 Tacere
484 4733 632 4784 odisti
655 4733 1012 4804 _disciplinaiu,
1060 4745 1106 4788 et
1152 4735 1404 4804 projecisti
1448 4751 1697 4789 sermones

147 4817 286 4853 meos
316 4810 610 4853 retrorsum.
647 4800 867 4856 Enarras
911 4806 1121 4873 quidem
1151 4800 1266 4858 aliis
1297 4807 1524 4873 justitias
1551 4816 1597 4858 et
1622 4819 1696 4857 te-

149 4882 458 4922 stamenlum
482 4887 678 4941 puteum,
715 4874 804 4926 sed
834 4889 936 4926 non
963 4875 1182 4929 deberes
1204 4916 1220 4938 ,
1252 4877 1371 4941 quia
1404 4886 1457 4927 tu
1484 4877 1549 4928 de
1577 4876 1698 4929 liliis

151 4956 258 4991 non
291 4954 349 4991 es
374 4979 388 5002 ,
430 4940 492 4992 ad
523 4956 653 5008 quos
687 4943 784 4997 hoc
829 4946 1072 5010 pertinet.
1117 4940 1281 4996 Odisti
1303 4946 1441 4997 enim
1471 4947 1697 5011 discipli-

150 5026 273 5061 nam
298 5048 314 5071 ,
365 5011 413 5078 id
453 5020 532 5062 est
557 5049 572 5072 ,
605 5023 870 5078 paternam
900 5014 1277 5068 correctionem
1324 5030 1511 5067 meam.
1537 5015 1696 5077 Quasi

151 5080 296 5131 dicat
326 5094 338 5127 ε
371 5075 500 5129 Cum
535 5075 688 5145 parco
714 5121 728 5143 ,
760 5092 940 5136 cantas
969 5094 1022 5135 et
1063 5084 1279 5145 laudas;
1310 5098 1426 5135 cum
1451 5075 1576 5135 vero
1613 5097 1700 5135 ar-

152 5166 277 5218 guo,
313 5162 626 5203 murinuras.
666 5153 823 5213 Quasi
857 5161 1055 5204 tantum
1102 5160 1223 5206 tunc
1254 5157 1350 5204 sint
1382 5152 1548 5215 Deus,
1581 5168 1696 5205 cum

154 5232 315 5285 parco
336 5256 352 5281 ,
402 5232 502 5268 non
539 5231 638 5269 sim
664 5233 788 5271 vero
819 5220 951 5273 Deos
977 5260 992 5284 ,
1022 5236 1139 5274 cum
1180 5238 1368 5289 arguo;
1401 5237 1497 5290 ego
1524 5235 1697 5274 autem

151 5302 289 5356 quos
316 5301 436 5356 amo
462 5327 477 5348 ,
508 5299 670 5352 arguo
701 5299 853 5353 atque
889 5294 1106 5356 castigo.
1151 5291 1254 5346 Sed
1288 5303 1336 5344 tu
1381 5295 1512 5345 lianc
1541 5293 1696 5344 disci-

156 5355 353 5422 plinam
377 5355 553 5418 odisti,
584 5360 699 5421 quia
729 5357 1057 5410 adulterinus
1088 5375 1147 5412 es
1170 5401 1183 5423 ,
1218 5377 1318 5412 non
1353 5361 1505 5413 liiitis.
1552 5362 1699 5415 Unde

155 5427 445 5498 Apostolus
497 5441 511 5477 :
553 5425 704 5498 Quod
747 5427 790 5479 si
819 5438 983 5498 extra
1031 5429 1353 5496 disciplinam
1402 5433 1538 5493 estis,
1581 5449 1699 5498 ergo

155 5494 433 5546 adulterini
474 5496 586 5546 estis
615 5537 628 5558 ,
660 5513 759 5548 non
796 5497 910 5562 ﬁlii.
958 5498 1118 5549 Odisti
1143 5494 1166 5561 ,Ἴ
1192 5500 1398 5565 inquam
1427 5540 1441 5560 ,
1473 5494 1699 5564 discipli-

156 5577 272 5613 nam
297 5601 312 5624 ,
343 5570 391 5614 et
428 5567 676 5633 projecisti
713 5583 961 5619 sermones
992 5581 1124 5618 ineas
1162 5579 1432 5619 retrorsum
1457 5607 1472 5631 ,
1519 5570 1567 5621 id
1598 5583 1697 5632 εει,

157 5640 275 5703 post
303 5643 355 5684 te
378 5635 510 5703 ,ιιιιὶ
537 5637 806 5690 dicebatur
836 5653 926 5703 per
957 5645 1024 5690 ιε.
1059 5635 1124 5689 Ut
1150 5639 1288 5687 enim
1333 5655 1435 5689 non
1473 5639 1698 5702 videres,

159 5701 423 5825 proiecisti
452 5715 542 5756 eos
567 5715 682 5772 post
709 5715 783 5773 te,
810 5701 926 5761 euut
958 5718 1126 5760 tamen
1158 5706 1343 5770 velles,
1375 5717 1434 5760 ut
1467 5701 1696 5762 lionoraé

159 5784 252 5824 reti
299 5781 368 5825 te.

158 5781 274 5825 rent
299 5781 368 5826 te.

398 5863 515 5921 Ρη
531 5881 666 5923 non.
697 5866 910 5925 XClll.

1757 3177 1771 3201 ,
1807 3146 2083 3192 secundum
2123 3144 2358 3195 duritiam
2405 3155 2539 3197 luant
2564 3188 2576 3207 ,

1807 587 2082 648 portionem
2120 596 2258 636 tuam
2288 593 2520 652 ponebas.
2553 589 2652 640 Per
2680 589 2918 641 eliectum
2947 590 3179 642 ostendit
3202 597 3338 656 quod

1806 667 2077 706 sermones
2109 667 2394 708 retrorsum
2445 659 2659 722 projttcit
2686 698 2700 718 ,
2746 657 2862 724 quia
2902 658 3075 717 omni,
3119 660 3338 721 scilicet.

1807 724 2048 797 nequitia:
2070 727 2350 797 consensit.
2376 726 2522 788 Quod
2552 731 2629 797 sic
2649 727 2781 797 dicit
2808 745 2818 777 :
2931 726 3126 797 videbas
3156 729 3338 797 furem,

1804 791 2034 842 currebas
2056 831 2068 853 ,
2104 796 2146 845 si
2180 809 2281 843 non
2315 800 2464 857 pede,
2497 796 2681 847 saltem
2710 795 3002 848 aﬂ‘ectiOtte.
3033 794 3093 846 Et
3125 791 3341 856 ponebas

1804 863 2078 923 portionem
2120 871 2257 911 tuam
2284 878 2393 912 cum
2423 865 2686 924 adulteris,
2727 866 2825 924 eis,
2856 865 3056 917 scilicet
3077 903 3091 925 ,
3121 880 3342 922 conscii-

1806 926 2003 1000 tietitlo.
2041 932 2148 982 Nati
2178 937 2344 982 solum
2372 933 2508 982 t-niiti
2541 934 2626 998 qui
2662 933 2873 998 faciunt,
2905 934 2996 985 sed
3031 942 3081 986 et
3108 937 3193 1000 qui
3217 952 3342 990 coti-

1803 997 2054 1065 Setitiuut,
2090 1010 2254 1051 morte
2277 1001 2413 1065 digiti
2438 997 2578 1052 sunt.

1874 1064 1942 1138 οε
1971 1077 2107 1138 tuum
2137 1064 2406 1119 abundavit
2450 1070 2643 1121 malitia
2670 1110 2682 1129 ,
2727 1081 2771 1121 et
2820 1070 2992 1138 lingua
3019 1079 3105 1122 tua
3134 1078 3338 1128 concin-

1805 1133 1951 1185 nabat
1977 1137 2138 1187 dolos.
2175 1137 2283 1188 Non
2315 1141 2482 1189 solum
2532 1139 2731 1190 ft'trihus
2759 1149 2811 1191 et
2837 1133 3087 1192 adulteris
3118 1156 3341 1197 consen-

1802 1205 1910 1277 sisti
1931 1245 1943 1265 ,
1975 1205 2064 1256 sed
2094 1207 2246 1258 etiam
2273 1223 2327 1258 os
2355 1219 2493 1258 luant
2520 1209 2786 1260 abundavit
2819 1211 3013 1260 malitia
3040 1249 3053 1270 ,
3084 1215 3199 1277 quia
3233 1230 3333 1266 non

1802 1273 1972 1324 Solum
2007 1277 2134 1324 ntala
2169 1278 2386 1327 tacendo
2410 1293 2510 1348 non
2537 1278 2943 1348 reprehendisti,
2973 1282 3062 1330 sed
3092 1273 3139 1331 ut
3175 1287 3337 1348 magis

1801 1353 2077 1403 augeretur
2102 1382 2115 1403 ,
2148 1359 2260 1396 eam
2291 1347 2526 1396 laudasti.
2561 1347 2618 1395 Et
2651 1350 2699 1396 in
2731 1347 2827 1398 hoc
2858 1350 3012 1398 etiam
3039 1347 3338 1405 delectatiu-

1805 1411 1892 1484 rjs.
1925 1412 2076 1484 Quod
2114 1413 2190 1464 sic
2216 1415 2339 1466 dicit
2381 1432 2390 1462 :
2432 1413 2623 1481 Lingua
2655 1426 2741 1466 tua
2770 1418 3118 1474 concinnabat.
3156 1419 3205 1470 itl
3238 1433 3335 1484 κει,

1801 1477 2114 1552 delectando
2145 1491 2388 1548 tanquam
2421 1484 2470 1535 in
2509 1477 2682 1549 aliquo
2713 1489 2972 1536 concitino
2993 1489 3286 1552 compontvb
3306 1477 3341 1542 ιι

1802 1548 1946 1624 dolos
1970 1591 1984 1612 ,
2019 1550 2067 1624 id
2096 1562 2174 1624 est
2197 1590 2212 1613 ,
2245 1553 2422 1603 dolosa
2456 1548 2633 1615 verba,
2654 1555 2858 1624 quibus
2891 1548 3137 1608 laudabas
3165 1573 3340 1624 repre-

1805 1614 2094 1690 hendenda.
2118 1619 2376 1690 Praeterea
2401 1638 2606 1690 quoque
2633 1614 2949 1674 detrahebas
2981 1624 3123 1675 l‘ratt'i
3149 1614 3256 1690 tuo,
3291 1642 3342 1679 et

1803 1700 1877 1738 s‘tc
1917 1688 2304 1740 scandalizalias
2346 1690 2503 1741 lilium
2529 1688 2728 1744 Vniatris
2756 1701 2875 1744 tua}.
2921 1692 3101 1745 Frater
3128 1688 3342 1749 vocatur

1805 1753 1887 1806 hic
1933 1756 2120 1823 aliquis
2159 1757 2264 1826 jam
2302 1761 2558 1823 perlectus
2585 1800 2598 1821 ,
2639 1769 2690 1812 et
2717 1762 2993 1824 spiritualis
3037 1765 3145 1826 vir;
3181 1765 3345 1817 Filius

1739 1847 1778 1904 Β
1807 1838 1928 1904 vero
1960 1837 2140 1904 matris
2169 1827 2360 1879 dicitur
2387 1828 2576 1904 aliquis
2614 1830 2784 1881 minus
2811 1831 3098 1904 perlectus,
3139 1838 3222 1899 qui
3252 1839 3343 1886 atl-

1806 1891 1903 1944 liitc
1935 1897 2158 1948 carnalis
2200 1908 2276 1948 εει
2299 1934 2313 1958 ,
2355 1907 2405 1948 et
2447 1891 2617 1951 adhuc
2642 1903 2774 1952 lacte
2803 1891 2903 1951 non
2934 1891 3101 1953 solido
3123 1891 3239 1955 cibo
3270 1922 3345 1955 itt-

1803 1962 2058 2037 diget.._-Et
2092 1965 2501 2037 so_lc_nt_qtiitlani
2534 1971 2788 2031 perfectos
2810 1985 2865 2021 se
2901 1971 3204 2024 simulantes
3241 1981 3345 2037 spt-

1805 2032 2079 2105 riiualibus
2114 2034 2238 2085 viris
2267 2035 2316 2105 ιιι
2353 2037 2583 2089 Ecclesia
2613 2038 2888 2091 detrahere
2914 2080 2928 2102 ,
2957 2052 3012 2091 ut
3041 2042 3118 2092 sic
3148 2032 3340 2105 possint

1805 2101 2037 2188 piitiorers
2066 2103 2441 2188 scatiditlizare,
2473 2116 2526 2159 ut
2552 2107 2761 2188 quidam
2791 2101 2933 2188 apud.
2955 2101 3250 2164 Corinthios
3276 2114 3342 2166 de

1806 2170 1955 2245 be.t_to
1997 2170 2153 2225 Paulo
2192 2173 2436 2227 dixerunt
2483 2193 2496 2228 :
2543 2170 2783 2244 Epistula:
2811 2170 3011 2244 quidem
3036 2195 3203 2245 graves
3231 2195 3342 2234 sunt

1803 2245 1846 2316 et
1874 2239 2046 2316 fortes,
2076 2245 2163 2316 sed
2187 2247 2453 2316 prwsentia
2479 2239 2701 2316 infirma,
2730 2254 2775 2296 et
2802 2239 2963 2316 sermo
2993 2239 3339 2316 contemptibi-

1804 2307 1886 2358 (is.
1920 2308 1981 2359 Et
2026 2323 2118 2374 per
2156 2307 2252 2362 hoc
2281 2313 2456 2377 plures
2487 2307 2549 2366 de
2591 2315 2916 2366 inferioribus
2954 2307 3344 2372 seandaliaztve-

1803 2389 1940 2428 runt.
1973 2377 2120 2431 Unde
2157 2379 2282 2449 dicit
2319 2398 2329 2430 :
2377 2380 2454 2434 Tu
2492 2384 2768 2449 loquebaris
2807 2387 2854 2434 iii
2897 2389 3217 2440 detractione
3251 2392 3340 2441 ud-

1804 2460 1968 2499 verstts
1998 2451 2218 2521 fratrem,
2267 2448 2315 2502 id
2360 2461 2458 2512 est,
2507 2448 2682 2504 centra
2713 2452 2997 2521 quemlibet
3018 2455 3339 2521 spiritualcm

1803 2526 1855 2568 et
1891 2519 2258 2593 ‘perl'ectiorein
2292 2520 2479 2593 virum,
2507 2523 2600 2593 qui
2627 2519 2838 2593 deberet
2860 2536 2973 2586 ease
2997 2519 3156 2578 frater
3185 2541 3339 2593 tuus;

1801 2595 1867 2658 ειΔ
1890 2587 1987 2639 Ιιοε
2017 2588 2173 2658 modo
2204 2590 2416 2653 ponebas
2447 2587 2738 2642 scandalum
2767 2592 3003 2643 adversus
3040 2594 3202 2658 ﬁlium
3231 2587 3338 2649 ma;

1803 2655 1893 2728 tris
1921 2663 2018 2728 tua:
2037 2695 2052 2719 ,
2081 2657 2264 2728 idest,
2292 2659 2613 2712 detrahendo
2644 2660 2840 2726 majora
2866 2669 2920 2713 et
2941 2655 3161 2728 digniori
3190 2680 3340 2718 sean-

1801 2723 2063 2802 diltzalias
2093 2725 2254 2778 lilium
2298 2731 2475 2802 matris
2495 2742 2604 2802 tua:
2637 2723 2900 2802 Ecclesiae,
2936 2723 3090 2802 idfest
3117 2771 3133 2796 ,
3163 2749 3343 2802 qut-tn-

1802 2807 1906 2872 qtie
1923 2794 2187 2872 iuniorem
2231 2805 2286 2872 et
2312 2798 2654 2872 indigniorem
2680 2841 2690 2860 ,
2714 2801 2814 2872 _qui
2870 2794 3126 2853 nondum
3152 2794 3345 2872 indiget

1803 2862 1972 2933 solido
2002 2863 2120 2917 cibo
2147 2905 2160 2925 ,
2197 2867 2286 2917 Sed
2321 2862 2471 2920 lacte.
2506 2867 2631 2920 Hice
2655 2907 2668 2928 ,
2714 2862 2943 2933 itituam,
2987 2874 3158 2923 omnia
3209 2862 3340 2926 in‘ila

1804 2931 2259 3006 pracdictafecisti,
2286 2945 2329 2986 cl
2353 2947 2525 2990 tamen
2557 2952 2653 3006 ego
2677 2931 2831 3000 tacui,
2863 2937 2912 2990 id
2941 2949 3040 3001 est,
3066 2959 3092 2990 a
3118 2945 3342 2996 vindicta

1802 3005 2110 3076 supersedi,
2162 3005 2492 3076 severitatem
2545 3005 2713 3058 meatu
2767 3007 3340 3076 distuli,pulit-titiam

1804 3071 2128 3138 prolongavi,
2169 3075 2525 3137 pitiztitentiani
2557 3085 2694 3126 tuam
2726 3071 3051 3140 exspectavi:
3076 3077 3150 3131 Tit
3172 3093 3337 3135 autem

2627 3155 2672 3196 et
2707 3146 3013 3213 impaeniteus
3053 3164 3137 3198 cor
3177 3160 3336 3214 ιιιιιίι,

1804 3211 2113 3284 ιΙιεξιιιιγὶβαε
2135 3213 2220 3263 tibi
2243 3215 2370 3264 iram
2390 3215 2439 3265 in
2459 3217 2535 3265 die
2557 3211 2869 3267 reuelationis
2883 3217 3008 3284 justi
3022 3219 3205 3284 judicii
3226 3211 3338 3274 Dei.

1874 3279 2186 3332 Existimasti
2225 3284 2391 3351 inique
2415 3286 2547 3349 quod
2575 3301 2660 3336 ero
2687 3287 2759 3356 tui
2798 3279 2993 3347 διιιιῖίιε,
3022 3279 3242 3353 arguant
3274 3302 3338 3356 te,

1803 3357 1850 3421 et
1880 3361 2093 3401 statuam
2133 3363 2306 3404 contra
2333 3358 2510 3418 [aciem
2543 3365 2694 3405 tuam.
2729 3355 2859 3420 Quia
2887 3369 2984 3421 ego
3015 3360 3146 3408 taciti
3171 3374 3198 3408 a
3227 3355 3338 3412 viti?

1803 3418 1962 3482 dicta,
1997 3421 2111 3472 ideo
2143 3430 2194 3472 tu
2223 3423 2390 3489 inique
2427 3425 2724 3475 existimasti
2751 3418 2888 3490 quod
2917 3418 3015 3490 ego
3039 3425 3135 3475 sint
3161 3429 3340 3483 similis

1803 3491 1898 3540 tui.
1927 3490 2054 3562 Quia
2089 3491 2227 3542 enim
2262 3503 2312 3543 ιιι
2337 3492 2567 3562 noluisti
2606 3507 2724 3562 esse
2761 3492 2944 3545 similis
2981 3496 3120 3558 mei,
3153 3499 3342 3562 putasti

1803 3560 1938 3629 quod
1972 3574 2068 3625 ego
2098 3573 2265 3611 cssetn
2307 3559 2494 3612 similis
2536 3565 2629 3613 tui.
2661 3561 2846 3615 Parum
2893 3577 3114 3629 namque
3149 3559 3236 3618 libi
3267 3566 3339 3620 vi-

1802 3627 2022 3679 debatur
2047 3629 2185 3694 qttod
2215 3637 2265 3679 tu
2296 3631 2459 3682 malus
2488 3644 2633 3684 esses
2657 3669 2673 3694 ,
2701 3632 2796 3684 nisi
2836 3632 2991 3685 etiam
3033 3627 3115 3686 ine
3145 3637 3333 3689 malunt

1807 3700 1940 3749 Velle
1970 3708 2196 3764 putares.
2233 3699 2295 3750 lit
2322 3704 2438 3763 quia
2483 3717 2584 3752 non
2628 3703 2895 3754 attentlisti
2935 3717 3016 3755 nte
3057 3705 3275 3758 ultorem
3305 3719 3338 3757 α

1803 3767 2029 3818 vititticta
2072 3770 2497 3839 supersedentetti
2523 3809 2537 3832 ,
2585 3773 2772 3838 putasti
2814 3785 2900 3824 me
2939 3773 3238 3839 participem
3286 3787 3340 3827 et

1801 3850 2103 3902 corruptum
2147 3837 2394 3903 judicetn.
2440 3838 2534 3900 'l‘u,
2589 3841 2824 3905 inquam,
2867 3842 2964 3892 hoc
3001 3837 3337 3907 existimasti;

1801 3917 1898 3971 ego
1924 3917 2094 3957 autern
2141 3906 2346 3958 tandem
2387 3924 2595 3974 arguam
2637 3918 2681 3959 te
2714 3924 2804 3970 per
2836 3909 3114 3963 vindictam
3156 3906 3340 3967 condi-

1800 3988 1977 4038 gnam,
2008 3986 2049 4026 et
2078 3985 2292 4025 statuam
2318 3987 2364 4028 te
2389 3989 2559 4027 contra
2583 3979 2761 4052 faciem
2783 3989 2942 4042 tuam,
2977 3983 3023 4031 id
3051 3995 3147 4040 est.
3179 3992 3230 4036 te
3249 3985 3335 4052 qui

1803 4057 2052 4108 posueras
2084 4053 2134 4096 te
2167 4059 2280 4109 post
2311 4056 2361 4097 te
2382 4087 2393 4108 ,
2426 4058 2479 4097 ιιι
2518 4063 2618 4099 non
2657 4048 2862 4100 videres
2885 4057 2967 4110 te,
3000 4063 3186 4114 ponam
3214 4048 3336 4107 ante

1804 4123 1874 4178 te,
1905 4127 1959 4164 ut
1983 4115 2158 4167 videas
2183 4126 2250 4167 te.
2283 4116 2336 4168 Si
2365 4121 2502 4169 enim
2530 4119 2728 4168 videres
2758 4126 2838 4179 te,
2868 4116 3176 4184 displiceres
3205 4125 3294 4174 tibi
3323 4162 3338 4183 ,

1802 4192 1854 4234 et
1889 4184 2121 4248 placeres
2150 4188 2310 4248 milii;
2356 4199 2490 4236 nunc
2521 4200 2644 4236 vero
2684 4189 2805 4252 quia
2837 4197 2887 4237 te
2921 4202 3022 4240 non
3067 4188 3208 4242 vides
3232 4231 3247 4252 ,
3287 4207 3340 4246 ει

1804 4253 1975 4317 places
2002 4255 2113 4319 tibi,
2147 4254 2442 4320 displiceliis
2472 4255 2598 4305 milii
2623 4293 2638 4316 ,
2665 4267 2715 4306 et
2746 4255 2835 4307 tibi
2863 4255 3182 4321 displicebis.
3213 4262 3334 4314 Mihi

1800 4321 2008 4395 quidem
2037 4323 2355 4395 displicebis,
2386 4339 2502 4395 cum
2533 4325 2880 4390 jtidicaberis;
2903 4325 2990 4376 tibi
3015 4340 3137 4378 vero
3157 4330 3337 4395 diapli-

1801 4391 1944 4443 cebis
1965 4431 1979 4454 ,
2007 4406 2122 4444 cum
2153 4392 2380 4446 ardebis.
2407 4393 2640 4447 Statuam
2667 4406 2733 4456 te,
2769 4395 3002 4458 inquam,
3029 4405 3150 4448 ante
3177 4391 3253 4461 te,
3281 4408 3335 4452 ιιι

1801 4461 1980 4513 videas
2013 4462 2298 4515 foeditatem
2332 4474 2497 4528 luant,
2526 4477 2630 4516 non
2661 4471 2714 4514 ut
2740 4461 2992 4529 corrigas,
3021 4466 3111 4517 sed
3135 4475 3191 4518 ιιι
3216 4481 3334 4534 per-
3391 4466 3395 4471 ’

1805 4541 1958 4596 petito
1984 4533 2283 4583 erubescas.

1868 4597 2140 4668 lnteltigite
2159 4600 2265 4652 Iure
2282 4603 2365 4667 qui
2391 4601 2732 4653 obliviscimini
2754 4598 2930 4665 Deum,
2954 4619 3013 4656 ne
3029 4606 3229 4670 quando
3253 4621 3335 4658 ra-

1797 4669 1902 4736 piat
1925 4677 1968 4718 et
1993 4686 2089 4720 non
2112 4681 2174 4721 sit
2195 4677 2278 4737 qui
2298 4672 2495 4735 eripiat.
2521 4672 2797 4742 Hucusqtie
2823 4673 3023 4725 locutus
3042 4669 3128 4725 est
3157 4681 3334 4742 Asaplt

1798 4742 1849 4790 ιιι
1879 4754 2098 4803 persona
2136 4743 2334 4793 lloniitti
2385 4740 2640 4808 loquentis
2685 4742 2871 4807 μομιιιο
2906 4757 3017 4801 suo,
3055 4752 3108 4793 et
3138 4740 3332 4810 popqu

1799 4823 1901 4860 non
1930 4823 2060 4870 suo;
2096 4812 2176 4860 tiic
2205 4823 2328 4862 vero
2354 4810 2482 4863 dicit
2512 4814 2561 4863 iti
2586 4825 2806 4877 persona
2835 4824 2926 4862 sua
2954 4851 2968 4873 ,
3000 4811 3332 4867 adtttonendo

1799 4888 2036 4943 posteros
2078 4890 2130 4929 et
2178 4879 2306 4931 alios
2336 4889 2628 4933 consortes.
2668 4879 2823 4944 Quasi
2861 4878 2999 4931 dicat
3030 4896 3041 4931 :
3070 4883 3200 4944 Quia
3230 4883 3334 4936 Do-

1798 4949 1965 4998 minus
2006 4948 2128 4998 talia
2175 4948 2304 5001 dicit
2334 4956 2526 5015 pUpUIO
2564 4963 2699 5011 suo,
2742 4958 2794 5001 et
2839 4951 2960 5000 talia
3010 4954 3200 5017 pupulo
3229 4967 3332 5004 non

1797 5028 1923 5085 suo;
1969 5029 2095 5082 ergo
2124 5031 2217 5068 vos
2258 5019 2342 5084 qui
2385 5020 2552 5071 adhuc
2598 5019 2944 5070 obliviscimini
2985 5021 3141 5071 [terim
3170 5030 3286 5074 actu
3313 5061 3331 5085 ,

1797 5084 1952 5134 vitam
1984 5087 2117 5136 male
2150 5086 2373 5150 priorem
2416 5103 2515 5138 non
2559 5090 2907 5149 attendentes,
2958 5100 3011 5142 et
3052 5090 3176 5142 nihil
3206 5084 3327 5141 boni

1797 5161 2008 5218 agentes
2034 5192 2048 5214 ,
2077 5153 2338 5225 intelligite
2358 5164 2404 5206 et
2428 5161 2530 5208 Itan:
2559 5173 2672 5221 qua:
2709 5160 2960 5211 Dominus
2983 5161 3108 5212 diuit
3137 5163 3329 5225 populo

1798 5237 1929 5292 suo,
1978 5233 2027 5270 et
2075 5239 2189 5286 qua:
2242 5224 2367 5275 dicit
2406 5230 2595 5291 populo
2650 5241 2753 5278 non
2811 5244 2904 5279 suo
2933 5269 2946 5288 ,
2993 5224 3230 5292 scilicet,
3274 5238 3330 5283 υι

1799 5290 1933 5342 male
1960 5302 2247 5343 aitteaCtani
2282 5296 2434 5343 vitam
2475 5290 2522 5346 in
2550 5298 2893 5349 amaritudine
2921 5298 3108 5350 anima:
3135 5290 3328 5353 nnatrta

1798 5363 2126 5436 attendentes
2174 5364 2383 5426 possitis
2424 5363 2589 5436 digne
2613 5366 2718 5417 Deo
2767 5367 2939 5436 dicere
2977 5384 2990 5418 :
3025 5367 3328 5436 Recogitabo

1799 5431 1881 5480 tibi
1908 5443 2074 5480 omnes
2097 5442 2236 5482 actus
2264 5448 2416 5496 meos,
2445 5444 2497 5485 et
2520 5435 2734 5500 reliqua.
2766 5432 3061 5506 inteiitgite,
3093 5431 3330 5506 inquam,

1800 5511 1938 5575 nunc
1963 5513 2087 5575 cuni
2117 5511 2320 5575 tempus
2345 5514 2423 5553 est
2446 5545 2462 5575 ,
2489 5518 2548 5553 ne
2575 5506 2617 5554 si
2641 5519 2742 5554 non
2778 5503 3145 5560 intellexeritis
3163 5503 3329 5575 quan;

1800 5569 1865 5620 do
1886 5571 2000 5634 (pro
2027 5569 2327 5637 aliquando)
2355 5573 2516 5639 rapiat
2539 5587 2634 5625 nos
2665 5583 2719 5624 ut
2750 5584 2951 5640 p0tens,
2989 5587 3040 5629 et
3064 5579 3148 5629 cui
3174 5569 3332 5630 nemo

1802 5648 1970 5706 potest
1994 5641 2388 5714 contradicere;
2433 5649 2482 5714 et
2511 5653 2639 5714 tunc
2685 5657 2783 5714 non
2818 5645 2880 5695 sit
2925 5647 3112 5711 aliquis
3151 5649 3232 5714 qui
3263 5649 3333 5700 de

1801 5723 1953 5761 manu
1982 5706 2094 5772 ejus
2123 5723 2214 5761 vos
2241 5711 2440 5776 eripiat,
2475 5709 2523 5761 id
2553 5719 2654 5770 est,
2683 5712 2889 5776 eripere
2913 5706 3092 5778 possit.

1875 5777 2186 5843 Sacri/icium
2207 5778 2372 5854 laudis
2393 5779 2741 5849 honoriﬁcabit
2766 5797 2860 5841 me,
2887 5777 2933 5834 et
2955 5784 3057 5837 illic
3086 5785 3176 5838 iter
3200 5791 3330 5854 quod

2793 5866 2870 5928 25
