3898 6226
122 434 232 487 753

870 436 928 482 it't
970 428 1378 485 PSALMURUM
1425 427 1677 482 LIBRUM
1720 426 2069 483 EXEGESIS.
2109 454 2176 466 —
2217 424 2456 482 PSALM.
2503 427 2582 482 Ll.

3199 380 3319 484 ¹753

130 544 286 592 imbri
337 539 473 606 quod
507 535 858 604 paenitentiam
909 546 959 589 et
989 538 1371 606 conless'onern
1406 535 1548 598 facit,
1577 536 1666 590 sed
1701 537 1744 593 Α
1772 535 2108 606 acceptabile,
2141 536 2259 603 quia
2302 535 2400 606 erit
2445 535 2672 606 quando
2711 526 2914 592 taurum
2945 549 2995 594 et
3027 540 3226 589 1ιίι·‹“ιι··ν
3264 555 3312 598 ni

132 629 223 678 pur
255 605 504 677 Spiritum
538 609 646 670 Dei,
691 607 771 678 cui
801 606 998 678 scelera
1049 605 1452 678 etiminunditia
1492 607 1673 678 displi-

131 673 275 740 cent,
301 673 441 732 sicut
467 694 498 733 e
527 689 705 730 contra
748 673 1018 728 immundo
1059 675 1259 742 spiritui
1310 676 1531 741 placem.
1562 675 1674 730 Non

135 759 314 804 ιιιιιεκι
337 765 460 815 ergo
491 747 663 811 negari
692 747 814 813 quin
862 744 1044 815 David,
1077 760 1193 798 cum
1241 744 1345 810 jam
1376 746 1674 815 ittettiteret,

131 814 652 883 Spirituuisanctum
678 816 912 868 iiaberet.
943 814 1004 866 Et
1035 830 1126 877 pro
1158 816 1256 865 huc
1291 814 1474 877 spiritu
1507 824 1674 878 rogat.

138 905 206 940 ne
231 889 331 939 sibi
367 888 499 939 Ιὶιτιιε
527 901 643 938 eum
671 885 894 944 auferat,
919 883 1140 949 scilicet,
1172 898 1238 937 ne
1261 883 1394 936 forte
1415 896 1444 934 a
1474 883 1680 938 confes-

133 960 291 1011 sione
320 967 372 1008 et
396 954 696 1023 paenitentia
726 954 960 1023 desistat.
1009 1021 1016 1023 _
1119 964 1123 968 ‘

216 1017 532 1079 Redde'iuihi
556 1023 778 1076 laetititmt
805 1017 1042 1075 salutaris
1072 1022 1163 1084 tui,
1194 1029 1240 1074 et
1269 1019 1460 1090 Spiritu
1488 1020 1678 1088 princi-

136 1095 249 1164 pali
278 1097 521 1163 conﬁrma
547 1108 642 1146 me.
668 1092 777 1164 Non
807 1093 1025 1164 auferas,
1050 1090 1278 1164 inquam,
1309 1107 1337 1141 a
1353 1104 1434 1164 ine
1450 1090 1682 1164 spiritum

137 1158 309 1225 iuum,
341 1158 415 1230 ei,
455 1179 556 1217 non
592 1161 877 1230 auferendo
901 1161 1075 1222 illum,
1112 1159 1266 1213 redde
1299 1158 1421 1211 mihi
1459 1160 1683 1212 lartitiom

137 1229 408 1287 salutaris,
437 1234 530 1291 tui.
579 1245 733 1296 quam
782 1229 1010 1282 laetitiam
1062 1243 1151 1293 iter
1191 1238 1460 1293 peccatum
1508 1230 1680 1292 amisi.

139 1305 265 1370 quia
302 1319 404 1356 non
433 1303 542 1355 scio
567 1315 685 1354 esse
715 1297 1346 1370 laetandumjieadveutii
1369 1301 1483 1370 ejus
1503 1299 1680 1370 alicui.

144 1367 250 1425 nisi
278 1374 365 1439 qui
395 1387 453 1424 se
475 1369 874 1439 conl‘ormaverit
898 1368 980 1439 ei.
1003 1367 1066 1439 Et
1099 1367 1235 1419 illam
1266 1367 1421 1439 talem
1452 1367 1686 1439 ,lteiitiam

143 1459 241 1508 per
267 1436 520 1510 Spiritum
536 1449 691 1510 tuum
717 1436 1037 1510 redde_mihi,
1062 1447 1114 1510 et
1134 1436 1420 1510 e_a_rc.ldita
1444 1437 1686 1510 confirma

142 1504 246 1571 ine.
279 1504 345 1565 ne
389 1509 610 1574 amplius
638 1522 752 1560 eam
782 1507 1044 1567 amittam,
1079 1504 1274 1569 Spiritu
1305 1505 1588 1572 principali,
1636 1505 1686 1559 id

144 1591 232 1633 est
262 1580 461 1648 Spiritu
486 1587 690 1641 sancto,
720 1577 805 1643 qui
837 1575 956 1648 ideo
984 1575 1180 1648 dicitur
1205 1575 1524 1648 principalis,
1566 1575 1686 1645 quia

141 1643 400 1719 quidquid
427 1649 544 1719 boni
569 1656 651 1701 est
674 1651 852 1719 IiOStro
880 1645 1086 1719 spiritui
1113 1643 1178 1719 ab
1206 1645 1292 1719 illo
1320 1644 1568 1710 procedit.

221 1713 421 1771 Docebo
443 1718 634 1786 iniquos
657 1715 762 1767 uias
787 1725 920 1786 tuas,
941 1723 983 1765 ρι
1005 1713 1145 1780 impii
1170 1713 1236 1786 ad
1260 1722 1306 1762 te
1323 1721 1684 1766 coniixrtentur.

144 1787 414 1852 Cauﬁrma
438 1783 533 1849 nte,
564 1787 806 1850 inquam,
838 1783 956 1849 quia
987 1798 1082 1850 ego
1111 1783 1450 1835 conﬁrmatus
1471 1797 1570 1834 non
1597 1797 1689 1836 ero

144 1859 409 1924 ingratus.
457 1856 690 1918 Namque
719 1853 901 1906 docebo
942 1854 1100 1906 verbo
1146 1863 1197 1904 et
1229 1852 1469 1919 exemplo
1498 1853 1691 1924 iniquos

143 1923 435 1994 quoslibet,
473 1935 526 1979 et
554 1939 649 1994 per
700 1938 800 1977 ine.
822 1931 876 1974 et
917 1936 1008 1988 per
1033 1936 1368 1994 successores
1398 1936 1541 1974 lﬂt'OS
1589 1923 1692 1994 uias

158 1992 297 2061 tuas,
328 1996 378 2048 id
404 2005 504 2057 est,
527 1992 684 2062 opera
709 2002 822 2053 tua;
853 2001 906 2044 et
936 2007 1037 2044 non
1060 1992 1224 2044 solum
1247 1992 1450 2058 iniquos
1473 1992 1692 2053 docebo.

144 2066 242 2118 sed
275 2077 327 2120 et
356 2065 564 2132 impios,
597 2064 646 2116 id
674 2072 776 2127 est,
799 2062 1115 2121 idololatras,
1149 2062 1267 2132 quia
1298 2074 1590 2132 proponant
1613 2075 1696 2114 ine

143 2129 450 2198 exemplum
486 2135 579 2196 eis,
614 2147 677 2185 ne
706 2134 1018 2196 desperent;
1072 2141 1124 2184 et
1166 2130 1241 2183 sic
1288 2129 1449 2196 impii,
1501 2131 1549 2183 id
1592 2138 1695 2195 εει,

145 2206 269 2257 alia:
299 2206 404 2258 illa:
428 2218 552 2257 oves
578 2203 642 2254 ad
671 2212 718 2255 te
745 2208 1106 2255 conreitmtur.

221 2274 403 2326 Libero
440 2289 516 2325 me
540 2274 601 2325 de
623 2270 948 2340 sanguiuibus
985 2269 1139 2334 Deus,
1168 2267 1299 2323 Deus
1340 2270 1522 2323 salutis
1554 2287 1693 2324 iiieaz.

147 2343 316 2408 Quasi
348 2343 524 2395 dicat:
561 2343 624 2394 Et
653 2339 959 2394 ut’duceant
1003 2341 1207 2407 iniquos
1236 2351 1287 2392 et
1319 2340 1527 2407 impios,
1559 2339 1698 2404 ideo,

151 2415 315 2476 ltetis,
353 2414 509 2465 libera
551 2425 628 2462 me
667 2412 729 2463 de
757 2408 1096 2477 sanguinibus,
1133 2408 1182 2460 id
1212 2417 1311 2470 est,
1353 2411 1416 2460 de
1446 2412 1697 2476 concupi-

148 2485 377 2534 scentiis
406 2480 734 2544 carnalibus;
771 2480 864 2531 bas
905 2479 1043 2530 enim
1079 2488 1330 2548 expertus
1363 2478 1553 2544 fuerat,
1579 2481 1698 2548 quia

149 2567 249 2618 per
280 2553 376 2604 has
407 2548 684 2616 ceciderat,
720 2558 770 2601 et
799 2550 916 2601 ideo
945 2549 1008 2600 ab
1043 2547 1121 2601 eis
1145 2548 1359 2618 liberari
1401 2561 1566 2617 rogat.
1599 2549 1697 2614 'l‘tt,

145 2617 294 2682 dicit,
328 2624 413 2689 qui
462 2635 518 2673 es
552 2621 703 2679 licus,
752 2619 900 2669 dator
948 2631 1085 2669 verae
1126 2617 1310 2670 salutis
1351 2633 1510 2689 Anteio.
1543 2619 1698 2681 illius,

149 2687 388 2751 scilicet,
418 2691 501 2741 cui
532 2690 667 2740 nulla
696 2689 1252 2753 sulirepetrcori-uinio,
1279 2687 1361 2738 cui
1393 2688 1533 2737 nulla
1557 2701 1702 2740 acce-

149 2762 244 2811 det
275 2760 519 2820 defectio,
546 2759 628 2810 ubi
665 2759 784 2810 cibo
815 2752 914 2808 nun
941 2752 1230 2820 fulciamtir,
1268 2771 1436 2823 neque
1462 2771 1580 2808 esca
1612 2773 1698 2810 re-

151 2829 418 2892 ﬁciamur,
467 2830 557 2880 sed
598 2838 770 2880 tamen
813 2840 913 2878 non
957 2827 1152 2879 erimus
1188 2835 1310 2878 tunc
1343 2825 1456 2878 sine
1485 2835 1606 2894 potu
1649 2837 1701 2880 ct

150 2900 296 2960 cibo,
330 2900 450 2965 quia
481 2898 588 2963 ipse
626 2897 761 2949 Deus
789 2897 885 2948 erit
931 2905 1107 2947 noster
1147 2894 1293 2947 cilius
1324 2905 1376 2948 et
1407 2904 1578 2964 potus,
1621 2898 1698 2948 ci-

155 2967 278 3034 bus,
314 2967 538 3029 scilicet,
568 2967 827 3028 reﬁciens,
856 2973 907 3016 et
934 2977 1193 3029 nunquam
1219 2965 1491 3017 deﬁciens.
1523 2965 1700 3019 Libera

152 3055 260 3102 me,
291 3039 521 3102 iuqnatn.
556 3046 610 3089 et
634 3037 675 3087 si
707 3047 874 3100 tuine
898 3034 1218 3096 liberaveris,
1251 3043 1371 3086 tunc
1393 3036 1565 3102 lingua
1593 3052 1702 3090 mea

152 3104 450 3170 exsultabit,
483 3107 530 3159 id
560 3115 658 3168 est,
691 3105 1014 3158 exsultattter
1043 3104 1161 3156 aliis
1190 3104 1518 3157 aiinuntiabit
1547 3107 1670 3171 justi

153 3177 280 3228 tium
309 3192 520 3230 omnem
560 3190 674 3230 esse
700 3182 857 3237 tuam,
900 3172 1090 3224 nullam
1121 3188 1309 3228 meam.
1342 3173 1498 3239 Quasi
1521 3175 1659 3227 dicat
1686 3192 1696 3226 :

152 3248 273 3300 Non
306 3261 402 3300 ero
448 3248 513 3299 de
540 3259 756 3298 innuero
783 3244 1007 3306 illorum,
1038 3242 1122 3308 qui
1171 3242 1236 3296 de
1266 3244 1464 3297 meritis
1502 3259 1700 3308 praesu-

153 3325 391 3380 iuentes,
422 3326 474 3368 et
501 3330 644 3367 suam
671 3314 926 3383 justitiam
960 3320 1187 3383 statuere
1213 3314 1467 3383 volentes,
1491 3313 1708 3382 justitia:

154 3395 267 3439 tute
315 3387 594 3439 noluerunt
641 3380 757 3437 case
796 3380 1050 3450 subjecti;
1095 3391 1145 3432 et
1195 3382 1310 3435 ideo
1359 3397 1464 3434 non
1495 3380 1705 3449 'jtistitia

156 3456 500 3517 meriturum,
528 3455 617 3507 sed
650 3453 814 3505 t-‘OIaIII
849 3451 1102 3519 justitiam
1136 3459 1272 3504 tuam
1318 3451 1480 3521 gratis
1516 3451 1701 3521 justiti-

153 3533 374 3576 catitem
398 3523 737 3576 annuntiabo.

231 3592 470 3655 Domine,
502 3593 632 3644 labia
672 3607 782 3644 mea
807 3591 1021 3656 aperies,
1053 3597 1100 3642 et
1139 3605 1192 3643 os
1235 3606 1398 3643 meum
1433 3595 1705 3643 annuut'a-

157 3663 228 3714 bit
258 3663 465 3714 laudent
495 3672 649 3712 tuam.
695 3660 826 3713 Vere
869 3660 1110 3712 liberabis
1141 3674 1243 3723 me,
1275 3661 1392 3728 quia
1426 3667 1501 3724 tu,
1534 3658 1709 3712 Domi-

156 3749 245 3792 ne.
291 3733 485 3800 uperies
530 3730 662 3782 labia
692 3746 816 3791 mea,
851 3731 896 3780 id
928 3740 1025 3791 est,
1073 3729 1206 3800 labia
1235 3731 1408 3800 cordis
1443 3728 1564 3800 mei,
1592 3745 1708 3796 qua:

160 3799 508 3864 i-rius’clausa
531 3809 678 3853 erant
703 3816 789 3866 per
814 3810 1101 3866 peccatum,
1130 3799 1212 3850 illa
1239 3799 1439 3864 aperies
1464 3799 1526 3850 ad
1553 3800 1708 3851 intel-

157 3869 469 3934 ligendum;
496 3880 547 3922 et
576 3869 691 3924 ideo
715 3886 768 3922 os
793 3885 954 3922 meum
988 3869 1213 3920 exterius
1250 3867 1566 3919 annuutiabit
1592 3869 1707 3920 lau-

158 3941 278 3992 dem
303 3949 464 4002 tuam,
498 3954 599 3992 non
627 3955 817 4003 meam,
867 3943 1018 4004 hanc,
1052 3938 1272 3998 scilicet,
1303 3938 1531 4002 laudent,
1572 3938 1706 4004 quod

158 4025 189 4062 a
227 4019 281 4063 te
308 4019 520 4062 creatus
541 4023 676 4071 sum,
703 4023 926 4076 peccans
955 4024 1055 4061 non
1087 4008 1229 4062 derel
1252 4020 1368 4060 eius
1393 4021 1529 4072 sum,
1554 4017 1710 4074 atque

160 4090 218 4132 ut
250 4078 877 4133 conﬁterer!admonitus
905 4093 1040 4142 sum,
1085 4085 1136 4130 et
1182 4085 1236 4129 ut
1279 4091 1495 4130 securus
1534 4089 1706 4131 essent

160 4148 456 4202 mundatus
501 4162 637 4203 sum.
688 4147 751 4202 Et
800 4147 897 4200 hoc
949 4147 1092 4211 quasi
1143 4145 1330 4198 dicat:
1382 4146 1705 4200 Sacriﬁcium

158 4219 340 4272 laudis
375 4220 462 4272 tibi
507 4218 719 4272 oderam
761 4224 978 4273 tantum.
1022 4216 1135 4268 ideo
1165 4218 1284 4282 quia
1325 4214 1463 4267 aliud
1502 4214 1707 4268 sacriﬁ-

158 4290 310 4342 cium
355 4302 458 4340 non
500 4285 576 4340 vis
607 4286 695 4341 tibi
723 4285 916 4340 offerri.
951 4284 1076 4338 Nam
1103 4285 1147 4338 si
1189 4298 1238 4338 tu
1281 4284 1420 4338 aliud
1448 4284 1702 4349 uoluisses,

157 4373 262 4426 ego
294 4359 476 4424 utique
507 4357 632 4410 illud
664 4357 947 4419 dedissem,
988 4355 1039 4408 id
1067 4363 1166 4426 est.
1200 4355 1308 4426 jam
1337 4355 1650 4426 pridem__iite
1676 4370 1704 4407 a

159 4424 366 4481 talibus
398 4428 552 4480 etiam
585 4442 686 4479 non
714 4427 1102 4479 abstinuissem.
1131 4424 1230 4478 Sed
1253 4436 1334 4478 est
1355 4426 1500 4491 quasi
1527 4424 1666 4476 dicat
1690 4439 1703 4478 :

155 4499 393 4564 Quando
420 4511 522 4549 non
554 4495 647 4558 vis,
679 4495 796 4564 quia
828 4499 1054 4564 futurum
1084 4503 1162 4546 est
1189 4495 1326 4562 quod
1351 4504 1403 4546 tu
1429 4507 1529 4546 non
1559 4493 1702 4564 dele-

155 4548 398 4621 c‘taberis
423 4548 540 4619 "non
591 4548 756 4618 saltim
797 4563 1087 4618 minoribus
1132 4548 1379 4634 legalibus
1409 4563 1698 4634 sacriﬁciis,
1733 4548 1782 4606 Ι)

155 4639 254 4690 sed
311 4637 472 4688 etiam
517 4635 854 4698 holocaustis,
908 4635 1097 4699 quibus
1127 4633 1375 4696 maxime,
1428 4633 1544 4702 quia
1575 4633 1701 4686 nihil

155 4707 498 4766 subtrahitur
545 4706 655 4765 tibi,
701 4705 751 4756 in
781 4705 855 4757 eis
894 4703 1138 4757 delectari
1172 4704 1378 4757 videris.
1424 4704 1702 4757 Sciendum

156 4776 291 4841 quia
321 4783 558 4840 tempore
589 4774 755 4825 sancti
797 4773 956 4826 David
988 4773 1157 4824 locum
1200 4774 1370 4824 adhuc
1414 4771 1708 4825 habuerunt

159 4840 354 4912 ivgalia
389 4844 669 4905 sacriﬁcia,
700 4841 1038 4896 sedattendit
1065 4846 1296 4912 isteper
1320 4840 1577 4912 Spiritum
1620 4842 1704 4893 illi

154 4908 284 4966 esSe
338 4912 488 4980 signa
527 4921 579 4964 et
625 4914 996 4978 prominentia,
1047 4921 1099 4966 et
1147 4908 1262 4964 ideo
1314 4908 1541 4963 futurum
1587 4924 1708 4964 esse

157 4983 380 5049 quando
410 4983 590 5034 tierent
622 4981 786 5042 irrita,
836 4993 888 5034 et
916 4982 1165 5034 haberent
1203 4981 1372 5034 locum
1418 4981 1707 5048 signiﬁcata

164 5061 379 5102 tantum
409 5060 563 5116 atque
594 5050 865 5116 promissa,
903 5061 1173 5117 postquam
1205 5053 1342 5103 enim
1399 5052 1586 5103 veritas
1628 5057 1711 5102 est

159 5121 370 5185 oblata,
419 5119 644 5173 cessavit
686 5119 883 5170 umbra.
928 5117 1146 5186 Semper
1191 5127 1365 5171 tamen
1416 5119 1581 5171 locutu
1616 5122 1707 5168 ha-

159 5191 400 5242 buerunt
441 5188 729 5256 signiﬁcata
777 5188 1051 5246 sacriﬁcia.
1101 5189 1220 5255 quia
1267 5191 1422 5242 etiam
1472 5199 1710 5240 manente

160 5261 354 5311 umbra
389 5257 820 5309 Duiiexstiterunt
850 5259 1160 5320 gratissima.

237 5324 569 5391 Sacrificium
601 5328 703 5377 Deo
730 5328 933 5391 spiritus
973 5326 1492 5391 contribulatuskror
1521 5336 1712 5375 contri-

162 5409 275 5448 tum
310 5407 358 5447 et
388 5383 724 5446 humiliatum.
751 5383 906 5458 Quasi
933 5395 1118 5463 aliquis
1171 5394 1310 5448 dicat
1339 5383 1708 5459 {Quandoqui-

161 5468 293 5518 dem
324 5466 574 5515 Dominus
596 5479 695 5514 non
718 5466 826 5516 vult
850 5465 1123 5525 Sacriﬁcia,
1144 5466 1265 5530 quid
1283 5480 1405 5529 ergo
1430 5465 1673 5514 l'acietiins
1690 5465 1712 5510 Υ

167 5534 420 5599 nunquid
462 5533 522 5585 ad
565 5533 727 5584 altare
779 5534 891 5599 ejus
921 5536 1095 5586 vacuis
1141 5535 1377 5586 inanibus
1406 5531 1710 5584 veniemus?

161 5603 284 5656 Non
320 5605 518 5669 utique.
543 5601 673 5667 Quia
697 5602 787 5654 tibi
813 5602 918 5653 Deo
946 5604 1044 5654 erit
1069 5604 1367 5670 sacriﬁcium
1395 5602 1712 5662 acceptabilc

159 5672 386 5734 spiritus
417 5673 792 5724 cautribulatus.
824 5671 883 5720 Et
912 5671 998 5737 qui
1029 5672 1096 5723 sit
1121 5675 1328 5737 spiritus
1353 5670 1712 5721 contribulatus

162 5739 412 5808 exponit,
443 5757 550 5805 cor,
589 5742 804 5803 scilicet,
836 5743 1103 5791 contritum
1152 5742 1328 5793 labore
1365 5739 1710 5808 paenitentiae,

161 5825 210 5867 et
241 5809 621 5882 huiuilintuma
650 5815 831 5864 timore
862 5811 1139 5877 superbiat,
1164 5815 1260 5864 erit
1291 5811 1379 5864 tibi
1403 5809 1716 5862 sacriﬁcium

1729 3211 1775 3274 C

1774 616 1958 685 caetera
2010 605 2129 658 talia
2187 605 2484 673 despicies,
2542 604 2678 658 istud
2726 621 2850 661 vero
2898 623 3161 675 nunquam
3225 608 3312 658 de.

1777 687 1954 740 ptctes.

1847 741 2067 812 Benigne
2100 746 2201 810 fac,
2248 742 2476 806 Domine,
2512 745 2563 797 in
2588 744 2716 797 bona
2754 746 3007 798 voluntate
3031 754 3122 800 tua
3163 745 3314 800 Sion.

1777 809 1842 882 Ut
1871 809 1990 882 talia
2017 809 2271 882 sacriﬁcia
2303 813 2390 864 tibi
2421 813 2704 866 oderantur
2725 855 2740 877 ,
2788 815 2937 875 ideo,
2973 814 3204 876 Domine,
3235 817 3316 882 fac

1778 881 1985 950 benigne
2014 881 2162 948 Sion,
2191 881 2238 935 id
2270 891 2368 941 est,
2398 883 2542 936 mitte
2567 882 2812 937 Ecclesiae
2843 893 2943 935 tua}
2967 881 3319 944 Silianam-iit,

1777 964 1932 1018 quem
1977 964 2035 1002 es
2073 951 2150 1004 eis
2193 950 2464 1003 missurus.
2496 951 2621 1017 Quae
2661 951 2889 1006 Ecclesia
2938 953 3060 1007 Sion
3105 954 3318 1015 dicitur,

1778 1019 1896 1083 quia
1927 1034 2031 1089 per,
2057 1018 2183 1073 Sion
2227 1034 2424 1089 omnes,
2453 1020 2526 1072 illi
2574 1021 2932 1089 signiﬁcantur
2978 1023 3063 1089 qui
3113 1031 3232 1073 suat
3266 1024 3316 1073 iii

1781 1088 2160 1157 speculatione,
2194 1097 2245 1157 et
2292 1088 2376 1152 qui
2417 1088 2466 1139 in
2499 1088 2741 1157 prmseit'i
2771 1101 2966 1144 tantum
2997 1088 3173 1144 volunt
3205 1105 3324 1143 esse

1781 1156 1836 1229 iii
1876 1171 1987 1229 spe,
2016 1169 2065 1210 et
2101 1156 2306 1229 tandem
2324 1157 2385 1229 in
2416 1156 2590 1210 ιιρίΕι
2617 1160 2716 1212 huc
2742 1160 2896 1212 facias
2945 1177 3046 1229 non
3092 1162 3139 1211 iu
3171 1160 3326 1211 ineti-

1785 1226 1851 1278 tis
1889 1225 2042 1294 ejus,
2094 1226 2184 1278 sed
2238 1226 2288 1278 in
2316 1226 2443 1277 bona
2485 1235 2678 1280 tantum
2721 1230 2974 1283 voluntate
3000 1225 3102 1281 tua.
3152 1229 3326 1282 Gratia

1783 1295 1924 1348 enim
1957 1296 2116 1362 gratis
2146 1304 2226 1348 est
2255 1296 2400 1356 data,
2433 1307 2483 1348 et
2514 1295 2840 1350 aediﬁcentur
2878 1300 3008 1351 muri
3040 1300 3327 1351 Jerusalem

1785 1364 1996 1427 futura),
2032 1365 2080 1416 id
2112 1375 2210 1423 est.
2256 1366 2572 1418 munimenta
2605 1379 2796 1420 nosmn
2828 1367 3233 1422 initiiortalitatis
3279 1378 3329 1420 et

1787 1434 2216 1502 ittcorriiptinnis.
2260 1434 2355 1498 Qui
2407 1436 2537 1486 tntiri
2569 1435 2723 1488 modo
2764 1437 3086 1490 :t-dilicantur
3116 1440 3164 1489 iu
3205 1440 3329 1489 Sinti

1789 1517 1880 1571 per
1899 1501 2075 1563 ﬁdciii,
2103 1517 2270 1570 spem,
2301 1503 2630 1569 cbarltateni,
2654 1514 2775 1557 tunc
2796 1519 2966 1558 autem
2995 1506 3126 1558 lirtiii
3155 1515 3326 1566 crnitt,

1788 1587 1907 1625 cuin
1940 1573 2001 1624 ad
2031 1573 2348 1635 Jerusalem,
2382 1574 2429 1624 id
2455 1585 2552 1633 est,
2577 1581 2640 1626 ad
2667 1591 2839 1638 Vt‘rattt
2867 1576 3118 1628 visionem
3154 1590 3330 1638 perse-

1792 1642 2014 1695 nieiutis.
2061 1643 2196 1693 Nihil
2238 1641 2377 1694 enim
2410 1643 2551 1695 aliud
2587 1645 2637 1697 lii
2672 1646 2803 1698 ntttii
2835 1654 2975 1704 sunt.
3011 1647 3104 1697 nisi
3153 1646 3331 1697 indeli-

1789 1712 1933 1762 cieus
1983 1714 2344 1764 immortalitas
2392 1722 2443 1764 et
2493 1714 2900 1779 intpassibilitas.
2961 1715 3135 1768 Potest
3176 1715 3331 1767 etiam

1792 1794 1974 1848 versus
2025 1782 2122 1834 iste
2151 1781 2212 1832 ad
2243 1795 2607 1848 quamcunque
2651 1785 2852 1837 ﬁdelem
2886 1785 3112 1837 animam
3159 1800 3250 1847 per
3279 1799 3334 1836 se

1727 1874 1768 1933 Β
1793 1847 1997 1933 referri.
2029 1850 2184 1933 utsic
2205 1847 2442 1933 dicitur”:
2473 1847 2828 1933 Benignefac,
2854 1853 3086 1933 Domine,
3130 1855 3334 1933 unicui-

1793 1934 1892 1985 qui-
1915 1918 2062 1983 Sion,
2090 1919 2137 1971 id
2168 1928 2269 1981 est,
2301 1919 2437 1972 ﬁdeli
2460 1931 2510 1973 et
2539 1918 2830 1988 speculanti
2852 1926 3056 1979 atiimze.
3076 1918 3335 1974 iuittendn

1794 1988 1840 2041 ei
1870 1991 2190 2042 Salvatorem
2233 2003 2406 2054 suum,
2438 2005 2538 2042 non
2569 1992 2622 2044 in
2659 1991 2876 2057 meritis,
2906 1995 2993 2044 sed
3017 1994 3066 2043 in
3094 1994 3221 2043 bona
3250 2009 3334 2043 vo-

1794 2058 2139 2130 litntatctua;
2167 2067 2212 2110 et
2258 2058 2572 2130 mdiﬁccutur
2596 2060 2744 2122 muri,
2778 2062 2828 2115 id
2875 2069 2953 2116 est
2974 2103 2991 2130 ,
3021 2065 3336 2114 munimenta

1794 2125 1931 2193 ejus,
1963 2128 2222 2200 virtutes,_
2238 2125 2456 2200 scilicet.
2477 2129 2614 2200 ,Ejus
2641 2130 2759 2184 dico
2787 2146 2901 2200 qua:
2927 2125 3060 2186 nunc
3087 2143 3166 2185 est
3191 2131 3337 2193 Sion,

1798 2205 1850 2248 et
1893 2197 2100 2278 tandem
2150 2197 2249 2277 erit
2288 2194 2604 2265 Jerusalem,
2647 2215 2767 2254 cum
2802 2194 2865 2256 ad
2885 2217 3076 2268 verant,
3111 2202 3329 2266 scilicet,

1801 2278 2091 2330 pervenerit
2131 2281 2409 2322 Vtswnein.
2695 2287 2698 2289 ’

1867 2335 2008 2408 Tunc
2050 2337 2322 2403 ncceptabt's
2357 2338 2659 2405 sacriﬁcium
2693 2341 2923 2408 justitiw.
2957 2340 3115 2405 Qiasi
3160 2343 3336 2396 dicat:

1801 2419 1936 2455 nunc
1969 2407 2172 2458 interim
2202 2409 2477 2475 acceptabis
2510 2424 2602 2474 pro
2646 2407 2856 2474 peccato
2905 2412 3204 2475 sacriﬁcium
3254 2425 3337 2465 cor

1797 2475 2059 2526 contritum
2099 2485 2143 2526 et
2191 2474 2540 2539 humil'atum;
2569 2480 2658 2529 sed
2684 2491 2825 2540 tunc,
2859 2479 2907 2531 id
2935 2474 3042 2543 εει,
3075 2479 3340 2534 reducatis

1800 2547 1960 2616 inuris
2000 2544 2314 2606 Jerusalem.
2342 2547 2639 2611 iicceptabiti,
2688 2547 2737 2598 id
2766 2557 2864 2612 est,
2910 2551 3222 2616 accttptaliile
3252 2548 3315 2600 hs

1802 2615 1947 2684 liebis
1981 2623 2177 2668 tantum
2225 2617 2776 2684 sacriﬁciuiujustitiiz,
2807 2619 2855 2671 id
2903 2630 3002 2684 est,
3038 2615 3227 2670 vitulos
3269 2620 3336 2670 la-

1802 2636 1947 2666 ιιευιε
1981 2636 2177 2668 tantum
2225 2636 2521 2684 sacri/trium
2573 2636 2776 2684 usiiiuz,
2807 2636 2855 2671 iu
2903 2636 3002 2684 εει,
3040 2636 3227 2670 vittttos
3269 2636 3336 2670 ia-

1801 2683 2191 2756 bioiuni,_quos
2220 2685 2454 2756 tuitc‘tibi
2481 2636 2700 2740 oli'lerent
2732 2705 2743 2736 ε
2773 2686 2910 2740 Beati
2937 2691 3065 2740 enim
3092 2690 3175 2756 qui
3205 2687 3341 2738 habi~

1799 2761 1904 2802 tant
1930 2754 1980 2802 in
2011 2754 2161 2805 domo
2187 2763 2290 2813 tua,
2324 2752 2552 2819 Domine,
2585 2757 2635 2807 in
2689 2758 2872 2809 saecula
2901 2752 3198 2810 circulorum
3227 2759 3341 2808 lau-

1799 2823 1986 2896 dabunt
2010 2835 2072 2896 te.
2107 2823 2239 2896 Quae
2263 2823 2375 2875 laus
2421 2825 2536 2876 ideo
2564 2826 2756 2896 dicitur
2779 2828 3078 2894 sacriﬁcium
3097 2828 3306 2896 justitia:
3330 2865 3344 2888 ,

1798 2894 1916 2960 quia
1946 2892 2068 2961 quid
2116 2891 2306 2960 justius
2331 2908 2482 2960 quain
2515 2904 2565 2946 ut
2605 2895 2655 2946 iii
2688 2911 2879 2950 interna
2911 2891 3221 2948 beatitudine
3255 2913 3344 2958 po-

1798 2962 1884 3013 siti
1915 2964 2055 3014 illutn
2090 2962 2320 3026 laudent,
2347 2978 2435 3027 per
2456 2979 2611 3030 quem
2644 2966 2749 3019 illic
2775 2964 2960 3019 erant?
2989 2965 3121 3018 Nihil
3150 2965 3343 3031 utique.

1801 3031 1864 3082 Et
1914 3041 2030 3082 tunc
2057 3032 2676 3100 acceptabis,,oblatioiies,
2712 3036 2757 3087 id
2787 3045 2896 3097 cst,
2928 3033 3236 3087 sacrilicitttti
3265 3048 3344 3086 se-

1798 3100 2022 3152 cundum
2065 3102 2310 3152 animam.
2346 3099 2410 3153 Et
2451 3103 2740 3155 holocausta
2765 3142 2780 3166 ,
2812 3105 2858 3154 id
2890 3114 2966 3156 est
2992 3143 3004 3165 ,
3033 3103 3343 3155 sacriliciiitti

1804 3169 2088 3222 Secundum
2123 3171 2415 3223 universam
2461 3182 2702 3224 naturam
2737 3175 3049 3236 humanam,
3081 3173 3195 3241 quia
3247 3188 3348 3224 uoti

1806 3242 1972 3291 solum
2005 3241 2177 3293 anima
2227 3243 2274 3292 in
2318 3254 2466 3292 usuin
2515 3244 2753 3295 sacriﬁcii
2798 3254 3128 3296 consumatur
3168 3257 3194 3293 a
3223 3243 3343 3294 clin-

1805 3309 2029 3363 ritatein
2060 3324 2204 3364 suam
2260 3309 2700 3365 immortalitatem
2754 3323 2806 3364 et
2856 3312 3346 3380 illipaSSlb:lllalClll.

1805 3381 1895 3430 sed
1938 3382 2092 3430 etiam
2142 3394 2332 3445 corpus
2374 3393 2713 3434 consuntetnr
2763 3381 2812 3434 ι..
2859 3384 3249 3446 corruptionem
3296 3390 3347 3432 ει

1807 3448 2278 3513 itnpassibilitatem
2325 3458 2602 3501 attentam.
2631 3450 2693 3502 Et
2727 3451 2842 3503 ideo
2866 3463 2982 3503 tunc
3005 3453 3255 3517 imponent
3282 3452 3349 3500 vi-

1805 3520 1961 3582 tulos,
1992 3520 2040 3570 id
2071 3528 2172 3581 est,
2208 3531 2266 3570 se
2295 3519 2434 3584 ipsos
2465 3519 2516 3570 in
2547 3520 2844 3573 innocentia
2876 3535 3021 3572 nova:
3049 3524 3166 3572 vita:
3198 3535 3352 3572 reuo-

1806 3599 1956 3641 vatos
1985 3603 2132 3655 super
2159 3595 2304 3639 tuum
2333 3585 2514 3652 altare,
2551 3589 2598 3639 id
2624 3597 2722 3654 est,
2760 3590 2808 3641 in
2836 3589 3011 3641 intima
3045 3591 3230 3640 utentis
3257 3589 3347 3640 de-

1809 3657 2036 3720 votione,
2067 3673 2182 3726 qua:
2225 3667 2306 3711 est
2352 3666 2493 3710 tuum
2526 3659 2708 3722 altare,
2758 3660 2877 3726 quia
2927 3659 2993 3710 ibi
3025 3657 3345 3710 sacriﬁcatur

1808 3729 1921 3796 tibi,
1947 3728 2082 3795 quod
2127 3735 2209 3780 est
2230 3728 2439 3780 dicere:
2471 3726 2621 3780 Ontni
2662 3729 2938 3783 devotione
2968 3730 3350 3796 praesentabuttt

1807 3795 1896 3847 tibi
1925 3811 1981 3849 se
2007 3797 2055 3848 in
2085 3796 2383 3850 innocentia
2413 3811 2564 3851 nova:
2593 3798 2731 3853 VillB.

2315 3905 2374 3959 IN
2417 3905 2738 3962 PSALMUM
2767 3908 2848 3963 LI.

1807 3995 1859 4047 lit
1892 3994 2045 4046 linem
2078 3994 2372 4066 intellectus
2403 3995 2498 4062 ipsi
2530 3996 2712 4062 David,
2740 4015 2860 4053 cuin
2892 3999 3030 4051 venit
3061 3997 3196 4066 Doeg
3238 3998 3347 4051 ldu-

1878 4078 2062 4128 iuazus,
2105 4075 2159 4117 et
2208 4065 2464 4119 nuntiavit
2503 4066 2669 4132 Sauli,
2702 4079 2751 4123 et
2791 4069 2958 4122 dixit:
3003 4067 3143 4119 Venit
3179 4067 3345 4121 David

1874 4136 1924 4186 in
1952 4135 2153 4185 domum
2182 4135 2480 4190 Abimelech.

2396 4242 2764 4282 Δεευωεετυκ.

1873 4316 2064 4391 Contra
2107 4316 2258 4391 verba
2306 4315 2559 4391 Rabsacis
2593 4329 2783 4391 potest,
2807 4329 3067 4373 cantatum
3100 4320 3341 4391 intelligi.

1806 4388 1969 4439 Aliter
2002 4401 2099 4438 vox
2128 4385 2314 4440 Christi
2344 4387 2408 4439 ad
2439 4385 2623 4441 Judatn
2657 4390 2978 4444 traditorent.

2416 4495 2757 4532 EXPLANATNL

1883 4566 2012 4632 Quin
2040 4567 2208 4619 titulus
2241 4568 2392 4636 juxta
2434 4569 2693 4620 historiam
2736 4578 2879 4621 notus
2905 4581 2997 4632 est,
3043 4572 3251 4625 breviter
3293 4574 3356 4623 de

1807 4637 2048 4703 allegoria
2079 4635 2322 4688 dicamus.
2348 4635 2470 4689 Ideo
2499 4652 2670 4688 eorum
2702 4638 2978 4690 intellectus
3008 4642 3151 4693 titulo
3177 4644 3354 4693 inseri-

1806 4717 1916 4776 t_ur,
1950 4718 2002 4756 ut
2055 4705 2342 4776 mysterium
2382 4721 2599 4770 quaerere
2626 4723 2726 4758 non
2763 4709 2978 4773 dubites,
3020 4714 3136 4776 quia
3177 4721 3220 4761 el
3253 4712 3359 4771 ipse

1813 4773 1969 4827 David
2000 4774 2103 4846 suis
2151 4775 2514 4846 calamitatibus
2541 4777 2830 4846 admonitus
2860 4779 2922 4830 de
2965 4773 3162 4831 Christo
3205 4778 3357 4846 futu-

1806 4862 1918 4896 i'uiit
1946 4843 2245 4911 intellexisse
2273 4855 2524 4895 narratur.
2555 4843 2716 4895 David
2743 4862 2859 4911 ergo
2889 4858 2939 4898 ut
2974 4863 3165 4911 semper
3205 4843 3356 4899 Chri-

1809 4925 1886 4966 tus
1908 4917 1991 4974 sit,
2037 4915 2162 4966 Suul
2191 4909 2361 4962 Iudici
2383 4924 2740 4979 persequentes.
2780 4909 2925 4984 _Doeg
2955 4909 3234 4982 Iduniteus,
3263 4917 3351 4982 qui

1809 4985 2162 5050 interpretatur
2193 4991 2360 5032 motos
2383 4986 2699 5048 sanguineus
2723 5023 2735 5046 ,
2762 4982 2923 5034 ludas
2944 4986 3204 5050 proditor;
3235 4987 3356 5036 Abi-

1809 5055 1993 5104 mclecli
2035 5053 2270 5103 sacerdos
2310 5053 2451 5103 eiecti
2478 5054 2730 5116 dacipuli,
2761 5056 2896 5119 apud
2924 5069 3042 5117 quos
3088 5052 3356 5105 Dominum

1811 5132 1853 5174 et
1878 5125 1995 5173 vidit
2025 5132 2068 5173 et
2093 5121 2320 5171 tradidit.
2345 5121 2573 5181 "Quidam
2604 5124 2772 5172 dicunt
2815 5120 2954 5189 Doeg
3000 5125 3359 5175 Antichristuiii

1810 5207 1935 5254 esse,
1989 5194 2133 5257 cujus
2171 5189 2442 5242 meinbiuni
2488 5190 2650 5241 Judas
2694 5191 2896 5254 exstitit,
2937 5196 3055 5257 quia
3095 5194 3221 5245 sicut
3271 5191 3357 5243 ille

1812 5264 2042 5311 sacerdos
2088 5261 2342 5327 octoginta
2372 5261 2597 5325 percutit,
2641 5259 2711 5309 sic
2750 5270 2796 5311 et
2821 5262 2912 5310 iste
2949 5272 3225 5329 martyres,
3269 5262 3357 5329 qui

1813 5330 1958 5392 ﬁdem
1988 5326 2365 5399 resurrectionis
2390 5339 2591 5399 _tenent,
2624 5330 2892 5379 occisurus.
2921 5326 3003 5399 VIn
3029 5326 3187 5396 prima
3216 5326 3359 5399 parte

1815 5398 1994 5462 psalmi
2027 5399 2269 5463 praphetu
2299 5415 2346 5447 in
2373 5396 2562 5448 Judaiu
2603 5401 2672 5449 vel
2703 5399 2892 5448 Anticli.
2912 5398 3061 5449 istum
3085 5396 3353 5461 invehitur,

1813 5481 1872 5534 ue
1893 5482 1944 5514 se
1970 5467 2021 5515 in
2067 5468 2274 5534 ﬂagitiis
2302 5470 2529 5530 extollat,
2560 5485 2635 5516 (Jul
2676 5468 2785 5523 ﬁnis
2830 5471 3152 5534 gravissimus
3182 5479 3352 5519 restet.

1813 5532 1878 5584 In
1900 5536 2120 5585 secunda
2141 5532 2268 5585 dicit
2289 5551 2400 5585 eum
2429 5538 2562 5586 ocius
2589 5543 2760 5599 perttui
2780 5532 2861 5584 uin
2882 5576 2895 5594 ,
2934 5545 3218 5586 sanctorum
3269 5553 3357 5598 per

1814 5603 1981 5654 omnia
2011 5606 2242 5655 societate
2283 5605 2597 5670 privandum.
2634 5602 2709 5654 In
2742 5606 2884 5655 tertia
2924 5613 3118 5655 sanctos
3161 5618 3356 5668 stupere

1815 5673 1929 5723 dicit
1985 5674 2188 5738 quando
2233 5674 2485 5723 diabolum
2537 5688 2667 5724 nunc
2715 5674 2767 5725 in
2799 5674 2980 5726 steculo
3037 5675 3354 5725 bacchantem

1816 5742 2162 5804 conspexerint
2193 5742 2243 5792 in
2271 5742 2372 5807 ﬁne
2399 5745 2645 5792 damnari.
2678 5741 2741 5794 In
2770 5752 2944 5810 quarta
2975 5742 3080 5808 ipse
3109 5745 3351 5810 propheta

1809 5821 1979 5881 sperat
2004 5825 2054 5860 se
2075 5824 2184 5861 cum
2210 5812 2392 5863 sanctis
2414 5812 2462 5862 in
2489 5812 2662 5876 futura
2685 5814 2781 5865 vita
2807 5812 3068 5864 beattdum.
