3898 6226
590 462 691 519 755

1164 588 1578 628 ClIMMENTARII'S.

658 643 791 704 Ouid
818 644 1048 712 gloriaris
1072 662 1119 694 ιη
1142 644 1357 706 malitia,
1384 648 1467 706 qui
1496 650 1662 700 potens
1686 658 1734 692 es
1757 642 2117 712 in_iniquilate.

588 713 789 765 Titulus
815 710 886 766 eat
915 713 1031 766 talis
1060 731 1071 762 :
1099 713 1162 766 In
1197 715 1343 777 ﬁnem
1369 713 1644 763 intellectus
1670 713 1764 776 ipsi
1794 710 1972 767 David.
2007 727 2119 762 cum

583 786 707 834 venit
732 780 866 850 Doeg
890 783 1163 843 ldumazus,
1186 792 1231 835 et
1254 782 1489 850 nuntiavit
1514 780 1682 850 Sauli,
1702 790 1750 830 ἐι
1772 781 1898 831 dixit
1926 781 1971 832 ei
1986 794 2003 831 :
2021 779 2121 850 Ye-

582 854 653 902 nit
680 848 852 903 David
875 854 924 902 in
962 853 1165 903 domum
1192 848 1488 902 Abimelerll.
1523 848 1730 915 Legitur
1776 851 1826 899 in
1861 849 1992 901 libro
2018 848 2118 902 Re-

584 938 703 983 gum
736 923 872 988 quod
918 920 1040 974 Saul
1082 936 1170 973 rex
1202 921 1252 971 in
1286 918 1439 971 Israel
1462 935 1488 967 a
1520 918 1741 988 Domino
1768 920 1837 969 sit
1865 920 2117 988 constitu-

582 1000 663 1041 tus
694 985 792 1041 non
834 991 895 1043 ad
926 991 1256 1051 manendum,
1289 991 1380 1040 sed
1426 997 1636 1052 propter
1668 988 1677 1036 i
1705 985 1799 1037 lius
1826 987 2000 1052 populi
2025 1000 2117 1040 cor

579 1061 784 1114 durum.
815 1074 909 1113 nec
938 1060 999 1110 ad
1033 1060 1327 1113 utilitatem,
1361 1062 1449 1106 sed
1501 1057 1563 1106 ad
1615 1070 1793 1105 eorum
1824 1058 2113 1119 correptio.

582 1143 720 1180 nem.
755 1128 906 1181 Juxta
929 1130 1065 1195 quod
1096 1126 1192 1179 Job
1217 1126 1280 1178 de
1307 1139 1369 1177 eo
1399 1124 1523 1175 dicit
1551 1143 1560 1171 :
1597 1123 1695 1185 Qui
1725 1124 1845 1191 facit
1869 1126 2114 1195 hominem

580 1198 891 1265 bypocrilam
916 1194 1123 1265 regnare
1144 1206 1345 1261 propter
1371 1204 1565 1255 peccata
1590 1195 1763 1265 populi
1783 1194 1877 1265 sui.
1913 1194 2114 1265 Praeva-

582 1262 774 1319 n'canie
805 1262 987 1319 autem.
1007 1267 1184 1326 Saufe,
1206 1273 1257 1316 et
1284 1274 1460 1329 aperte
1482 1262 1761 1330 reproliato
1791 1262 1949 1314 David
1982 1279 2113 1329 puer

577 1336 744 1388 adhuc
784 1335 1079 1389 subelectus
1106 1346 1179 1386 cet
1213 1334 1261 1385 in
1287 1348 1501 1395 regnum
1542 1349 1567 1381 ιι
1606 1331 1843 1384 υοιιιίηο.
1886 1335 1987 1385 Sed
2017 1350 2113 1385 an-

578 1418 781 1467 tequam
806 1407 854 1457 in
878 1419 1091 1471 regnum
1118 1404 1432 1474 perveniret,
1458 1402 1680 1465 graviter
1702 1416 1819 1474 enim
1849 1404 1967 1474 Saul
1994 1417 2109 1469 pcr-

574 1464 786 1526 secutus
811 1484 907 1527 est.
936 1464 1097 1539 ὀυοά
1120 1464 1191 1525 ⁷ειιΙ
1225 1464 1885 1539 nostram,instructionem
1919 1464 2108 1525 lat-tum

572 1551 673 1603 est,
718 1544 933 1605 scilicet,
968 1538 1023 1595 ut
1066 1544 1317 1596 sciremus
1355 1540 1473 1606 quia
1505 1554 1605 1591 non
1651 1538 1748 1591 nisi
1776 1554 1865 1599 per
1894 1539 2109 1593 tribula-

574 1612 764 1665 tionem
789 1613 850 1665 ad
882 1614 1047 1678 ipsum
1077 1625 1295 1679 regnum
1326 1609 1733 1679 perveniremus.
1764 1607 1890 1659 Nam
1910 1620 1970 1679 et
1998 1610 2110 1676 ip-e

575 1680 822 1734 Dominus
866 1692 1043 1734 nOster
1072 1677 1259 1747 Corpus
1283 1677 1417 1747 quod
1444 1678 1531 1747 Vde
1560 1687 1693 1747 terra
1724 1678 1981 1747 sumpsit,
2016 1694 2109 1746 per

576 1751 919 1803 tribulationis
945 1751 1079 1803 viam
1122 1745 1177 1801 in
1212 1745 1401 1801 caelum
1425 1746 1629 1800 detulit.
1659 1745 1713 1798 lu
1740 1746 1985 1812 priedicta
2008 1745 2103 1802 au-

575 1829 675 1871 tem
709 1821 1067 1887 persecutione
1116 1818 1246 1885 fugit
1284 1814 1447 1887 David
1473 1856 1488 1879 ,
1536 1815 1830 1887 ubicunque
1860 1830 1915 1867 se
1948 1830 2103 1885 posse

1075 464 1272 517 θευῶ
1318 460 1748 517 YENERABILIS
1785 461 1928 518 ΟΡΡ.
1971 461 2141 517 PARS
2181 462 2238 515 ll.
2282 461 2465 515 SliC'l‘.
2512 462 2567 515 ll.
2611 491 2677 503 --
2718 433 2914 519 DllBlA
2958 464 3040 519 ET
3079 464 3343 520 SPURIA.

2155 572 2195 625 Δ
2227 586 2318 623 nes
2347 570 2525 643 lideles
2555 575 2653 628 hoc
2693 578 2963 640 referatur,
2993 577 3114 643 quia
3145 590 3263 627 cum
3309 589 3531 641 corpora
3575 588 3774 629 eorum

3671 463 3780 517 756

2227 640 2553 705 occiduntur,
2586 644 2770 697 animm
2802 644 2964 697 libere
2990 640 3221 706 avolant,
3252 640 3421 697 donec
3461 646 3623 697 etiam
3668 660 3779 697 ea-

2226 708 2342 761 dem
2372 709 2757 765 immortalitate
2783 714 3038 777 corporali
3068 713 3261 765 donata
3282 725 3333 766 et
3354 713 3649 766 clariﬁcata
3679 728 3773 765 re-

2223 778 2441 847 cipiant.
2467 780 2669 833 Titulus
2698 782 2969 847 praedictus
2996 783 3070 834 sic
3093 785 3374 847 exponitur
3398 800 3409 832 :
3448 782 3572 835 Haec
3600 784 3768 834 verba

2224 846 2521 901 referuntur
2566 849 2618 901 in
2652 846 2825 912 linem,
2872 865 2972 902 nco
3003 850 3065 901 ad
3107 851 3398 903 historiam.
3441 854 3569 916 Qui:
3598 852 3768 903 verba

2221 925 2341 989 sunt
2364 916 2679 989 intellectus,
2708 921 3001 989 propositus
3023 920 3115 985 ipsi
3138 920 3321 989 David,
3350 920 3398 971 id
3424 933 3527 985 est,
3551 920 3734 989 dign»

2221 984 2364 1056 ribus
2391 987 2460 1039 de
2484 984 2946 1053 corpore’Ch’risti,
2978 984 3097 1056 quia
3136 1004 3229 1042 eos
3267 984 3551 1048 instruunt.
3585 984 3639 1042 ιιῖ
3673 992 3727 1038 in

2222 1053 2457 1123 telligant
2482 1071 2617 1110 nunc
2646 1072 2761 1110 esse
2792 1053 3163 1119 tribulandurn,
3211 1059 3405 1111 deinde
3450 1060 3759 1123 ιεειιτιδετηι,

2216 1121 2466 1195 quianon
2498 1134 2579 1190 est
2606 1125 2789 1191 laetari,
2825 1125 2921 1179 nisi
2952 1128 3280 1195 przecesserit
3310 1128 3568 1181 tribulari.
3600 1121 3763 1181 Intel-

2216 1188 2402 1265 lectus,
2434 1188 2573 1256 dico,
2590 1188 2921 1265 signiﬁcatus
2938 1188 3255 1265 i'tunc.cum
3295 1207 3500 1265 gestum
3534 1210 3615 1250 est
3653 1200 3755 1251 hoc

2217 1263 2503 1333 negotium,
2528 1263 2745 1322 scilicet.
2780 1279 2893 1317 cum
2924 1264 3060 1333 Doeg
3102 1263 3359 1318 Idumaeas
3385 1268 3515 1319 venit
3544 1275 3592 1318 et
3626 1284 3756 1319 nun-

2214 1330 2352 1401 tiavit
2384 1331 2530 1397 Saul,
2554 1341 2654 1387 etc.
2697 1334 2841 1387 Nunc
2868 1334 2930 1385 ad
2963 1330 3216 1401 psalmum
3254 1336 3591 1389 accedamus.
3625 1336 3755 1388 Pro-

2214 1398 2369 1474 pheta
2396 1403 2683 1467 przevidens
2704 1418 2795 1474 per
2817 1398 3054 1474 spiritum
3078 1405 3354 1472 mysticum
3378 1405 3539 1457 David
3561 1420 3589 1454 a
3614 1404 3755 1474 Doeg

2214 1467 2437 1541 mystico
2469 1467 2903 1539 persequendum,
2938 1467 3200 1541 redarguit
3238 1482 3612 1539 persecutores
3643 1467 3740 1527 ini:

2211 1540 2408 1619 quitate
2438 1543 2717 1619 gloriantes
2743 1543 2792 1593 in
2818 1542 2921 1619 hoc
2948 1540 3165 1619 psalmo,
3190 1541 3475 1619 ostendens
3498 1558 3747 1619 non-ma-

2211 1604 2505 1680 levolentia,
2548 1611 2638 1663 sed
2684 1604 3023 1677 proplietanili
3073 1613 3371 1677 pra-senda,
3424 1612 3549 1677 quid
3580 1616 3653 1665 eis
3676 1618 3748 1667 sit

2211 1676 2440 1743 [litorum
2470 1680 2534 1731 ad
2561 1676 2967 1734 consolationem
3000 1676 3275 1743 bonorum,
3302 1676 3527 1742 scilicet,
3560 1697 3625 1735 ne
3649 1683 3742 1737 ἀει

2209 1742 2404 1813 liciant,
2433 1749 2525 1801 sed
2562 1763 2681 1802 cum
2713 1749 2855 1803 omni
2898 1748 3139 1817 patientia
3186 1751 3549 1803 tribulatiooes
3585 1754 3745 1804 susu-

2208 1823 2382 1868 neaut.
2412 1818 2542 1887 Quia
2573 1827 2626 1872 et
2654 1820 2696 1871 si
2737 1819 2770 1870 ii
2798 1819 2887 1887 qui
2918 1832 3009 1870 eos
3053 1828 3436 1885 persequuntur
3464 1823 3618 1873 modo
3650 1821 3744 1874 llo-

572 1885 737 1942 Iatere
764 1890 1004 1942 credidit.
1035 1889 1268 1952 Cumque
1295 1886 1699 1956 circumquaque
1732 1885 1949 1956 lugeret,
1986 1902 2105 1954 per-
2136 1896 2180 1956 Β
2210 1893 2345 1956 rent,
2376 1886 2481 1939 cito
2515 1896 2685 1940 tamen
2716 1885 2995 1950 arescent;
3024 1894 3077 1938 et
3104 1900 3133 1938 e
3161 1900 3346 1940 contra
3371 1888 3529 1941 ﬂores
3558 1904 3739 1943 eorum

573 1957 711 2010 venit
737 1958 800 2011 ad
830 1959 1040 2011 domum
1069 1956 1367 2011 Abimelech
1396 1954 1684 2008 sacerdotis
1704 1996 1719 2018 ,
1747 1955 1833 2008 ubi
1862 1964 1916 2007 et
1944 1972 2105 2023 panes

569 2028 954 2093 proiiosilionis,
984 2037 1037 2082 et
1072 2026 1297 2093 gladium
1322 2023 1505 2094 Golitc,
1533 2024 1621 2091 qui
1660 2024 1802 2089 prius
1830 2025 1880 2077 in
1909 2030 2104 2094 templo

568 2098 763 2164 positus
785 2097 972 2161 fuerat,
1002 2096 1221 2163 accepit.
1251 2093 1397 2159 Quod
1424 2093 1538 2147 ideo
1560 2094 1747 2164 iactum
1774 2103 1877 2159 est,
1905 2105 1961 2147 ut
1984 2093 2099 2162 per-

568 2163 852 2220 let-teillum
878 2168 1024 2234 cujus
1048 2165 1261 2232 ﬁguram
1281 2166 1332 2217 in
1356 2178 1412 2216 se
1438 2163 1653 2227 gerebat
1678 2173 2101 2234 repraesentaret,

569 2251 653 2297 qui
686 2238 887 2288 iuturus
941 2232 1057 2289 erat
1096 2248 1251 2289 verus
1297 2234 1544 2287 sacerdos
1572 2242 1623 2286 ct
1672 2233 1800 2285 Rex.
1845 2232 2103 2290 Sacerdos

566 2310 703 2358 enim
734 2321 826 2373 per
856 2304 1221 2374 propositionis
1248 2316 1426 2374 panes,
1451 2308 1503 2354 et
1528 2316 1617 2369 per
1636 2302 1859 2374 gladium
1882 2302 1992 2356 Rex
2020 2304 2101 2357 in-

567 2372 874 2443 telligendus
895 2372 997 2430 est.
1022 2375 1092 2429 lbi
1112 2375 1247 2443 Doeg
1271 2373 1544 2443 Idumaeos,
1570 2372 1811 2443 princeps
1834 2382 2119 2441 pastorum

564 2440 754 2508 sontis,
781 2446 1033 2508 interluit,
1065 2440 1411 2511 atque'D-avid
1443 2440 1587 2494 vidit.
1623 2440 1806 2494 Postea
1831 2457 1956 2495 vero
1982 2457 2099 2498 cum

563 2514 685 2567 Saul
712 2515 878 2569 servis
914 2518 1020 2569 suis
1082 2517 1417 2574 irasceretur,
1480 2512 1615 2577 quod
1669 2511 1890 2566 insidias
1936 2512 2096 2567 David

563 2599 664 2634 ton
699 2594 974 2651 ponerent,
998 2599 1091 2638 nec
1117 2598 1235 2636 eum
1266 2592 1533 2648 caperent,
1558 2580 1783 2649 prodidit
1822 2581 1959 2644 Doeg
1999 2582 2097 2635 Da—

562 2652 645 2704 vid
664 2691 679 2715 ,
705 2664 757 2706 et
797 2655 926 2706 dixit
957 2670 970 2705 :
1016 2653 1159 2707 Venit
1190 2652 1346 2705 David
1371 2652 1422 2703 in
1452 2651 1651 2704 domum
1673 2652 1975 2704 Abimelech.
2003 2652 2096 2707 Mi-

566 2724 633 2774 sit
662 2738 785 2789 ergo
815 2723 938 2778 Saul
968 2724 1031 2777 ad
1077 2722 1383 2779 Abimelecli
1408 2760 1422 2783 ,
1473 2731 1525 2774 et
1555 2721 1721 2786 ipsum
1751 2730 1907 2789 atque
1935 2737 2095 2779 omne

567 2793 887 2870 sacerdotale
932 2809 1095 2870 genus
1139 2792 1397 2870 interfecit
1427 2805 1519 2857 per
1560 2790 1740 2870 Doeg,_
1769 2792 1889 2870 quia
1920 2807 2094 2870 .nemo

561 2860 692 2912 alius
741 2864 791 2915 in
822 2860 1118 2919 Sacerdotes
1169 2862 1369 2915 Domini
1402 2875 1612 2912 manum
1660 2860 1823 2913 voluit.
1863 2860 2092 2918 mittere.

562 2928 645 3001 De,
662 2931 760 2985 hoc
798 2934 1003 3001 negotio
1050 2932 1427 3001 psalmus-iste
1474 2938 1557 3001 est
1608 2930 1940 3001 conscriptus
1989 2947 2090 2987 non

562 2945 603 2983 υ
662 2945 760 2985 noc
798 2945 1003 3001 negouo
1050 2945 1427 3001 psalmus-me
1474 2945 1557 2983 est
1608 2945 1940 2996 conscriptus
1989 2947 2090 2987 non

562 2945 839 3070 hilorice,
866 3004 957 3056 sed
998 3002 1235 3072 mystice.
1270 3000 1365 3055 Per
1385 2997 1595 3081 Saulem
1624 2998 1771 3081 enim
1789 2998 2091 3081 designatur

563 3086 703 3122 mors
729 3080 791 3141 get
822 3069 1035 3141 regnum
1053 3069 1328 3125 'terrenum
1350 3113 1363 3135 ,
1398 3070 1529 3141 quia
1547 3069 1612 3121 de
1642 3078 1809 3141 morte
1836 3070 2086 3136 scriptum

562 3147 641 3190 est
672 3157 687 3193 :
719 3138 853 3194 Deus
878 3138 973 3195 non
1006 3144 1119 3211 fecit
1152 3152 1375 3205 mortem,
1403 3154 1489 3192 nec
1513 3139 1714 3191 laetatur
1738 3139 1789 3190 in
1816 3143 2090 3211 perditione

2211 1953 2295 2025 qui
2327 1970 2463 2009 nunc
2491 1956 2619 2010 aridi
2666 1964 2917 2025 apparent
2967 1958 3017 2009 in
3044 1964 3296 2008 aeternum
3344 1970 3452 2008 non
3478 1958 3735 2012 deﬁcient.

2210 2022 2275 2074 Et
2302 2024 2427 2078 dicit
2454 2027 2522 2079 ita
2552 2043 2565 2078 :
2609 2022 2797 2093 Tuqui
2825 2036 2995 2093 potens
3025 2041 3096 2088 es,
3128 2026 3176 2077 id
3206 2034 3309 2090 est,
3339 2027 3429 2092 qui
3458 2029 3737 2092 potentiam

2207 2098 2346 2145 tuam
2379 2105 2589 2163 reputas
2618 2097 2669 2150 in
2689 2096 2970 2165 iniquitate,
2996 2094 3079 2165 ubi
3111 2098 3283 2165 potius
3311 2095 3615 2163 impotentia
3636 2108 3735 2161 est,

2206 2172 2418 2235 propter
2440 2166 2562 2233 quid
2587 2163 2821 2235 gloriaris
2848 2167 2902 2216 in
2929 2163 3140 2235 malitia,
3176 2164 3227 2235 lo
3258 2179 3360 2231 qua
3390 2181 3493 2218 non
3520 2178 3599 2220 at
3626 2167 3735 2232 glo-

2204 2231 2466 2303 riandum,
2514 2231 2618 2287 imo
2654 2234 3104 2287 erubescendum?
3143 2234 3284 2287 Multi
3329 2235 3470 2286 enim
3503 2231 3732 2303 suntqui

2201 2298 2494 2372 destruunt,
2523 2304 2674 2371 pauci
2708 2305 2795 2372 qui
2826 2314 3154 2355 construunt.
3189 2304 3251 2356 Et
3291 2304 3412 2356 ideo
3444 2318 3546 2358 non
3575 2298 3731 2363 est'in

2201 2370 2772 2444 malitiaggloriandum,
2801 2372 2892 2444 sed
2915 2372 2998 2437 qui
3018 2374 3285 2444 gloriatur,
3314 2374 3368 2425 in
3397 2372 3608 2427 Domino
3626 2379 3731 2444 glo-

2197 2437 2541 2513 rietur.luxta
2566 2445 2703 2511 quod
2726 2442 2975 2513 scriptum
2993 2437 3072 2494 est
3095 2459 3105 2492 :
3134 2442 3251 2494 Non
3272 2437 3517 2513 glorietur
3534 2437 3728 2509 sapiens

2196 2507 2248 2581 in
2272 2511 2516 2578 sapientia
2544 2507 2658 2575 sua,
2707 2527 2805 2564 non
2835 2507 2982 2564 dives
3024 2514 3075 2563 in
3116 2507 3325 2577 dir-itii},
3368 2529 3470 2563 non
3513 2507 3649 2581 [ortis
3676 2518 3726 2565 in

2196 2580 2525 2651 fortitudine;
2555 2586 2640 2635 sed
2664 2584 2749 2649 qui
2770 2582 3035 2651 glariulur,
3065 2583 3308 2650 glorietur
3343 2586 3472 2634 scire
3507 2580 3551 2636 et
3589 2600 3726 2637 nosse

2196 2663 2291 2709 me,
2322 2651 2441 2702 dicit
2472 2650 2738 2705 Dominus.

2263 2717 2386 2788 Tota
2412 2722 2492 2772 die
2510 2722 2763 2787 justitiam
2796 2721 3025 2788 cogitarit
3056 2720 3225 2786 lingua
3254 2730 3342 2771 tua
3368 2760 3383 2781 ,
3422 2721 3548 2771 sicut
3573 2738 3721 2774 nou-

2193 2786 2305 2859 cula
2335 2803 2479 2859 acuta
2501 2786 2662 2859 fecisti
2687 2786 2876 2843 dolum;
2925 2790 3157 2842 Ostendit
3188 2791 3453 2853 quomodo
3481 2794 3724 2858 glorietl'

2194 2858 2243 2907 in
2285 2857 2510 2923 malitia,
2551 2862 2771 2923 scilicet,
2829 2861 2945 2925 quia
2998 2859 3065 2911 ita
3115 2860 3289 2913 studet
3320 2857 3552 2923 malitia,
3578 2863 3720 2925 Cttjttl

2191 2926 2350 2997 gloria
2382 2938 2460 2981 est
2488 2930 2790 2996 ignominia,
2818 2943 2879 2982 ac
2908 2930 2949 2982 si
2980 2929 3097 2981 inde
3126 2941 3433 2996 sequeretur
3462 2944 3579 2982 vera
3606 2926 3715 2997 glo-

2190 2996 2494 3075 ria,.dic.ens
2525 3000 2593 3075 ita
2617 3018 2631 3075 ξ
2663 2998 2861 3068 Lingua
2889 3007 2994 3075 tua,
3028 2998 3207 3075 idest,
3243 3000 3415 3075 lingua
3445 2996 3625 3075 cordis;
3647 3004 3715 3052 tui

2188 3066 2422 3139 cogitavit
2456 3070 2712 3139 justitiam
2760 3066 2863 3122 iota
2893 3070 2989 3139 die,
3017 3136 3025 3139 Α
3050 3068 3098 3139 id
3120 3066 3226 3130 'est,
3258 3069 3485 3121 assidue.
3519 3067 3716 3124 Nullum

2189 3134 2327 3187 enim
2365 3134 2565 3203 tempus
2598 3139 2894 3192 intermittis
2922 3137 2989 3190 ab
3015 3136 3286 3205 injustitia,
3319 3139 3437 3205 quia
3466 3149 3519 3191 et
3541 3139 3580 3189 si
3613 3155 3712 3193 non

560 3223 816 3274 vivorum;
845 3213 929 3263 scd
956 3206 1134 3265 creavit
1154 3214 1319 3293 pninia
1346 3217 1398 3261 ut
1426 3217 1602 3271 essent,
1634 3218 1683 3287 et
1699 3206 1945 3276 sanabiles
1974 3212 2088 3277 fecit
2120 3231 2164 3293 ο
2193 3214 2274 3293 cf!
2306 3206 2354 3257 in
2383 3220 2558 3274 Opere,
2592 3217 2674 3260 εει
2721 3218 2889 3293 tamen
2923 3210 2971 3260 in
3002 3207 3358 3293 Cusil‘llit'tll‘ei.
3399 3218 3450 3260 ει
3491 3208 3531 3261 Si
3573 3209 3715 3293 ιδθθξ

563 3279 781 3331 tuitiones
800 3280 929 3333 orbis
956 3293 1117 3333 terra.
1144 3279 1293 3347 [mpii
1314 3290 1477 3329 autem
1496 3277 1683 3347 accersi
1706 3290 1847 3347 erunt
1871 3296 1978 3331 eam
2002 3284 2093 3337 s-bi

562 3348 784 3401 manibus
800 3360 845 3400 et
864 3350 1090 3416 pedibus;
1103 3359 1145 3402 rt
1156 3346 1453 3401 testimantes
1467 3346 1603 3398 illam
1620 3346 1854 3409 amicam,
1868 3351 2091 3415 deﬂua.

562 3418 820 3490 ιιιηιιΡει·
843 3420 1002 3473 David
1028 3415 1148 3473 vero
1170 3421 1273 3470 vita
1296 3428 1347 3471 et
1369 3415 1583 3490 caeleste
1605 3430 1817 3481 regnum
1846 3418 2091 3490 intelligi-

563 3495 677 3547 tur;
708 3486 843 3555 Doeg
874 3500 1043 3543 autem
1074 3498 1237 3542 motus
1264 3528 1278 3549 ,
1311 3496 1361 3539 et
1391 3486 1642 3538 Idunnrsus
1675 3496 1897 3539 terrenus
1924 3486 2087 3543 inle'r-

562 3567 806 3619 prelatur.
840 3559 902 3611 Et
928 3561 1044 3612 ideo
1071 3574 1163 3626 per
1194 3559 1331 3623 Doeg
1370 3555 1649 3607 ldumzeum
1691 3570 1875 3610 omnes
1909 3559 1975 3609 illi
2002 3562 2087 3623 qui

561 3628 624 3673 de
658 3633 875 3681 terrenis
916 3638 1206 3685 moventur.
1256 3636 1306 3679 et
1337 3627 1385 3677 in
1416 3626 1492 3676 eis
1522 3635 1754 3687 sperant,
1786 3626 2086 3693 intelligun-

561 3706 663 3763 tur.
692 3694 757 3747 Et
788 3698 836 3747 hi
866 3698 992 3749 tales
1020 3701 1235 3750 cmlcste
1274 3708 1509 3763 regnum,
1536 3693 1582 3743 id
1611 3704 1709 3754 eSt,
1736 3695 1850 3746 illos
1887 3696 1936 3747 iu
1966 3702 2088 3763 qui-

560 3762 653 3813 lius
675 3778 826 3814 verus
853 3767 1011 3818 David
1035 3766 1285 3819 inltulntat
1309 3778 1397 3829 per
1426 3762 1577 3813 (idem
1610 3771 1662 3815 et
1686 3778 1776 3829 per
1805 3764 1935 3817 bona
1958 3762 2085 3833 opu-

560 3848 635 3889 ra,
667 3834 800 3897 apud
836 3848 1092 3887 terrenum
1127 3848 1341 3901 regnum
1372 3847 1575 3898 semper
1601 3834 1825 3894 produnt
1850 3847 1903 3887 et
1929 3851 2084 3889 accu-

559 3911 695 3963 sant,
732 3903 850 3970 quia
892 3905 1134 3970 opeibus
1164 3918 1341 3956 eorum
1375 3902 1615 3955 CODltatll
1645 3914 1783 3964 sunt,
1834 3914 1885 3956 et
1927 3910 2084 3959 etiam

509 4012 513 4015 .
559 3969 889 4043 pravessunt
914 3969 991 4027 eis
1017 3974 1080 4026 ad
1110 3969 1616 4043 videnduszt‘de
1647 3971 1727 4024 his
1753 3972 1956 4043 duobus
1992 3991 2085 4043 ge-

561 4039 770 4092 neribus
800 4040 1066 4095 hominum
1095 4050 1280 4095 tractat
1307 4042 1403 4093 iste
1426 4038 1682 4107 Psalmus.
1711 4040 1928 4100 scitir-et,
1956 4038 2087 4107 quo-

564 4124 673 4181 tum
696 4110 780 4161 alii
802 4123 919 4163 sunt
946 4119 1336 4181 persequentes,
1362 4110 1449 4181 alii
1475 4106 1801 4166 sull'erentes.
1829 4111 1913 4162 alii
1939 4106 2083 4177 spem

562 4178 609 4249 in
647 4182 863 4233 terrenis
897 4178 1128 4249 ligentes,
1174 4180 1259 4234 alii
1302 4180 1412 4232 sola
1440 4189 1633 4229 aeterna
1666 4190 1954 4243 sperantes.
1990 4182 2087 4235 l‘er

562 4248 659 4299 hoc
688 4257 855 4318 autem
887 4254 1021 4318 quod
1055 4252 1215 4318 Doeg,
1245 4251 1331 4318 qui
1364 4257 1523 4301 motus
1549 4251 1935 4318 interpretatur,
1968 4266 2085 4304 ser-

563 4328 653 4365 vus
704 4314 849 4384 Squl,
892 4314 978 4384 qui
1027 4314 1284 4372 terrenum
1317 4334 1529 4384 regnum
1575 4316 1832 4383 designat,
1873 4319 2084 4384 dicitur,

564 4386 658 4437 lzoc
688 4383 843 4436 etiam
871 4383 1097 4453 natatur,
1130 4388 1265 4453 quod
1298 4383 1393 4439 hoc
1419 4400 1629 4451 regnum
1662 4387 1709 4437 in
1740 4400 1879 4439 motu
1910 4399 2009 4451 est,
2034 4383 2087 4443 et

560 4454 661 4504 cito
705 4457 1074 4511 transitorium.
1118 4458 1183 4510 Et
1214 4457 1330 4509 ideo
1360 4456 1425 4507 de
1468 4460 1827 4520 persecutione
1866 4457 1978 4524 ejus
2005 4459 2083 4511 his

559 4525 642 4586 qui
666 4526 727 4574 ad
749 4528 959 4580 caeleste
984 4543 1220 4594 regnum,
1246 4525 1379 4592 quod
1403 4534 1651 4575 :rteruoiu
1672 4533 1771 4579 est.
1799 4526 2079 4595 pertinent,

560 4606 660 4665 non
684 4597 1094 4665 cst_‘curandum.
1127 4598 1305 4650 Potest
1328 4596 1439 4665 hoc
1463 4608 1667 4665 quoque
1697 4603 1857 4665 totum
1880 4600 1940 4649 ad
1988 4612 2082 4664 po-

559 4661 733 4727 pulum
763 4662 1031 4719 Judaicum
1071 4678 1123 4719 et
1148 4661 1407 4719 Christum
1451 4663 1657 4715 referri.
1689 4663 1905 4726 Quando
1944 4661 2082 4720 enim

560 4729 768 4801 verbum
818 4733 962 4799 illud,
995 4736 1130 4801 quod
1159 4736 1209 4785 in
1252 4734 1497 4797 principio
1521 4742 1623 4783 erat
1656 4736 1791 4797 apud
1824 4733 1995 4796 Deum,
2033 4738 2081 4790 in

558 4800 767 4858 domum
794 4800 1119 4867 Abimelech,
1150 4802 1236 4870 qui
1267 4802 1430 4853 Patris
1459 4803 1557 4853 mei
1582 4816 1795 4868 regnum
1827 4804 2084 4870 interpre-

558 4878 716 4934 tatur,
754 4873 913 4935 venit,
944 4872 994 4927 id
1024 4882 1123 4934 est,
1163 4870 1368 4937 quando
1398 4883 1605 4922 carnem
1654 4872 1720 4922 de
1745 4870 1961 4923 Judaico
1992 4888 2082 4936 po-

597 4940 679 4991 ιιΙυ
708 4943 904 5007 accvpit
931 4942 1018 5009 qui
1052 4939 1324 5007 peculiaris
1354 4937 1568 5002 populus
1590 4938 1795 5009 Domini
1822 4939 1935 5005 fuit,
1964 4950 2083 4996 tunc

597 4952 679 4991 ulo
708 4952 904 5007 accepit
931 4958 1018 5009 qut
1052 4952 1324 5007 peculiaris
1354 4952 1568 5002 populus
1594 4952 1795 4990 Uomtnt
1822 4952 1935 5005 Iult,
1964 4952 2081 4996 tunc

559 4952 717 5073 δορί,
752 5010 801 5059 id
832 5020 933 5071 est,
963 5012 1030 5062 illi
1069 5012 1155 5077 qui
1201 5010 1542 5061 morabantur
1569 5008 1637 5059 de
1664 5012 1780 5061 loco
1819 5018 1871 5061 et
1907 5020 2081 5076 gente,

560 5077 787 5133 scilicet.
820 5080 903 5142 qui
936 5079 1041 5131 Deo
1068 5079 1304 5132 dixerunt
1334 5080 1469 5143 quod
1498 5078 1810 5131 dueuronium
1843 5078 2075 5144 haberet,

557 5155 609 5197 et
663 5144 871 5213 similia,
925 5149 1059 5213 apud
1112 5148 1269 5203 Deum
1315 5158 1575 5203 terrenum
1609 5161 1841 5209 regnum,
1893 5148 1941 5199 id
1981 5159 2080 5211 est,

563 5214 697 5277 apud
728 5212 945 5271 Pilatum
964 5212 1022 5272 et
1046 5219 1245 5274 Annam
1267 5228 1319 5269 et
1340 5216 1581 5281 Caipham
1605 5230 1719 5268 cum
1750 5218 2081 5281 prodiderunt

562 5294 609 5333 et
656 5295 1053 5341 accusaverunt.
1098 5287 1159 5338 Et
1188 5290 1261 5337 sic
1306 5298 1565 5337 terrenum
1606 5300 1843 5352 regnum,
1892 5288 1939 5339 id
1979 5298 2076 5349 est,

560 5353 633 5425 illi
664 5352 1206 5425 sceleratigprincipes
1240 5356 1375 5425 Doeg
1407 5354 1673 5425 miserunt,
1702 5365 1753 5406 et
1786 5372 1875 5418 per
1920 5356 2076 5423 Doeg,

564 5424 609 5474 id
643 5432 742 5486 est,
775 5437 861 5488 per
886 5422 1001 5477 illos
1022 5436 1239 5488 quorum
1268 5422 1435 5487 lingua
1464 5423 1660 5487 gladius
1683 5434 1883 5487 acutus,
1909 5422 2077 5477 sacer-

557 5490 704 5544 doles
736 5494 1125 5553 interfecerunt,
1158 5492 1205 5542 id
1237 5500 1334 5551 est,
1362 5492 1525 5553 ipsum
1555 5492 1877 5544 Dominicum
1907 5494 2076 5545 Ιιοιιιὶο

558 5576 698 5624 nem,
728 5562 791 5613 de
816 5562 893 5615 eis
922 5572 1117 5621 natum,
1149 5560 1233 5624 qui
1264 5572 1387 5611 vere
1417 5562 1655 5609 sacerdos
1694 5562 1804 5624 fuit,
1837 5566 1954 5627 quia
1997 5580 2079 5617 se-

557 5644 719 5691 Ipsum
749 5646 840 5697 pro
870 5630 1018 5683 nobis
1046 5628 1350 5697 immolavit,
1383 5636 1431 5677 et
1458 5628 1644 5697 mullos
1668 5628 1795 5680 alios
1826 5632 1872 5682 ei
1904 5631 2077 5683 adbo:-

559 5694 760 5751 tentesf
797 5697 957 5751 David
1003 5714 1123 5751 vero
1154 5694 1339 5757 evasit,
1386 5697 1500 5759 quia
1534 5696 1745 5748 verbum
1788 5700 2079 5753 immortale

558 5768 857 5829 permansit,
889 5768 1022 5835 quod
1064 5768 1216 5820 etiam
1272 5767 1415 5818 lSaac
1461 5765 1802 5831 prtesigoavit,
1852 5784 1945 5835 pro
1974 5784 2075 5835 quo

558 5835 690 5887 aries
719 5835 1015 5891 immolatus
1038 5836 1149 5890 luit.
1182 5836 1431 5891 Similiter
1461 5846 1769 5901 quoqueest
1797 5840 1840 5892 si
1871 5839 1935 5891 ad
1964 5853 2073 5891 om-

2114 4565 2164 4628 D

2196 3276 2261 3345 ab
2298 3289 2409 3338 ore,
2458 3291 2715 3345 nunquam
2761 3278 2910 3330 abest
2956 3291 2983 3327 a
3030 3277 3207 3328 corde.
3257 3274 3359 3330 Srd
3403 3292 3515 3344 qua:
3556 3279 3716 3330 cura?

2194 3341 2362 3413 qulla,
2396 3341 2615 3408 scilicet,
2646 3349 2763 3413 quia
2794 3347 2920 3398 nihil
2953 3360 3043 3411 per
3071 3346 3169 3397 hoc
3211 3341 3449 3399 ﬁdelibus
3481 3346 3711 3400 nocuisti.

2192 3409 2320 3464 Nam
2349 3416 2529 3491 fecisti,
2570 3416 2617 3468 id
2645 3409 2745 3491 est.
2776 3409 2997 3491 exples—li
3034 3414 3214 3491 dolum
3236 3424 3404 3467 tuum.
3432 3415 3539 3491 _'l‘u,
3577 3416 3711 3477 dico,

2191 3495 2285 3533 ens
2314 3483 2441 3535 sicut
2463 3483 2704 3536 novacula
2733 3495 2901 3546 acuta,
2932 3483 2981 3536 id
3012 3493 3111 3547 est,
3141 3484 3248 3534 sola
3281 3486 3533 3537 exteriora
3561 3497 3606 3538 et
3631 3501 3712 3538 su-

2193 3551 2384 3614 perﬂua
2408 3552 2695 3615 abscidisti,
2730 3552 2975 3606 interiora
3005 3567 3128 3605 vero
3156 3562 3208 3605 et
3233 3555 3546 3615 necessaria,
3566 3564 3711 3607 ater-

2189 3633 2276 3683 na,
2308 3621 2526 3685 scilicet,
2560 3636 2659 3675 non
2692 3623 2893 3676 laesisti.
2928 3622 3067 3677 Sicut
3105 3623 3349 3674 novacula
3390 3633 3534 3675 acuta
3569 3634 3709 3677 exte~

2190 3688 2325 3759 riora
2353 3691 2625 3756 abscindit,
2657 3706 2773 3745 ossa
2806 3706 2928 3744 vero
2951 3707 3051 3744 non
3080 3692 3343 3745 irncindit.
3368 3696 3525 3759 Quasi
3546 3692 3708 3745 dicat:

2188 3756 2441 3813 Exercent
2474 3761 2609 3829 Doeg
2640 3773 2887 3829 quantum
2919 3762 3041 3813 velit
3083 3763 3330 3813 malitiam
3364 3756 3540 3824 suam,
3567 3773 3712 3814 acuat

2189 3830 2491 3900 novaculam
2516 3847 2683 3883 suum.
2709 3832 2808 3895 Qui
2832 3832 3037 3900 tandem
3066 3829 3226 3882 David
3256 3830 3451 3883 faciet?
3473 3834 3708 3900 Capillos,

2187 3897 2406 3962 scilicet,
2436 3901 2669 3962 abradet,
2702 3912 2753 3951 et
2782 3901 2977 3961 calvos,
3007 3899 3055 3951 id
3087 3910 3189 3961 est,
3223 3900 3359 3953 lilios
3386 3900 3520 3954 Core
3542 3897 3706 3953 iaciat.

2187 3962 2287 4016 Per
2308 3968 2519 4040 capillos
2539 3968 2678 4021 enim
2700 3972 2956 4022 exteriora
2979 3977 3134 4035 atque
3156 3968 3419 4040 superﬂua
3439 3970 3702 4040 designan-

2186 4040 2285 4106 tur.
2319 4033 2687 4090 Verumtamen
2719 4040 2853 4091 licus
2881 4051 2982 4091 non
3013 4033 3308 4104 superﬂuos
3336 4033 3707 4106 capillos'lecit,

2184 4102 2301 4178 quia
2330 4106 2391 4157 ad
2423 4118 2785 4178 ornamentum
2817 4122 2909 4161 eos
2949 4102 3163 4159 creavit.
3205 4108 3309 4163 Sed
3342 4102 3459 4164 ideo
3498 4125 3592 4178 per
3616 4124 3709 4162 ca-

2186 4172 2626 4247 pillos‘superllua
2670 4184 2873 4231 terrena
2910 4178 3271 4246 designantur,
3303 4180 3424 4247 quia
3466 4172 3593 4231 sicut
3621 4194 3707 4231 ca-

2186 4243 2292 4311 pilli
2318 4244 2431 4297 sine
2456 4260 2632 4309 sensu,
2666 4247 2716 4298 id
2748 4256 2846 4309 est,
2876 4247 2989 4298 sine
3014 4243 3193 4301 dolore
3221 4243 3615 4311 abscinduntur,
3645 4250 3705 4301 ita

2187 4310 2298 4382 lucc
2332 4322 2534 4365 terrena
2564 4315 2825 4380 superﬂua
2850 4316 2915 4367 ab
2944 4315 3023 4368 bis
3051 4318 3137 4382 qui
3166 4317 3387 4370 ﬁrmiter
3416 4317 3517 4371 Deo
3548 4310 3709 4370 mente

2186 4379 2459 4453 inhaerent,
2504 4398 2608 4435 non
2633 4385 2802 4435 solum
2834 4379 3113 4448 exteriora,
3145 4387 3238 4439 sed
3280 4389 3393 4453 ipsa
3425 4399 3576 4438 etiam
3602 4401 3709 4437 cor-

2185 4463 2307 4514 pora
2338 4452 2618 4522 {insomni
2648 4453 2829 4505 dolore
2858 4466 3072 4519 possunt
3100 4452 3314 4518 auferri,
3364 4458 3481 4522 quia
3520 4456 3708 4507 dictum

2186 4528 2303 4569 est:
2349 4517 2520 4572 Nolite
2559 4524 2731 4575 timere
2752 4537 2833 4574 eos
2859 4517 2957 4594 qui
2993 4523 3222 4594 occidunt
3264 4517 3463 4594 corpus,
3499 4526 3709 4594 animar-

2186 4598 2352 4640 autem
2383 4606 2482 4641 non
2520 4600 2725 4657 possunt
2766 4592 3009 4644 occidere.
3067 4592 3292 4646 Possunt
3330 4592 3500 4646 tamen
3546 4594 3610 4646 de
3640 4593 3710 4645 bis

2186 4658 2462 4731 superﬂuis
2503 4663 2659 4714 multa
2704 4660 2836 4713 bona
2879 4659 3011 4725 ﬁeri,
3042 4662 3262 4728 scilicet,
3306 4663 3347 4715 si
3379 4678 3559 4731 panem
3601 4676 3709 4715 esu-

2188 4727 2338 4799 rienti
2367 4730 2597 4799 frangas,
2628 4731 2671 4783 si
2698 4732 2862 4784 nudos
2885 4735 3096 4795 vestias,
3128 4745 3179 4785 et
3206 4727 3395 4787 similia
3425 4733 3505 4785 bis
3532 4732 3705 4785 iactas.

2186 4798 2335 4872 Quod
2357 4798 2514 4872 etiam
2532 4800 2731 4872 mulier
2754 4800 2839 4853 illa
2864 4801 3175 4869 designavit,
3202 4818 3322 4872 qua
3349 4813 3617 4869 postquam
3641 4817 3707 4867 ρο-

2186 4868 2271 4938 des
2299 4866 2499 4938 Domini
2523 4870 2753 4938 lacrymis
2790 4866 3005 4938 rigavit;
3022 4866 3236 4937 capillis
3250 4866 3401 4926 etiam
3445 4866 3600 4923 teret.
3632 4866 3708 4923 Ille

2185 4935 2902 5021 eniuinedesDomiuiquasi
2934 4935 3198 5021 lacrymis_
3212 4945 3364 5011 rigat,
3392 4942 3475 5007 qui
3500 4954 3707 5021 'panpe-

2187 5018 2298 5054 rum
2324 5004 2525 5077 Domini
2552 5004 2827 5060 miseretur
2852 5024 2943 5077 per
2970 5004 3104 5076 piam
3127 5004 3478 5063 alieciionein.
3498 5004 3703 5076 (lapillis

2188 5086 2317 5147 vero
2340 5075 2485 5137 quasi
2512 5077 2749 5147 detergit,
2790 5075 2915 5147 cum,
2939 5075 3055 5143 post
3082 5075 3591 5133 commiserationem
3624 5095 3705 5147 per

2187 5141 2481 5215 facultatem
2514 5141 2697 5197 horum
2740 5141 3120 5213 superﬂuorum
3163 5149 3353 5215 inopia:
3382 5164 3560 5203 eorum
3590 5141 3701 5200 sub-

2187 5212 2347 5264 venit.
2383 5210 2469 5284 Vel
2497 5214 2647 5267 aliter
2672 5233 2683 5268 :
2716 5210 2846 5279 Quia
2876 5217 3219 5271 intermittere
3248 5210 3550 5284 iniustitiam
3574 5218 3701 5279 cogi-

2186 5291 2322 5343 tastt,
2356 5281 2473 5334 ideo
2495 5284 2753 5350 perfecisti
2783 5284 2979 5348 dolum,
3001 5298 3097 5337 ens
3117 5289 3244 5338 sicut
3268 5281 3509 5340 novacula
3542 5300 3698 5345 acuta,

2186 5350 2232 5401 id
2258 5359 2381 5423 _est,
2428 5352 2835 5423 accuratissime,
2884 5356 3105 5418 scilicet,
3158 5369 3211 5408 ut
3254 5366 3504 5423 quantum
3533 5369 3700 5418 posset

2182 5418 2543 5492 auferusadeo
2569 5425 2706 5492 quod
2738 5437 2830 5474 nec
2859 5423 2968 5488 ipsa
3011 5438 3229 5492 corpora
3273 5418 3463 5479 intacta
3494 5430 3695 5491 permit.

2188 5500 2344 5542 teres.
2378 5490 2454 5543 Ad
2481 5493 2578 5542 hoc
2608 5490 2745 5542 enim
2778 5495 3023 5545 novacula
3070 5490 3217 5546 acuta
3266 5504 3365 5557 est,
3417 5502 3475 5545 ut
3500 5490 3698 5557 quanto

2183 5564 2479 5628 expressius
2519 5560 2739 5628 possint,
2781 5562 2948 5628 capilli
2990 5564 3324 5617 abradantur.
3377 5563 3430 5614 Si
3472 5575 3600 5614 vero
3644 5563 3696 5616 sd

2182 5626 2443 5699 (itu-istum
2472 5638 2544 5699 et
2580 5626 2857 5687 iudaicuui
2891 5635 3134 5699 populum
3177 5632 3276 5685 hoc
3321 5629 3599 5695 referatur,
3642 5648 3695 5684 us

2182 5697 2420 5750 dicetur:
2466 5698 2730 5751 l'erlecisu
2774 5697 3110 5753 dolum‘sicut
3140 5702 3379 5751 tramenta
3414 5714 3564 5751 acuta
3590 5704 3692 5753 lacu

2182 5766 2376 5829 dolum,
2420 5768 2536 5834 quia
2582 5770 2713 5821 sicut
2753 5769 3002 5823 novacula
3044 5782 3161 5835 qua:
3198 5770 3364 5821 adhuc
3398 5773 3625 5829 acuitur.
3654 5782 3693 5822 ut

2186 5849 2271 5900 per
2311 5851 2424 5891 cum
2476 5838 2644 5892 vultus
2692 5848 2927 5904 ornetur,
2972 5838 3015 5891 si
3055 5839 3308 5908 vulnerat,
3329 5842 3502 5911 potius
3542 5842 3689 5904 ipsum
