3898 6226
152 474 250 530 157

892 468 957 526 ΙΝ
996 467 1409 526 PSALHORUI!
1446 466 1695 524 LIBRUM
1739 464 2084 520 EXEGESIS.
2126 493 2193 504 —
2229 463 2468 520 PSALM.
2511 465 2594 519 ιι.

3243 466 3346 528 768

148 580 417 649 deturpat,
449 582 518 634 ita
547 575 822 649 peculiaris
846 579 935 634 ille
972 580 1220 635 Judaicus
1247 582 1468 649 populus
1498 582 1559 633 ad
1599 582 1697 633 hoc
1726 583 1775 639 Α
1803 588 1905 649 tus,
1937 577 2024 644 qui
2053 585 2176 631 tunc
2196 576 2298 631 erit
2324 589 2374 632 te
2399 579 2726 649 iudicaturus
2747 619 2761 644 ,
2808 583 2926 646 quia
2967 597 3103 637 ntmc
3132 583 3350 640 habebis

153 656 374 713 eiectus.
419 662 472 706 ut
501 653 551 703 in
580 666 642 703 eo
672 650 844 704 vultus
890 649 1093 703 Domini
1138 661 1610 714 repraesentaretur
1649 662 1704 705 et

154 731 454 786 ornaretur,
485 723 656 788 potius
678 717 822 772 illum
847 718 1162 786 deturpavit,
1187 719 1304 788 quia
1338 729 1544 786 tempus
1573 721 1701 774 visi-

155 791 373 844 tationis
404 787 505 842 non
539 789 861 856 recognovit.
909 789 971 842 Et
995 791 1046 842 in
1079 790 1179 842 hoc
1200 787 1381 842 dolose
1418 791 1542 856 egit,
1585 793 1705 858 quia

156 861 298 915 aliud
327 861 468 923 fecit,
491 869 539 912 et
562 858 626 911 ad
648 858 787 911 aliud
818 872 936 910 eum
959 857 1210 911 Dominus
1232 858 1405 925 elegit.

227 927 462 982 Dileaisti
483 927 728 980 malitiam
750 942 902 991 super
923 928 1205 980 bonitatem.
1231 925 1385 990 Quasi
1402 927 1533 982 dicat
1557 947 1567 981 :
1591 929 1710 982 Ideo

154 999 372 1051 assidue
429 996 728 1065 iniquitates
760 998 1019 1065 cogitasti,
1052 996 1170 1064 quia
1214 997 1456 1049 malitiam
1489 998 1710 1051 dilexisti

155 1083 315 1134 super
343 1067 713 1137 benignitatem,
737 1065 788 1119 id
801 1074 919 1137 _est,
949 1065 1018 1118 ita
1048 1074 1104 1137 ut
1130 1080 1462 1132 prteponeres
1483 1082 1600 1137 eam
1621 1068 1713 1122 be-

160 1134 505 1204 nignitati,ét
551 1136 628 1189 sic
679 1134 820 1201 quod
869 1135 1102 1204 naturale
1157 1143 1210 1188 et
1263 1136 1580 1202 pervenisti.
1631 1139 1709 1190 Ad

157 1203 304 1274 quod
334 1207 472 1259 enim
502 1204 910 1274 unumquodque
947 1203 1139 1274 factum
1164 1211 1263 1270 est,
1295 1204 1422 1258 illud
1449 1205 1588 1274 ineo
1609 1207 1713 1274 pri-

160 1272 408 1328 mitivum
451 1283 551 1328 est.
584 1273 757 1340 Quare
787 1272 1085 1341 benignitas
1129 1283 1182 1326 et
1204 1274 1435 1342 aequitas
1459 1273 1524 1327 ad
1555 1272 1712 1342 quam

161 1344 329 1398 homo
353 1351 561 1398 creatus
584 1352 665 1397 est
689 1341 833 1410 prius
852 1353 971 1394 sunt
996 1342 1047 1393 in
1071 1341 1310 1406 homine,
1344 1343 1542 1396 malitia
1567 1341 1712 1409 vero,

159 1429 283 1477 qua:
307 1414 532 1466 accessit
556 1427 618 1465 ex
658 1410 1014 1478 corruptione,
1043 1420 1126 1463 est
1153 1412 1432 1476 posterius.
1458 1413 1714 1478 Dilexisti,

167 1483 408 1548 inquam,
436 1496 593 1549 super
629 1480 913 1534 bonitatem
945 1479 1218 1545 malitiam,
1261 1490 1314 1532 et
1340 1480 1458 1534 ideo
1485 1480 1716 1537 dilexisti

162 1552 336 1618 magis
365 1552 509 1618 loqui
555 1549 900 1618 iniquitatem,
934 1563 1090 1615 quam
1134 1549 1274 1616 loqui
1303 1552 1620 1618 aequitatem.
1655 1555 1718 1606 Et

164 1620 221 1672 in
254 1615 354 1673 hoc
381 1615 529 1687 quasi
559 1615 696 1673 dicat
723 1633 738 1673 ε
766 1615 878 1671 Non
930 1619 1064 1671 idem
1094 1619 1230 1684 quod
1272 1619 1322 1671 in
1355 1615 1472 1673 aliis
1515 1616 1716 1675 sérvas.

165 1687 424 1742 Provides
447 1689 586 1742 enim
623 1703 688 1743 ne
732 1687 939 1756 acidum
970 1687 1144 1740 cibum
1176 1688 1344 1741 ventri
1375 1699 1460 1741 tuo
1487 1689 1714 1756 ingeras,

164 1766 222 1810 et
248 1773 354 1811 non
384 1758 625 1825 provides
654 1755 742 1828 qui
781 1755 830 1810 id
862 1756 915 1809 in
942 1757 1465 1828 oreAMbeasA?ASicut
1490 1755 1717 1828 namque

165 1827 471 1894 eligendum
500 1833 582 1880 est
617 1825 741 1894 quid
774 1825 1023 1887 vescaris,
1048 1825 1118 1877 ita
1148 1825 1273 1893 quid
1307 1826 1553 1893 loquaris.

1808 647 2125 718 adjutorem,
2160 662 2320 718 quem
2356 657 2475 700 tunc
2496 648 2745 716 judicem.
2778 650 3052 718 Postquam
3077 668 3203 708 vero
3224 669 3352 708 oves

1806 717 2192 788 separabantur
2222 716 2288 768 ab
2319 718 2500 777 ltzedis,
2537 726 2661 771 tunc
2687 720 2787 772 erit
2816 716 3019 788 tempus
3048 723 3273 788 ridendi,
3299 723 3350 776 id

1808 797 1886 838 est
1912 826 1926 847 ,
1977 786 2168 858 divinte
2210 786 3219 858 sententia:gaggratulandi.iRidebunt,
3261 786 3353 845 in-

1809 869 1962 919 quam
1995 854 2225 916 tandem,
2256 863 2309 906 et
2336 856 2713 918 exttrobrantes
2739 859 2815 911 eis
2845 858 3017 913 dicent
3045 878 3058 912 :
3098 854 3223 914 Ecce
3251 860 3349 913 lto-

1811 939 1925 996 mo.
1968 923 2015 975 id
2047 933 2147 986 est,
2178 938 2302 996 ecce
2340 925 2574 996 adnqlliti
2619 925 2742 978 dum
2789 943 2847 981 se
2893 928 3145 996 extollere
3173 932 3350 996 vellet,

1813 992 2064 1071 redactus
2082 1002 2164 1047 est
2211 992 2370 1071 Doeg.
2405 994 2503 1071 Qui
2527 1011 2627 1071 n_on
2675 999 2854 1071 posuit
2883 992 3045 1051 Deum
3066 992 3350 1071 adjutoretu

1811 1077 1980 1136 suum,
2017 1061 2185 1136 idest,
2212 1063 2296 1128 qui
2326 1078 2428 1116 non
2451 1067 2516 1117 de
2550 1065 2674 1132 Deo,
2704 1067 2793 1119 sed
2823 1068 2892 1120 de
2913 1082 2970 1121 se
2993 1061 3347 1136 prtesiimpsit,

1813 1131 1931 1251 auia
1959 1131 2010 1183 in
2042 1131 2329 1183 divitiarum
2368 1148 2573 1185 suarum
2614 1131 2932 1189 multitudine
2969 1131 3202 1202 speravit.
3226 1131 3348 1192 Non

1854 1200 1941 1251 icit
1987 1202 2074 1251 uiti
2114 1201 2258 1251 dives
2297 1198 2413 1251 fuit.
2437 1202 2531 1251 sed
2577 1203 2622 1251 si
2668 1204 2786 1251 nuis
2814 1205 3025 1251 divitias
3072 1211 3254 1251 lmhmi
3285 1209 3348 1251 ad

1854 1200 1941 1252 icit
1987 1202 2074 1277 qui
2114 1201 2258 1254 dives
2297 1198 2531 1277 fuit,se_d_
2577 1203 2623 1258 si
2668 1198 3025 1277 quisdivitias
3072 1211 3255 1260 habeat
3285 1209 3357 1261 ad

1818 1271 2198 1332 necessitatem,
2247 1277 2301 1322 et
2345 1271 2408 1324 ad
2465 1271 3092 1342 aliorutnrelectionem,
3134 1288 3354 1331 nonest

1818 1349 2119 1403 peccatum;
2154 1352 2368 1406 sperare
2396 1341 2568 1394 autem
2599 1341 2649 1394 in
2698 1342 2914 1404 divitiis,
2961 1345 3008 1396 id
3038 1341 3135 1407 est,
3160 1347 3362 1399 habere

1815 1420 1908 1458 eas
1938 1421 2038 1459 non
2065 1409 2126 1460 ad
2157 1409 2537 1472 necessitatem,
2570 1412 2658 1463 sed
2703 1413 2769 1464 ad
2817 1413 3241 1476 delectationem,
3269 1427 3351 1470 e~t

1818 1485 2111 1594 peccatum.
2140 1476 2194 1529 Si
2221 1477 2359 1530 enim
2385 1478 2541 1532 libros
2565 1483 2815 1548 legamus,
2833 1483 3151 1536 inveniamus
3180 1486 3347 1538 Atua-

1837 1559 1958 1594 tam.
1992 1555 2045 1594 et
2092 1545 2274 1594 Jacob-
2321 1556 2373 1594 et
2418 1549 2546 1594 alios
2598 1552 2795 1594 nritires
2825 1561 2994 1594 nntrns
3072 1563 3118 1594 ρι
3165 1555 3347 1594 iliuitpn

1837 1559 1958 1618 tam,
1992 1555 2045 1598 et
2092 1545 2274 1608 Jacob,
2321 1549 2546 1618 etAalios
2598 1545 2795 1616 priores
2825 1561 3025 1618 patres,
3072 1563 3122 1605 et
3165 1555 3352 1608 divites

1815 1610 2000 1684 fuiSSe,
2032 1624 2082 1666 et
2114 1624 2282 1667 tamen
2315 1613 2512 1678 felices,
2544 1610 2659 1684 quia
2689 1619 2789 1672 rion
2810 1610 2887 1672 ἀει
2908 1610 3356 1674 considerandum

1824 1682 1870 1735 si
1891 1684 2095 1757 cgesin
2119 1684 2383 1757 facultate,
2415 1689 2504 1739 sed
2536 1682 2579 1740 si
2603 1689 2758 1742 ardes
2807 1690 2856 1741 itt
2903 1693 3196 1757 Cupitlitate.
3235 1691 3344 1743 Non

1817 1751 1961 1823 enim
1991 1751 2129 1806 Deus
2178 1753 2403 1807 consulit
2448 1770 2622 1809 arcam
2648 1800 2666 1823 ,
2704 1761 2794 1812 sed
2826 1751 3223 1822 conscientiam;
3255 1777 3350 1813 nec

1821 1819 2098 1890 damnatur
2131 1826 2370 1889 pecunia,
2404 1827 2492 1878 sed
2523 1819 2763 1890 avaritia,
2791 1831 2930 1881 sicut
2959 1845 2987 1882 e
3017 1819 3219 1882 contra
3245 1847 3346 1882 non

295 1897 482 1949 ίιεεξιιί
507 1888 674 1948 omnia
693 1894 861 1948 verba,
887 1895 1045 1961 Quasi
1069 1888 1208 1948 dicit
1231 1912 1243 1947 ς
1268 1893 1330 1951 Ui
1353 1888 1609 1950 εὐωωεηι
1631 1913 1728 1952 ne.
1752 1890 1799 1950 Β
1826 1888 2065 1961 laudatur
2094 1888 2287 1959 inopia,
2339 1893 2429 1946 sed
2479 1888 2792 1949 innocentia.
2843 1897 2987 1961 Quod
3027 1899 3354 1951 attendentes

167 1965 356 2035 quitia:
382 1974 482 2019 tua:
501 1965 832 2035 concludam,
852 1965 970 2020 dico
993 1961 1112 2035 quia
1143 1965 1364 2035 dilectui
1380 1967 1547 2019 omnia
1574 1969 1718 2019 verba

170 2032 618 2106 praecipitationis,
647 2034 992 2106 quodcunque
1014 2032 1086 2106 ad
1117 2034 1458 2106 praecipitium
1496 2036 1637 2106 ducit
1665 2045 1722 2090 et

175 2101 454 2158 interitum
484 2101 734 2167 dilexisti,
766 2102 987 2166 scilicet,
1021 2101 1246 2169 linguam
1284 2103 1540 2159 dolosam.
1575 2105 1722 2159 Sicut

169 2177 317 2227 enim
337 2174 531 2227 habent
558 2173 763 2240 quidam
778 2171 916 2232 libri,
932 2170 1012 2226 vel
1035 2180 1088 2224 tu
1111 2171 1248 2241 Doeg
1266 2188 1360 2226 ens
1381 2172 1552 2241 lingua
1570 2173 1724 2228 dolo-

173 2257 236 2312 sa
253 2281 270 2304 ,
291 2244 421 2295 nihil
440 2239 599 2312 agens
617 2245 694 2296 vel
724 2242 1052 2312 loquensnisi
1069 2239 1265 2312 dolum.
1281 2242 1343 2298 Et
1354 2239 1532 2312 accipe
1546 2245 1722 2312 dolum

175 2311 267 2365 hic
308 2312 454 2380 large
481 2310 584 2376 pro
624 2312 766 2365 omni
791 2310 1087 2378 iniquitate.
1131 2310 1232 2364 Sed
1274 2311 1397 2380 quid
1444 2311 1535 2365 tibi
1567 2311 1725 2366 inde?

172 2382 351 2433 Omne
376 2379 566 2433 malum
597 2380 815 2450 scilicet,
844 2382 959 2448 quia
991 2379 1431 2450 proptereahDeus
1449 2420 1465 2444 ,
1494 2383 1579 2448 qui
1630 2395 1724 2450 po-

176 2456 310 2514 test,
340 2450 551 2500 destruet
577 2460 621 2501 te
647 2449 698 2501 in
717 2450 818 2517 ﬁne
839 2489 853 2510 ,
899 2448 1106 2513 quando
1134 2461 1239 2502 non
1269 2448 1444 2502 licebit
1467 2453 1597 2503 ultra
1633 2448 1717 2504 're-

175 2533 420 2587 surgere.
441 2517 531 2571 νει
557 2519 607 2570 in
625 2519 771 2583 ﬁnem
801 2533 1008 2585 semper
1027 2518 1297 2587 tendente,
1328 2518 1377 2570 id
1405 2528 1504 2583 est,
1529 2527 1726 2572 mterna

175 2585 540 2641 desirucdone
569 2590 803 2642 destruet
851 2597 901 2640 te
943 2602 1044 2640 non
1086 2585 1150 2638 ad
1183 2586 1604 2652 mdilicationem,
1634 2588 1727 2642 sed

176 2655 615 2710 desuuctiunem.
649 2657 714 2710 Et
745 2671 878 2710 nunc
901 2655 1109 2709 interitu
1138 2657 1309 2708 evellet
1334 2665 1378 2709 te
1399 2657 1460 2709 de
1489 2658 1730 2710 taberna—

177 2728 319 2790 culo,
355 2735 409 2778 et
438 2726 537 2779 hoc
567 2727 631 2778 ita
663 2728 797 2793 quod
837 2725 1098 2793 emigrabit
1138 2735 1203 2788 te,
1238 2725 1286 2778 id
1318 2735 1417 2794 est,
1446 2725 1598 2794 longe
1634 2727 1731 2779 mi-

177 2809 342 2862 grare
375 2803 426 2847 te
455 2794 609 2847 faciet
637 2795 777 2858 inde,
809 2797 908 2850 hoc
949 2803 1049 2857 est,
1079 2794 1130 2847 in
1173 2795 1416 2861 presenti
1445 2809 1474 2847 a
1503 2809 1734 2849 commu-

182 2865 350 2918 nit-ne
382 2862 611 2916 ﬁdelium
643 2866 917 2919 mutaliter
944 2864 1207 2930 separabit
1231 2871 1302 2916 te.
1332 2863 1731 2918 Habentautem

178 2933 402 3000 quidam
425 2933 541 2987 libri
573 2930 701 2998 Tuo,
733 2933 870 3000 quod
898 2933 1024 2985 satis
1064 2933 1199 2987 bene
1223 2941 1326 2995 est,
1351 2935 1470 3000 quia
1499 2944 1552 2988 et
1579 2944 1733 2988 natu-

181 3000 369 3055 raliter
389 3001 559 3058 omnis
589 3000 746 3056 homo
772 3002 1032 3069 plantatus
1060 3012 1140 3054 est
1164 3003 1214 3053 in
1243 3001 1342 3056 hoc
1373 3002 1733 3066 tabernaculo,

179 3078 239 3123 et
268 3071 497 3125 radicem
526 3069 680 3126 habet
709 3073 758 3124 in
780 3072 938 3129 caelo.
966 3070 1114 3125 Unde
1156 3069 1278 3126 dicit
1311 3090 1321 3122 :
1354 3070 1544 3125 Evellet
1582 3082 1627 3125 te
1651 3073 1736 3126 hic

183 3143 250 3192 de
287 3142 608 3195 tabernaculo
638 3152 744 3202 tuo,
775 3141 824 3195 id
854 3150 967 3206 est,
997 3139 1135 3208 quod
1168 3149 1311 3194 tuum
1353 3141 1571 3195 deberet
1595 3155 1734 3196 esse.

1823 1959 1986 2010 sancti
2018 1962 2259 2024 apostoli,
2291 1977 2406 2015 cum
2453 1963 2701 2017 Dominus
2748 1959 2943 2019 diceret
2971 1970 3045 2020 eis
3074 1987 3085 2018 :
3123 1966 3348 2020 Fawilins

1821 2037 1892 2106 est
1920 2029 2163 2080 camelum
2194 2046 2280 2106 per
2301 2035 2526 2106 foramen
2555 2050 2672 2086 acus
2714 2035 2939 2106 tr_tmsire,
2981 2053 3132 2105 quam
3155 2037 3352 2089 divitem

1818 2101 1870 2147 in
1899 2111 2103 2174 requisiit
2135 2101 2658 2174 calorum,_dixet‘unt
2689 2120 2702 2158 :
2735 2103 2798 2156 Et
2836 2106 2945 2171 quis
2985 2101 3161 2174 poterit
3189 2108 3358 2159 salvus

1820 2165 1961 2240 esse?
1989 2165 2169 2221 Nullus
2196 2171 2334 2222 enim
2381 2167 2491 2224 fere
2514 2210 2530 2234 ,
2573 2174 2658 2240 qui
2705 2189 2807 2227 non
2837 2165 3098 2229 desideret
3137 2176 3348 2229 habere.

1823 2234 2016 2305 Petrus
2040 2251 2165 2289 vero
2195 2241 2320 2291 satis
2351 2234 2661 2295 liducialit'er
2699 2243 2899 2297 loeutus
2940 2252 3038 2305 est,
3069 2260 3187 2298 czun
3214 2247 3357 2298 dico-

1824 2312 1905 2381 ret
1928 2301 2098 2381 §_Eccc
2126 2321 2212 2358 nos
2262 2309 2546 2374 reliquimus
2582 2314 2769 2372 omnia,
2801 2321 2848 2365 et
2894 2301 3048 2367 secuti
3089 2330 3258 2366 sumus
3289 2324 3353 2367 te.

1823 2371 1958 2425 Nihil
1991 2387 2213 2440 namque
2245 2371 2430 2441 praeter
2457 2388 2618 2431 ratein
2649 2371 2877 2433 veterea
2924 2391 2976 2434 et
3022 2383 3234 2436 scissam
3269 2399 3356 2434 ve-

1825 2452 1966 2517 5tem_
2013 2441 2430 2517 re_liquerat_,_et
2485 2456 2653 2517 tamen
2704 2463 2760 2502 se
2813 2451 3022 2506 dicebat
3085 2452 3356 2517 reliquisse

1826 2511 2202 2584 omnia._Quod
2224 2514 2382 2584 solvit
2399 2516 2580 2569 beatus
2604 2515 2886 2584 Gregorius
2915 2520 3130 2576 dicens:
3166 2511 3355 2575 (Mul-

1832 2587 1942 2632 tum
1977 2581 2200 2649 reliquit,
2224 2582 2309 2650 qui
2341 2585 2468 2637 nihil
2488 2585 2584 2640 sibi
2603 2581 2834 2642 retinuit.
2854 2588 3015 2643 Tanta
3056 2591 3193 2644 enim
3220 2605 3249 2644 ιι
3277 2605 3359 2642 sc-

1829 2650 2475 2733 quetiti‘busrelictasunt2
2505 2669 2694 2733 quanta
2726 2667 2846 2733 ante
2869 2659 3215 2733 seqttentib-ts
3234 2675 3355 2733 conj

1829 2723 2024 2797 cupisci
2053 2728 2356 2797 potuerunt.
2388 2723 2498 2797 s_Et
2527 2723 2649 2797 item
2682 2744 2692 2778 :
2724 2745 2740 2776 ι
2780 2723 2992 2780 Multum
3039 2730 3244 2797 reliquit
3271 2729 3358 2795 qui

1832 2786 2000 2866 ipsum
2016 2790 2184 2866 .etiatn
2214 2790 2529 2866 desiderium
2561 2795 2782 2849 habendi
2830 2786 3186 2865 potsposuitﬂ
3224 2786 3355 2863 Sp'e-

1832 2861 1984 2934 ravit,
2015 2861 2243 2934 inquam,
2276 2861 2562 2934 in_dit_titiis,
2591 2874 2639 2917 et
2660 2861 2916 2933 prtevaluit
2941 2861 2991 2919 iu
3011 2869 3226 2920 vanitate
3247 2861 3385 2930 sua,

1835 2924 1886 2978 id
1916 2935 2013 2987 est,
2041 2927 2205 2995 magis
2227 2928 2457 3003 profecit
2478 2934 2529 2985 in
2551 2924 2797 3000 vanitate,
2845 2938 2892 2988 id
2925 2946 3022 3000 est,
3057 2941 3104 2989 in
3137 2939 3215 2990 his
3245 2924 3365 3003 que

1835 3007 1990 3072 mane
2008 3001 2356 3072 “concupiunt,
2387 3015 2540 3072 quam
2572 3004 2825 3069 proﬁcere
2855 3006 2904 3058 in
2937 3007 3172 3072 veritate,
3204 3001 3372 3064 pluris

1836 3064 1975 3136 enim
2003 3063 2124 3117 fecit
2152 3063 2418 3136 nummum
2440 3063 2595 3136 quam
2630 3072 2809 3125 Deum.

1910 3129 2230 3210 Ego‘outem.
2269 3135 2360 3189 ilic
2386 3129 2639 3210 _lo'quitur
2683 3156 2783 3193 non
2839 3144 3049 3210 quilibet
3090 3157 3243 3206 unus,
3273 3142 3366 3196 sed

185 3210 257 3263 Et
285 3214 407 3275 quia
430 3210 600 3283 evellet
645 3219 691 3283 te
719 3201 781 3283 de
811 3201 1152 3283 tabernaculo,
1186 3209 1300 3283 ideo
1331 3213 1540 3283 tandem
1580 3212 1735 3283 etiam
1766 3221 1811 3283 ρ
1843 3201 2112 3283 olivailla,
2148 3205 2212 3283 Id.
2241 3213 2339 3269 est,
2385 3201 2638 3283 Ecclesia,
2659 3210 2834 3283 Lcujus
2857 3201 3088 3283 'superbi
3120 3201 3250 3265 rami
3301 3215 3365 3263 de

186 3284 257 3330 tte
284 3279 497 3344 palatio.
528 3279 678 3347 Quod
706 3280 783 3334 sic
811 3279 938 3333 dicit
984 3297 996 3330 :
1039 3275 1104 3330 Et
1135 3277 1342 3331 tandem
1381 3280 1575 3334 evellet
1600 3281 1741 3334 radi-

184 3363 298 3400 cem
326 3358 484 3418 tuam,
508 3349 558 3402 id
603 3358 706 3412 est,
733 3363 848 3418 qua:
869 3349 1085 3402 deberet
1122 3361 1237 3402 esse
1261 3356 1370 3418 _tua
1399 3350 1462 3400 de
1504 3358 1636 3402 terra
1663 3351 1740 3402 vi-

187 3419 434 3470 ventium.
457 3417 620 3472 Radix
654 3416 829 3472 nosira
857 3419 1085 3472 cbaritas
1121 3426 1220 3480 est,
1253 3416 1452 3471 fructus
1480 3433 1603 3471 vero
1643 3421 1741 3472 hu-

181 3488 279 3556 jus
303 3485 500 3556 radicis
527 3495 652 3540 sunt
687 3488 822 3542 bona
851 3503 1030 3555 Opera.
1076 3484 1223 3541 Unde
1252 3487 1379 3540 dicit
1415 3487 1703 3556 ApOStolus
1726 3505 1741 3542 :

189 3555 382 3608 Omnia
407 3564 571 3609 nostra
618 3556 670 3607 in
713 3556 958 3610 charitate
996 3557 1156 3624 ﬁant;
1186 3563 1240 3610 et
1284 3557 1409 3612 item
1455 3557 1577 3611 alibi
1623 3576 1636 3609 :
1679 3555 1745 3610 In

185 3625 441 3678 charitate
468 3625 681 3694 radicati
709 3636 754 3678 et
782 3626 1000 3693 fundati.
1036 3625 1182 3678 Hauc
1229 3625 1456 3678 radicem
1481 3664 1497 3691 ,
1541 3626 1593 3680 id
1642 3637 1742 3694 est,

183 3694 530 3759 charltatem,
557 3693 686 3748 dicit
711 3694 865 3748 evelli
898 3695 961 3747 de
987 3703 1120 3747 terra
1148 3695 1436 3759 viventium,
1468 3696 1517 3748 id
1547 3706 1649 3757 est,
1680 3693 1746 3750 de

185 3777 424 3831 superna
454 3763 663 3832 requie,
690 3771 941 3830 quantum
971 3763 1035 3816 ad
1084 3763 1271 3825 malos,
1301 3764 1421 3830 quia
1471 3778 1586 3816 eam
1638 3779 1740 3818 non

187 3834 513 3897 habuerunt,
532 3831 595 3886 et
624 3834 744 3887 ideo
773 3847 867 3900 per
892 3847 1008 3886 eam
1037 3831 1145 3885 illic
1174 3846 1278 3885 non
1300 3832 1744 3898 complantabun-

191 3912 307 3956 tur.
339 3900 581 3956 Charitas
601 3912 774 3956 autem
804 3902 875 3956 ibi
895 3916 1105 3971 semper
1135 3902 1446 3966 remanebit,
1474 3917 1593 3970 quia
1622 3905 1746 3957 cha-

193 3972 331 4026 ritas
363 3985 627 4038 nunquam
659 3971 868 4027 excidit.

284 4040 528 4093 Videbunt
563 4041 712 4108 justi.
751 4042 908 4106 Quasi
934 4040 1111 4095 dicat:
1143 4039 1290 4106 Quod
1337 4040 1474 4093 Deus
1500 4057 1626 4095 vero
1670 4042 1748 4096 sic

191 4108 477 4164 damnabit
524 4109 686 4177 Doeg,
716 4124 819 4163 non
872 4109 1211 4174 ίιιῐτυοιιιοεθ,
1245 4110 1339 4164 sed
1395 4111 1590 4164 utiliter
1637 4113 1748 4163 suis

190 4182 383 4243 faciet,
411 4178 534 4249 quia
571 4179 704 4249 justi
725 4177 980 4249 uidebunt,
1012 4178 1063 4232 id
1084 4186 1184 4240 est,
1217 4179 1488 4249 attendeut
1535 4190 1588 4232 et
1619 4194 1750 4245 pra:-

192 4258 408 4303 sentem
439 4257 492 4301 et
512 4247 740 4302 {uiuram
769 4247 884 4315 ejus
908 4249 1321 4302 damnationem.
1356 4248 1569 4302 Et-ideo
1611 4263 1750 4302 nunc

191 4320 325 4374 dum
375 4326 580 4385 tempus
619 4317 788 4372 noctis
815 4325 916 4384 est,
965 4317 1240 4371 timebunt.
1293 4317 1366 4371 De
1413 4315 1518 4371 hoc
1566 4318 1751 4371 timore

192 4389 328 4441 dicit
359 4387 642 4452 Apestolus
669 4405 682 4440 ;
716 4385 781 4440 In
817 4387 993 4439 timore
1019 4397 1064 4439 et
1109 4396 1318 4439 tremore
1353 4397 1567 4441 vestram
1607 4387 1750 4454 ipso-

194 4473 318 4509 rum
344 4467 602 4526 operantes
628 4456 868 4520 salutem;
910 4466 964 4510 et
991 4473 1005 4509 :
1036 4455 1135 4519 Qui
1155 4465 1272 4518 stat,
1298 4455 1459 4507 videat
1482 4472 1542 4508 ne
1561 4461 1750 4521 cadat;

194 4538 254 4580 et
280 4528 408 4579 item
427 4526 896 4615 1:.Consideranstf
922 4526 1105 4615 ipsum,
1133 4540 1193 4577 ne
1221 4533 1266 4577 et
1297 4535 1349 4577 tu
1378 4526 1594 4578 tenteris.
1614 4526 1748 4605 Dum
1778 4557 1827 4615 Ι)

196 4610 346 4648 enim
387 4594 452 4648 ad
479 4596 741 4650 lucernam
771 4594 1100 4650 ambulamus
1120 4633 1134 4656 ,
1163 4608 1378 4648 necesse
1420 4605 1500 4647 est
1529 4606 1584 4646 ut
1612 4596 1663 4646 in
1695 4596 1756 4647 ti-

197 4677 355 4718 more
382 4666 646 4728 vivamus;
675 4679 814 4718 nunc
840 4675 1012 4718 autem
1029 4665 1095 4717 ad
1117 4666 1378 4715 lucernam
1403 4663 1747 4727 ambulamus,

194 4733 349 4802 juxta
374 4733 511 4800 quod
536 4735 664 4787 dicit
690 4734 874 4788 Petrus
896 4732 1142 4802 :Habetis
1168 4739 1333 4802 autem
1359 4735 1618 4802 certiorem
1639 4747 1752 4800 pro-

123 4822 127 4825 -
196 4800 456 4872 plteticum
483 4817 778 4872 sermonem,
803 4803 884 4855 cui
914 4801 1033 4872 bene
1075 4800 1237 4872 facitis
1270 4801 1755 4872 attendenwsfquasi

200 4870 429 4924 lucerna:
454 4873 505 4923 in
535 4871 742 4924 obscuro
778 4872 908 4935 loco,
949 4871 1107 4924 donec
1145 4870 1247 4922 dies
1274 4870 1454 4940 ueniat,
1497 4880 1545 4940 et
1576 4871 1754 4940 lucifer

201 4942 406 4995 oriatur
454 4941 507 4994 in
543 4941 777 4996 cordibus
811 4944 1001 4996 vestris.
1033 4941 1181 4995 Nunc
1209 4937 1348 4992 enim
1389 4937 1754 5006 propheticum

202 5023 509 5065 sermonem
551 5013 858 5077 certiorem,
906 5017 953 5067 id
1005 5025 1117 5076 est,
1173 5020 1346 5062 certas
1385 5009 1756 5076 promissiones

204 5082 492 5143 habemus,
518 5081 610 5133 sed
639 5083 692 5134 in
721 5084 944 5135 obscuro
975 5081 1088 5134 loco
1117 5092 1296 5132 sumus
1321 5120 1334 5142 ,
1386 5079 1508 5145 quia
1556 5088 1755 5136 tantum

202 5165 273 5203 ex
314 5157 463 5214 parte
516 5151 915 5216 cognoscimus,
964 5159 1018 5204 et
1068 5161 1445 5216 cognoscemus
1489 5162 1759 5214 quousque

204 5224 299 5272 lux
327 5219 412 5289 illa
435 5215 629 5289 veniat,
660 5219 726 5272 de
746 5235 848 5289 qua
876 5221 1070 5274 dictum
1093 5229 1171 5270 est
1196 5234 1208 5268 :
1229 5215 1354 5268 Cum
1383 5226 1548 5289 autem
1588 5233 1760 5289 appa—

203 5288 389 5351 ruerit,
413 5287 599 5340 similes
627 5290 672 5340 ei
695 5285 900 5354 erimus,
949 5301 993 5343 et
1031 5289 1304 5342 uidebimus
1351 5302 1462 5337 eum
1489 5285 1638 5338 sicuti
1666 5296 1755 5341 est.

203 5359 387 5422 Nunc,
433 5359 668 5426 inquam,
700 5358 974 5421 timebunt,
1001 5367 1055 5412 et
1083 5358 1289 5411 tandem
1331 5356 1590 5426 ridebunt,
1637 5358 1761 5410 lacti

208 5440 342 5480 tunc
366 5425 524 5496 super
551 5441 704 5497 eum,
751 5429 987 5497 quamvis
1016 5443 1153 5481 nunc
1182 5428 1286 5482 sint
1312 5426 1410 5477 sub
1439 5425 1625 5497 eo.‘De
1661 5426 1761 5480 huc

209 5499 327 5548 risu
353 5493 621 5565 Sapientia
647 5496 776 5548 dicit
803 5511 818 5547 :
850 5494 1130 5564 Loquebar,
1162 5509 1205 5549 et
1234 5511 1331 5547 non
1355 5493 1634 5545 attendistis
1657 5509 1762 5565 ser—

208 5564 447 5617 monibus
476 5567 614 5631 meis,
633 5580 720 5633 ego
736 5571 901 5617 autem
921 5565 1256 5628 subsunnabo,
1282 5575 1329 5617 et
1352 5565 1565 5626 desuper
1593 5564 1766 5615 ridebo

211 5637 281 5688 de
309 5636 514 5687 interitu
538 5645 728 5702 ‘utstro.
749 5633 896 5688 Nunc
916 5636 1054 5686 enini
1084 5646 1288 5701 tempus
1308 5633 1514 5686 dolendi
1542 5641 1593 5685 et
1615 5647 1759 5684 cum-

214 5703 452 5774 patiendi
475 5704 764 5774 estimalis,
789 5704 913 5759 dum
945 5718 1223 5774 possumus
1251 5704 1327 5756 eis
1356 5702 1763 5774 prodesse,qu_i_a

215 5771 271 5827 et
306 5784 428 5826 tunc
456 5773 666 5841 quidem
695 5774 794 5827 erit
840 5773 1140 5841 ptenitentia
1164 5813 1178 5837 ,
1210 5775 1300 5824 sed
1334 5775 1671 5825 infructuosa.
1701 5771 1765 5822 Et

218 5843 346 5898 ideo
373 5852 429 5898 tu
468 5840 686 5912 quisque
713 5840 850 5901 nunc
881 5845 1153 5916 pmniteas,
1177 5853 1231 5897 et
1259 5844 1358 5896 erit
1388 5853 1503 5899 tuus
1532 5842 1764 5896 advoca~

1842 3270 2038 3325 Judatis
2067 3272 2212 3326 fracti
2255 3284 2375 3327 sunt
2413 3286 2465 3329 et
2495 3270 2842 3333 loco—illorum
2893 3270 3099 3335 humilis
3140 3284 3367 3334 oleaster

1838 3339 1905 3395 de
1931 3342 2179 3419 gentibus
2203 3345 2426 3419 insertus
2452 3356 2547 3419 est.
2569 3350 2726 3419 Quasi
2757 3350 2918 3403 dicat:
2952 3352 3087 3419 Dueg
3116 3353 3231 3418 quia
3255 3366 3372 3418 spe-

1842 3412 1966 3462 ravit
1996 3412 2045 3462 in
2078 3412 2394 3487 multitudine
2417 3416 2724 3487 divitiarum
2752 3436 2974 3487 suarum,
3006 3412 3332 3474 daittnztltitur
3356 3435 3378 3481 ;t

1840 3491 2144 3551 ego‘autem
2167 3482 2274 3550 jam
2319 3485 2517 3548 positus
2561 3486 2611 3537 in
2655 3489 2810 3540 dumo
2842 3482 3024 3550 Dauid
3045 3499 3143 3551 est,
3179 3489 3228 3542 in
3258 3503 3367 3542 (εωι

1841 3547 1958 3621 lesti
1990 3547 2188 3618 requie,
2219 3547 2332 3617 spe,
2357 3553 2460 3621 etsi
2488 3554 2716 3608 nonduin
2750 3556 2802 3608 in
2849 3574 2904 3610 re
2922 3547 2947 3621 ,⁷
2982 3547 3210 3612 existens
3238 3559 3371 3611 sicut

1843 3619 1972 3670 oliva
1995 3621 2275 3688 fructifera.
2299 3620 2628 3694 plivm‘euim
2661 3625 2853 3679 fructus
2886 3619 3028 3680 tarde
3058 3638 3292 3694 apparet,
3315 3634 3370 3681 et

1844 3695 2018 3764 tamen
2047 3698 2280 3764 apparet.
2295 3688 2382 3744 Sic
2395 3701 2446 3744 et
2467 3691 2665 3746 fruetus
2686 3695 2942 3761 justorutn
2974 3688 3366 3764 tarde'quidetn

1842 3758 2232 3831 eveniunt,_sed
2265 3771 2436 3813 tamen
2466 3758 2808 3829 apparebunt,
2841 3765 2905 3818 Et
2952 3767 3065 3820 ideo
3093 3758 3284 3831 positus
3322 3767 3382 3818 in.

1844 3827 2011 3903 domo
2040 3826 2148 3903 Dei,
2180 3831 2298 3903 quia
2344 3844 2444 3903 non
2475 3826 2669 3903 speravi
2697 3835 2746 3884 itt
2775 3826 3013 3903 pecunia,
3043 3826 3135 3886 sed
3183 3835 3234 3886 in
3285 3835 3380 3903 Dei

1845 3896 2201 3958 misericordia,
2235 3899 2365 3964 ipso.
2393 3896 2530 3964 dico,
2563 3896 2791 3955 ducente
2833 3918 2916 3958 tne
2940 3896 3279 3966 in'tzternutn,
3323 3902 3376 3956 id

1845 3972 1942 4028 est,
2099 3974 2344 4042 saeculum
2375 3969 2760 4024 subsecutivum
2806 3973 2953 4042 hujus
2996 3973 3183 4042 seaculi:
3231 3965 3386 4036 Quod

1846 4045 1926 4085 est
1953 4033 2159 4088 dicere:
2191 4036 2340 4101 Quod
2368 4052 2464 4104 ego
2484 4043 2676 4107 speravi
2701 4043 2750 4093 in
2779 4033 3112 4095 mireris-ordia
3143 4033 3375 4105 Deifleci

1847 4117 1948 4154 nun
1977 4118 2071 4170 pro
2093 4107 2366 4173 temporali
2397 4114 2692 4172 commodo,
2725 4113 2857 4164 sicut
2880 4113 3024 4163 multi
3056 4111 3380 4172 laciunt,sed

1849 4185 1942 4237 pro
1961 4185 2187 4244 _a:tertio.
2213 4176 2348 4244 Ego,
2390 4176 2618 4244 inquam,
2655 4180 2771 4231 talis
2814 4187 2917 4231 non
2946 4181 3254 4243 damnabor,
3283 4181 3376 4232 scd

1847 4241 2119 4307 conﬁtebor
2166 4242 2269 4305 tibi,
2305 4245 2354 4297 id
2384 4241 2494 4310 est‘,
2528 4245 2905 4300 confessionem
2952 4241 3265 4302 laudativam
3305 4247 3382 4300 fa-

1847 4310 1980 4362 ciam
2005 4311 2093 4362 tibi
2121 4311 2173 4374 in
2219 4314 2475 4375 saeculum,
2505 4314 2700 4378 idest,
2749 4319 3085 4380 aeternaliter,
3131 4321 3229 4371 hoc
3277 4329 3380 4379 est,

1848 4382 2166 4434 aeternaliter
2218 4381 2524 4436 sacriﬁcabo
2558 4384 2649 4436 tibi
2688 4387 2877 4439 vitulos
2926 4389 3199 4440 lablorem.
3240 4383 3384 4438 Beati

1849 4449 1977 4521 enim
2005 4451 2088 4516 qui
2114 4451 2333 4521 habitant
2360 4453 2412 4504 in
2437 4454 2583 4506 domo
2612 4463 2718 4521 tua,
2747 4453 2975 4518 Domine,
2997 4457 3048 4507 in
3078 4455 3263 4508 secula
3285 4469 3384 4507 sa:-

1853 4520 2078 4591 cutorum
2102 4519 2382 4591 laudabunt
2408 4530 2472 4575 te.
2506 4524 2567 4576 Et
2596 4519 2778 4577 merito
2807 4525 2894 4577 tibi
2921 4525 3230 4585 conlitebor,
3261 4523 3381 4591 quia

1853 4586 2148 4663 [ecistttale
2171 4592 2380 4663 quidem
2423 4601 2477 4663 ut
2506 4593 2584 4663 sis
2606 4594 2792 4660 dignus
2832 4593 3052 4658 laudari,
3087 4593 3247 4663 Doug,
3278 4586 3393 4646 set-

1851 4657 1991 4730 licet,
2022 4657 2381 4730 damnasti,__et
2430 4660 2590 4714 David
2625 4657 2924 4730 coronasti.
2959 4657 3050 4719 Vel
3081 4657 3246 4718 fecisii
3301 4677 3390 4730 me

1853 4726 2013 4800 talem
2036 4728 2124 4800 qui
2151 4728 2253 4800 sim,
2275 4728 2463 4800 dignus
2487 4727 2803 4786 atternaliter
2831 4744 2881 4788 te
2922 4734 3180 4787 damnari.
3212 4729 3392 4797 Con/ie

1851 4795 1990 4847 tebor
2020 4796 2109 4870 tibi
2136 4795 2365 4864 tandem,
2407 4809 2457 4852 et
2482 4815 2618 4853 nunc
2645 4802 2851 4856 interim
2882 4803 3173 4870 exspectabo
3209 4795 3388 4854 nomen

1853 4873 2016 4942 tuum,
2041 4867 2090 4919 id
2119 4875 2221 4942 est,
2253 4881 2361 4942 non
2387 4873 2713 4942 properando
2745 4867 3036 4942 praeripiam
3079 4874 3177 4924 hoc
3198 4885 3388 4923 nomen

1852 4936 1991 5002 quod
2021 4944 2102 4989 est
2131 4940 2290 5001 Deus,
2319 4937 2452 4990 sicut
2471 4939 2635 4994 Adam
2666 4936 2757 5007 qui
2782 4943 2878 4994 sibi
2900 4936 3058 4997 'Deus
3081 4954 3219 5003 esse,
3243 4949 3296 4993 et
3322 4941 3390 4992 de

1855 5017 1957 5076 suo
1981 5018 2127 5073 nutu,
2147 5019 2249 5059 non
2266 5007 2333 5060 de
2353 5017 2460 5071 tuo,
2493 5013 2654 5063 volett
2685 5013 2930 5076 pendere,
2955 5017 3043 5063 sed
3073 5010 3392 5076 exspectabo

1846 5074 2116 5146 patienter
2142 5089 2418 5144 quousque
2448 5093 2540 5146 per
2567 5074 2972 5131 misericordiam
3000 5089 3050 5131 et
3072 5074 3291 5146 gloriam
3323 5079 3389 5130 il-

1858 5143 1944 5194 lud
1975 5143 2167 5210 possim
2199 5143 2488 5214 acquirere.
2524 5149 2727 5200 Erimus
2757 5151 2893 5201 enim
2923 5143 3105 5202 omnes
3146 5147 3392 5214 sicut_dti

1859 5209 2201 5286 immortales
2224 5209 2294 5268 et'
2322 5218 2665 5286 impassibtles
2698 5220 2834 5281 laeti,
2878 5219 3024 5286 juxta
3073 5219 3196 5270 illud
3238 5233 3250 5268 :
3281 5209 3394 5282 Ego

1858 5284 1994 5334 dixi:
2017 5281 2098 5356 _Di‘i
2114 5284 2249 5337 estis.
2275 5286 2336 5356 Et
2365 5281 2554 5356 merito
2581 5303 2753 5340 nomen
2782 5281 2920 5340 tuum
2944 5287 3246 5356 exspectabo,
3279 5281 3394 5348 quo.

1859 5361 1994 5405 niam
2022 5353 2192 5420 ipsum
2219 5363 2288 5406 est
2310 5354 2515 5420 bonum,
2545 5355 2594 5407 id
2617 5369 2718 5421 est,
2748 5371 2801 5411 et
2828 5373 2984 5411 suave
3013 5353 3063 5411 et
3102 5358 3251 5410 dulce
3277 5362 3392 5414 est;

1861 5433 1914 5475 et
1941 5424 2060 5489 quia
2091 5424 2235 5488 pauci
2267 5434 2388 5474 sunt
2418 5425 2504 5490 qui
2538 5425 2708 5479 adhuc
2735 5427 3066 5492 dulcedinem
3108 5428 3247 5480 illam
3279 5436 3395 5490 pet-

1862 5501 2140 5558 ceptssent,
2169 5493 2234 5544 de
2254 5505 2352 5561 qua
2385 5494 2575 5547 dictum
2604 5508 2679 5547 est
2713 5513 2725 5546 :
2757 5494 2963 5548 Gustate
2995 5508 3038 5548 et
3069 5499 3238 5556 videte,
3266 5507 3398 5561 quo-

1863 5562 1999 5612 niam
2027 5561 2191 5613 suattis
2208 5570 2280 5614 est
2302 5559 2579 5626 Dominus;
2602 5573 2653 5614 et
2682 5564 2798 5616 ideo
2827 5567 3065 5619 nesciunt
3090 5559 3395 5616 suavitatem

1865 5632 2026 5695 illam,
2050 5632 2184 5683 sicut
2204 5641 2256 5683 et
2286 5629 2371 5683 ille
2396 5630 2480 5696 qui
2507 5630 2832 5685 dulcedinem
2866 5637 3034 5690 mellis
3066 5649 3165 5686 non
3212 5641 3398 5699 gustaq

1865 5702 1956 5763 vit,
1982 5700 2148 5753 nescit
2172 5714 2324 5768 quam
2354 5700 2505 5770 dulce
2534 5701 2634 5770 mel
2664 5704 2751 5754 sit.
2777 5703 2898 5756 Ideo
2927 5704 3104 5756 subdit
3128 5712 3179 5755 et
3208 5702 3404 5770 quibus

1865 5784 2025 5823 suave
2054 5771 2140 5834 sit,
2170 5779 2223 5824 et
2258 5768 2485 5840 quando,
2517 5768 2696 5840 dicens
2727 5788 2738 5821 :
2776 5772 3021 5834 Quoniam
3052 5768 3239 5824 nomen
3257 5777 3402 5840 tuum

1868 5842 2173 5909 estbonum,
2203 5839 2338 5909 quod
2370 5839 2636 5908 apparebit
2675 5841 2724 5898 in
2753 5849 3036 5908 conspectu,
3085 5841 3137 5895 id
3181 5849 3262 5895 est
3285 5879 3300 5907 ,
3342 5839 3429 5892 in.
