3898 6226
493 349 598 404 759

1002 344 1199 400 ΒΕΒᾸΞ
1243 339 1677 398 \‘ENERADIUS
1714 339 1860 393 OPP.
1899 335 2069 390 PARS
2109 335 2166 388 ll.
2201 335 2389 390 SECT.
2423 334 2483 387 ll.
2508 362 2575 374 -
2614 329 2808 386 DUBlA
2851 331 2935 384 ET
2971 330 3233 386 SPUllIA.
3583 323 3678 378 τσο

495 462 738 517 societate
767 469 1045 510 sanctorum
1073 470 1292 518 t-torum,
1321 453 1423 517 bis,
1453 453 1670 515 scilicet,
1701 454 1784 515 qui
1816 451 1891 502 eis
1937 463 2024 500 as-
2054 451 2098 503 Α
2131 447 2388 518 ricndum.
2420 459 2556 498 nunc
2571 457 2692 518 esse
2717 441 3018 511 dolendum,
3055 440 3176 508 quia
3226 441 3366 492 bum-
3398 436 3562 518 linear
3590 436 3680 518 ba-

497 531 846 583 sociabuntnr.

993 593 1053 647 IN
1093 591 1405 647 PSALMUM
1448 591 1549 643 ιιι.

600 692 654 744 In
691 691 842 742 linem
876 700 971 756 pro
1012 683 1346 746 Abimelech,
1380 683 1674 734 intellectus
1716 679 1901 732 David.

1088 787 1457 828 ARGUIENTUI.

564 870 635 924 Et
659 870 745 921 hic
788 868 1015 934 psalmus
1044 865 1314 918 Rabsacen
1344 862 1582 930 percutit.
1618 861 1777 934 aliter
1809 860 2043 934 increpat

503 941 707 991 Judzcos
744 928 1036 990 incredulos
1060 934 1303 997 operibus
1335 928 1581 990 negantes
1626 929 1808 982 Deum.
1841 928 2037 995 Legen-

507 1013 602 1064 dus
632 1009 695 1060 ad
724 1004 1059 1075 Evangelium
1092 1003 1336 1055 Matthxi.

1101 1109 1441 1148 EXPLANATIO.

579 1190 767 1255 [legum
793 1194 963 1238 narrat
990 1185 1213 1247 historia,
1256 1199 1375 1255 cum,
1398 1182 1559 1235 Dauid
1598 1182 1734 1255 apud
1761 1179 1911 1255 Atthis
1950 1194 2042 1255 ea:-

507 1251 714 1317 sularel,
737 1264 913 1307 etcum
939 1269 997 1306 eo
1027 1255 1339 1307 descenderet
1360 1254 1412 1305 in
1433 1266 1594 1303 castra
1615 1253 1681 1303 ad
1714 1251 2047 1315 pra'liandum

508 1336 680 1378 contra
710 1324 858 1382 Saul,
877 1324 1187 1376 latrunculos
1217 1321 1418 1374 Amalec
1446 1332 1661 1374 vastasse
1685 1322 1928 1373 civitatem
1959 1319 2046 1371 Si—

510 1395 678 1462 crlrg.
716 1394 967 1459 raptisque
1020 1392 1182 1444 David
1226 1404 1272 1444 et
1321 1392 1568 1443 sociorum
1620 1391 1729 1457 ejus
1778 1389 2045 1462 uaoribus.

511 1456 631 1531 fidis
657 1479 715 1513 ac
739 1456 1045 1524 substantiis,
1072 1462 1282 1523 abiisse;
1309 1469 1358 1531 et
1376 1462 1468 1531 hoc
1495 1456 1745 1531 comperto
1781 1456 1937 1507 Ihwid
1953 1473 2049 1531 eos

514 1527 819 1600 persecutum
845 1547 967 1600 esse,
992 1543 1038 1582 et
1063 1529 1437 1600 inter_couriv_ia
1477 1543 1568 1600 rep
1597 1535 1699 1600 rtos
1729 1527 2048 1600 internecioni

514 1597 722 1652 dedisse.
748 1598 1002 1651 Intellexit
1029 1615 1143 1667 ergo
1177 1597 1335 1650 David
1364 1597 1614 1649 Christum
1643 1598 1702 1646 de
1741 1612 1832 1667 sul)
1869 1598 2052 1649 semine

518 1672 838 1732 nasciturum,
857 1664 1169 1736 gentiumque
1193 1669 1549 1736 persecutiones
1577 1675 1751 1716 contra
1774 1664 2051 1736 Ecclesium

518 1740 648 1808 ejus,
675 1739 820 1804 quasi
850 1733 1048 1790 Amalec
1075 1733 1246 1788 contra
1271 1734 1465 1804 Siceleg
1494 1736 1737 1808 civitatem
1762 1733 1921 1808 David
1949 1751 2053 1808 esse

515 1801 790 1870 cariturus,
818 1808 902 1859 sed
948 1808 1142 1858 easdem
1182 1821 1298 1857 mox
1351 1820 1410 1856 re
1436 1801 1646 1854 'animas
1684 1819 1806 1869 quas
1845 1804 1904 1854 de
1951 1801 2050 1854 Ec-

517 1878 668 1931 clesia
698 1885 966 1941 rapuerant
997 1877 1180 1938 possint
1209 1876 1448 1933 occidere,
1482 1873 1677 1924 Christo
1704 1873 1905 1930 victore.
1937 1890 2055 1936 pro-

522 1952 831 2010 sternendas,
856 1943 931 1998 vel
957 1947 1023 1995 ad
1045 1945 1190 2010 ﬁdem
1227 1945 1431 2004 scilicet,
1476 1944 1548 1993 vel
1577 1943 1643 1993 ad
1668 1942 2051 1993 damnationem.

521 2013 586 2068 Et
607 2016 720 2068 ideo
743 2025 869 2066 recte
895 2013 1068 2064 titulus
1087 2013 1207 2062 dicit
1236 2027 1252 2064 :
1279 2011 1340 2062 In
1371 2013 1468 2077 [ine
1507 2028 1598 2080 pro
1630 2011 1849 2071 Amalec,
1877 2010 1929 2062 id
1956 2021 2052 2070 est,

523 2088 573 2135 in
610 2083 861 2134 Christum
890 2098 979 2149 pro
1019 2082 1242 2149 gentibus
1270 2081 1543 2132 intellectus
1590 2080 1766 2141 David,
1793 2080 1909 2146 quia
1952 2080 2058 2146 ipse

525 2152 769 2204 intellexit
790 2153 908 2218 quid
949 2153 1051 2201 hac
1079 2163 1187 2216 qua!
1216 2160 1431 2218 gesserat
1460 2151 1678 2217 mysterii
1724 2150 1958 2202 salutaris
1988 2160 2057 2201 te-

529 2230 715 2273 nerent.
740 2222 941 2274 Amalec
969 2221 1317 2286 interpretatur
1362 2221 1580 2284 populus
1627 2218 1859 2270 lambens
1887 2259 1900 2277 ,
1943 2221 2058 2285 quia

526 2292 609 2352 qui
640 2301 831 2342 terrena
873 2290 1078 2341 nimium
1117 2289 1394 2341 desiderant
1414 2330 1426 2348 .
1458 2291 1607 2340 etiam
1634 2287 1894 2340 ambiendo
1915 2289 2059 2352 quasi

527 2359 740 2412 lambere
767 2360 1013 2412 videntur.
1045 2356 1146 2410 I'ro
1175 2359 1350 2409 horum
1377 2373 1495 2426 ergo
1517 2359 1830 2426 conversione
1862 2356 1935 2409 vel
1963 2374 2056 2424 pu-

528 2431 709 2480 nitione
727 2433 946 2495 psalmus
968 2437 1058 2478 iste
1079 2427 1344 2494 (armatur.
1362 2429 1425 2479 ln
1451 2429 1612 2494 primo
1639 2425 1854 2478 membro
1884 2428 2062 2490 psalmi

533 2497 755 2550 Ecclesia
783 2499 1020 2560 loquitur,
1043 2500 1303 2565 increpans
1325 2512 1405 2548 eos
1427 2496 1509 2561 qui
1533 2496 1606 2547 vel
1635 2495 1783 2549 corde
1807 2498 1880 2546 vel
1919 2511 2064 2561 opere

529 2582 777 2633 corrump:
812 2583 907 2619 non
932 2575 1172 2618 metuunt.
1198 2566 1259 2617 In
1282 2568 1498 2617 secundo
1521 2565 1641 2616 dicit
1671 2581 1753 2618 ros
1783 2577 2064 2630 recepturos

529 2640 660 2687 mala
689 2639 800 2702 quia
825 2638 1022 2702 fecerint
1062 2634 1374 2689 Christianis.
1402 2633 1467 2687 In
1505 2637 1646 2688 tertio
1694 2634 1869 2699 ﬁdeles
1901 2642 2064 2686 monet

529 2707 866 2769 n'quanimiter
894 2705 1065 2758 sicculi
1120 2708 1248 2772 ferre
1291 2707 1542 2758 molestias
1564 2742 1577 2760 .
1629 2707 1784 2756 donec
1804 2704 2060 2772 judicium

532 2776 804 2843 niajestatis
832 2776 1081 2840 adveniat,
1111 2771 1192 2827 ubi
1233 2790 1398 2827 omnes
1443 2773 1568 2826 beati
1607 2773 1909 2839 induantur,
1941 2771 2068 2825 bona

530 2845 788 2912 recipient.

1095 2926 1506 2968 COMMENTARIUS.

606 3005 741 3058 Dixit
770 3004 1007 3070 insipiens
1047 3003 1100 3055 in
1136 3002 1286 3056 corde
1316 3019 1407 3056 suo
1446 3019 1545 3055 non
1584 3011 1654 3055 est
1682 2999 1837 3070 Deus.
1863 2999 2068 3054 Titulus

534 3088 606 3127 εει
640 3077 754 3128 tatis
787 3092 797 3126 :
828 3069 890 3124 In
912 3073 1060 3138 ﬁnem
1088 3090 1179 3142 pro
1211 3074 1430 3136 Amalec,
1461 3072 1540 3142 vel
1589 3085 1683 3142 pro
1728 3069 1949 3134 Melech,
1987 3085 2068 3122 m-

538 3147 753 3196 tellectus
794 3139 1097 3208 ipsiDavidf
1138 3142 1347 3195 Amalec
1387 3141 1604 3209 populus
1631 3139 1728 3209 fuit
1773 3151 2071 3205 persecutor

537 3215 698 3266 sancti
730 3212 906 3274 David,
939 3224 990 3266 et
1036 3215 1178 3277 regni
1210 3214 1272 3264 ad
1305 3208 1469 3278 ipsum
1510 3208 1846 3276 pertinentis,
1892 3211 1939 3258 id
1970 3219 2069 3273 est,

538 3281 856 3344 lsraeliticaa,
887 3281 1076 3348 gentis.
1108 3281 1202 3347 Qui
1245 3281 1439 3334 scilicet
1470 3281 1679 3332 Amalec
1717 3279 1922 3348 Siceleg
1946 3279 2071 3331 civi-

542 3361 696 3404 tatem
718 3347 1006 3414 succendit,
1037 3360 1088 3403 et
1116 3351 1235 3403 inde
1262 3365 1474 3404 uxorem
1509 3349 1668 3402 David
1722 3357 1775 3401 et
1819 3347 2070 3401 familiam

540 3434 656 3472 cum
689 3421 929 3474 facultate
951 3421 1063 3487 ejus
1101 3421 1334 3487 diripttit.
1371 3423 1433 3472 Et
1473 3421 1884 3482 interpretantur
1910 3421 2072 3469 Ama-

543 3490 709 3542 lecita:
755 3492 998 3557 tingentes
1047 3499 1249 3556 terram,
1283 3504 1374 3557 per
1421 3504 1553 3556 quos
1599 3497 1861 3539 amatores
1893 3487 2074 3540 mundi

542 3558 915 3626 intelliguntur.
942 3562 1006 3612 de
1031 3560 1216 3628 quibus
1239 3571 1451 3610 necesse
1475 3565 1555 3608 est
1578 3567 1628 3607 ut
1645 3563 1905 3628 amatores
1931 3558 2073 3628 caeli,

542 3630 626 3691 qui
660 3625 748 3692 per
783 3629 941 3679 David
997 3625 1372 3695 intelliguntur,
1419 3626 1829 3695 persecutionem
1873 3625 2074 3695 patian-

549 3704 649 3746 tur.
681 3696 885 3746 Titulus
915 3697 991 3749 sic
1019 3693 1294 3762 exponitur
1323 3713 1335 3746 :
1367 3695 1486 3748 [huc
1516 3695 1668 3746 verba
1702 3694 1993 3747 referuntur
2021 3693 2071 3746 in

549 3764 705 3831 linem
750 3773 1063 3831 temporum,
1111 3765 1159 3817 id
1213 3773 1327 3823 est,
1368 3766 1430 3816 ad
1479 3763 1744 3818 Christum
1797 3771 1973 3814 natum
2021 3763 2073 3815 in

546 3830 649 3882 line
678 3830 1150 3899 temporumJuxta
1178 3835 1312 3899 quod
1341 3834 1413 3886 ait
1436 3833 1714 3897 Apostolus
1749 3849 1759 3883 :
1798 3831 2077 3884 Novissime

545 3900 682 3970 nobis
710 3901 905 3952 locutus
929 3910 999 3952 est
1035 3903 1086 3953 in
1117 3902 1272 3964 Filio,
1304 3910 1356 3954 et
1401 3901 1520 3970 quia
1562 3903 1800 3954 Christus
1828 3910 1906 3953 est
1938 3902 2074 3961 linis,

549 3967 603 4021 in
632 3983 784 4031 quem
835 3971 1081 4036 quidquid
1131 3971 1252 4022 boni
1284 3967 1482 4037 agimus
1532 3970 1826 4034 dirigimus,
1876 3976 1927 4019 et
1974 3985 2076 4032 quo

551 4037 740 4101 adepto
786 4040 913 4091 nibil
960 4039 1203 4105 estquod
1254 4040 1385 4089 ultus
1445 4047 1700 4105 petamus.
1747 4037 1874 4102 Quae
1921 4038 2076 4090 verba

553 4117 671 4157 sunt
693 4109 984 4171 prepositus
1011 4108 1301 4160 intellectus
1327 4105 1421 4171 ipsi
1453 4106 1725 4171 David,vel
1756 4105 2078 4172 dignioribus

550 4173 618 4226 de
643 4189 859 4240 corpore
879 4175 1092 4237 Christi,
1123 4191 1213 4238 pro
1241 4180 1470 4239 Atnalec,
1502 4176 1550 4227 id
1582 4185 1680 4238 est,
1715 4190 1807 4240 pro
1830 4189 2079 4240 persecu~

551 4244 713 4294 tione.
749 4243 1030 4307 ltedargoit
1055 4245 1193 4296 enim
1227 4243 1475 4308 propheta
1507 4246 1556 4295 in
1588 4246 1684 4295 hoc
1715 4251 1915 4308 psalmo
1962 4258 2078 4307 per-

548 4320 816 4362 secutores
847 4311 1078 4375 corporis
1104 4309 1319 4371 Christi,
1351 4323 1401 4361 et
1429 4312 1733 4364 exhortatur
1761 4313 1928 4376 ipsum
1956 4327 2076 4364 cor-

553 4391 669 4443 pus,
694 4377 740 4428 id
771 4387 868 4439 est,
902 4379 1209 4442 Ecclesiam,
1233 4388 1286 4431 ut
1315 4395 1431 4430 cum
1462 4381 1602 4432 onmi
1641 4381 1887 4447 patientia
1918 4382 2076 4431 susu-

553 4432 674 4499 ᾖεκὶ
704 4432 1083 4515 tribulationem
1127 4432 1209 4501 et'
1228 4432 1664 4512 persecutionem,
1688 4459 1842 4515 atque
1870 4450 2076 4501 tandem
2109 4432 2156 4488 θ

555 4515 733 4568 inserit
770 4514 930 4579 ipsius
954 4516 1190 4583 corporis
1229 4518 1660 4570 consolationem.
1698 4514 1842 4571 Unde
1870 4516 1996 4569 dicit
2026 4522 2078 4571 in

554 4583 702 4658 titulo
727 4584 861 4645 quod
893 4584 960 4635 sit
1003 4587 1230 4658 psalmus
1283 4589 1381 4658 iste
1428 4588 1744 4651 intellectus,
1788 4589 2079 4654 pr0positns

531 4651 773 4711 ﬁdelibus
799 4665 893 4720 pro
907 4656 1285 4717 persecutione,
1309 4657 1527 4722 scilicet,
1553 4667 1607 4708 ut
1630 4651 1922 4723 intelligunt
1948 4658 2080 4709 tole-

553 4723 767 4774 randam
794 4735 911 4772 esse
943 4724 1375 4786 perseeutioncm,
1403 4731 1517 4790 quia
1552 4729 1702 4776 tinem
1735 4728 1944 4778 habebit
1967 4741 2078 4790 per-

554 4791 771 4855 secutio,
793 4791 882 4842 sed
915 4791 1181 4858 pr:rmium
1205 4797 1580 4859 persecutionis
1610 4796 1765 4845 linem
1797 4808 1897 4844 non
1921 4795 2080 4846 babe-

555 4860 646 4911 ltit.
684 4859 769 4912 Vel
804 4876 893 4924 pro
923 4861 1136 4923 Melech,
1187 4877 1238 4911 ut
1269 4860 1613 4929 Hieronymus
1644 4865 1787 4926 dicit,
1814 4863 2080 4926 interpre-

555 4939 689 4978 tatur
717 4931 1013 4994 parturieus,
1047 4932 1158 4982 sive
1179 4932 1371 4982 dolens.
1401 4933 1526 4995 Quis
1554 4945 1723 4982 autem
1753 4931 1944 4982 incest
1965 4945 2080 4996 par-

556 4998 769 5060 turiens,
802 4999 910 5048 sive
940 5000 1152 5051 dolens?
1181 5001 1398 5065 Corpus,
1431 5002 1650 5062 scilicet,
1681 5000 1897 5052 Christi.
1929 4999 2079 5052 Dolet

554 5067 695 5137 enim
727 5067 904 5137 videns
945 5073 1080 5133 quod
1110 5071 1224 5135 quia
1259 5070 1675 5136 superabundabit
1713 5070 1970 5137 iniquitas,
1998 5084 2079 5119 re-

552 5136 694 5203 frixit
723 5136 941 5186 εήαιὶιαι
969 5139 1260 5188 multorum.
1308 5140 1532 5191 l'arturit
1561 5154 1683 5192 vero
1705 5136 1823 5191 illos
1867 5139 2080 5192 eosdem

551 5220 646 5329 pro
679 5204 859 5282 quibus
876 5205 1167 5281 dolet,cum
1194 5207 1394 5276 aliquos
1418 5223 1483 5261 ex
1511 5211 1586 5263 eis
1605 5210 1777 5274 impiis
1803 5207 1923 5262 facit
1944 5209 2077 5273 pios.

595 5285 816 5326 arturtre
862 5287 998 5325 enim
1045 5283 1124 5324 est
1169 5287 1286 5326 cum
1336 5278 1593 5329 laborare.
1630 5278 1776 5329 Unde
1822 5278 2077 5329 quoddam

595 5275 816 5326 arturire
862 5274 998 5344 enim
1045 5283 1124 5324 est
1169 5274 1294 5326 cum
1336 5278 1593 5330 laborare.
1630 5278 1776 5331 Unde
1822 5278 2079 5344 quoddam

550 5344 841 5415 membrum
876 5342 1027 5415 hujus
1076 5344 1309 5415 corporis
1359 5346 1610 5400 charitate
1656 5342 1925 5415 prtegnans
1953 5347 2079 5415 _ait:

552 5410 727 5462 Filioli
791 5413 924 5474 mei,
984 5425 1106 5478 quos
1157 5414 1330 5463 iterum
1398 5410 1670 5480 parturit);
1713 5410 1870 5467 donec
1935 5413 2081 5467 Chri-

550 5491 655 5532 stus
684 5482 922 5548 formetur
946 5481 997 5530 in
1023 5481 1176 5533 vobis.
1214 5482 1304 5534 list.
1334 5483 1505 5549 itaque
1536 5487 1762 5549 psalmus
1802 5487 1902 5538 iste
1926 5485 2078 5537 intel-

552 5549 715 5601 lectus
741 5550 1039 5616 propositus
1068 5549 1164 5616 ipsi
1199 5550 1359 5606 David
1388 5567 1482 5619 pro
1512 5553 1729 5614 Melecb,
1757 5555 1808 5607 id
1839 5566 1938 5619 est,
1988 5569 2081 5619 pro

550 5619 890 5692 parturiente,
927 5620 1039 5672 sive
1066 5621 1292 5692 dolente,
1332 5625 1428 5674 hoc
1456 5632 1556 5684 est,
1589 5633 1641 5672 ut
1670 5623 1921 5692 intelligat
1959 5638 2077 5675 cor-

555 5701 647 5747 pus
688 5687 882 5742 curiati
913 5689 1201 5755 parturiens
1250 5703 1300 5745 et
1348 5693 1531 5746 dolens
1575 5706 1713 5744 nunc
1767 5687 1879 5747 esse
1913 5705 2080 5762 partu-

2133 516 2350 578 bebunt,
2405 514 2617 580 praemia
2663 507 2786 563 vero
2831 525 3012 580 eorum
3074 505 3346 580 numquam
3410 505 3674 559 habebunt

2135 585 2312 636 ﬁnem.
2359 579 2424 635 Et
2449 582 2715 645 redarguit
2750 581 2831 632 hic
2860 579 3107 644 propheta
3154 579 3272 631 illos
3302 591 3518 642 prop'er
3547 588 3683 633 quos

2134 666 2323 718 corpus
2344 651 2537 704 Christi
2568 650 2732 709 dolet,
2756 659 2912 716 atque
2941 649 3181 718 demum,
3205 650 3342 699 sicut
3368 645 3678 718 ῃςπξόιειυςρ

2135 712 2241 788 est,
2259 721 2666 774 consolationem
2696 720 2810 788 eius
2830 712 3115 788 interserit.
3141 716 3216 770 Ne
3234 712 3508 788 siiperilue
3542 712 3682 788 ρίπιτ

2137 780 2254 843 mus
2282 791 2379 842 iste
2425 791 2675 856 repetitus
2702 780 2978 848 videatur,
3017 787 3133 849 quia
3182 785 3248 838 ad
3278 784 3422 837 aliud
3459 783 3566 856 hic,
3612 780 3678 833 ad

2139 859 2276 912 aliud
2305 853 2561 926 superius,
2587 857 2973 908 intendebatur.
3016 857 3118 918 Qui
3150 868 3299 926 vero
3327 861 3452 926 sunt
3483 853 3556 926 illi
3591 863 3685 913 pro

2141 929 2327 992 quibus
2372 922 2514 980 dolet
2561 938 2614 980 et
2669 926 2892 992 parturit
2942 938 3134 990 corpus
3179 922 3394 984 Christi,
3452 923 3684 992 psalmus

2142 988 2239 1050 iste
2269 999 2434 1063 aperit
2463 995 2643 1048 dicens
2671 988 2683 1044 Ξ
2718 993 2968 1059 [nsipiens
2999 988 3365 1063 populus‘non
3398 988 3682 1063 providens

2143 1067 2239 1119 sibi
2275 1058 2324 1118 in
2355 1065 2606 1125 futurum,
2637 1063 2768 1114 dixit
2797 1064 2915 1128 quia
2962 1058 3077 1112 non,
3103 1071 3174 1113 est
3225 1059 3382 1112 Deus.
3415 1058 3478 1110 Et
3507 1061 3606 1111 hoc
3632 1060 3685 1109 in

2144 1136 2292 1188 corde
2316 1150 2427 1194 suo,
2460 1133 2510 1186 id
2535 1142 2638 1192 est,
2666 1133 2716 1183 in
2743 1132 3060 1198 cogitatione
3089 1144 3203 1183 sua.
3238 1129 3381 1182 Multi
3412 1129 3569 1179 etiam
3597 1141 3688 1179 ore

2146 1205 2331 1257 dicunt
2348 1203 2468 1271 quia
2498 1217 2600 1254 non
2627 1200 2893 1271 est_Deus.
2911 1200 3022 1271 Sed
3067 1198 3686 1271 utuniversalite‘ruaccif

2149 1265 2380 1335 paretur,
2406 1271 2523 1323 ideo
2543 1271 2680 1323 dixit
2707 1267 2768 1320 In
2800 1268 2950 1321 corde
2976 1285 3082 1321 suo.
3107 1269 3303 1319 Omnes
3324 1267 3464 1318 enim
3495 1266 3566 1317 illi
3593 1265 3680 1330 qui

2147 1342 2374 1406 cogitant
2398 1340 2504 1392 Deo
2527 1343 2729 1406 placere
2747 1339 3071 1406 iniquitatem
3101 1337 3410 1406 suam,quia
3439 1348 3685 1400 superse-

2149 1404 2235 1462 det
2262 1425 2289 1461 a
2321 1404 2563 1473 vindicta,
2611 1424 2706 1462 nec
2756 1404 2931 1460 statim
2963 1406 3110 1471 punit
3142 1419 3282 1467 eam,
3319 1404 3480 1460 Deum
3511 1416 3689 1469 aperte

2153 1495 2253 1532 non
2281 1493 2398 1532 esse
2426 1478 2622 1531 dicunt.
2655 1476 2784 1541 Quia
2815 1474 2860 1528 si
2889 1474 3025 1528 Deus
3054 1485 3155 1534 est,
3184 1473 3490 1527 necessario
3517 1474 3686 1537 justus

2150 1560 2258 1612 est;
2289 1557 2343 1600 et
2367 1549 2409 1600 si
2428 1550 2598 1616 justus
2617 1557 2716 1608 est,
2748 1545 2886 1616 nulla
2914 1545 2960 1598 ei
2986 1543 3230 1611 iniquitas
3252 1543 3538 1616 plaeetJIIi
3567 1555 3687 1616 vero

2151 1610 2588 1684 qut'iniquiiatem
2615 1619 2662 1669 ei
2711 1615 2918 1684 placere
2944 1623 3144 1680 putant,
3179 1610 3300 1681 quia
3331 1612 3605 1665 destruunt
3638 1613 3687 1661 in

2153 1701 2218 1738 eo
2235 1683 2458 1751 justum,
2481 1685 2752 1738 destruunt
2781 1692 2832 1735 et
2861 1683 3041 1736 Deum.

2091 1772 2130 1829 Β
2172 1822 2199 1829 _
2225 1749 2459 1829 Corrupti
2485 1763 2619 1807 sunt.
2648 1752 2898 1818 Insipiens
2932 1751 3154 1829 populus
3183 1749 3313 1802 dicit
3351 1750 3472 1829 quia
3498 1758 3689 1828 nou-cst

2160 1822 2324 1886 Deus;
2349 1818 2446 1876 huc
2474 1833 2646 1877 autem
2675 1837 2776 1875 non
2795 1831 2874 1875 est
2902 1821 3050 1887 culpa
3082 1828 3308 1881 naturaz,
3331 1819 3426 1872 sed
3455 1818 3570 1882 quia
3595 1819 3688 1883 ipsi

2157 1893 2387 1960 eorrupti
2417 1901 2539 1945 sunt
2566 1912 2592 1944 a
2621 1893 2754 1944 bona
2780 1899 2986 1953 natura,
3016 1889 3065 1942 in
3088 1903 3187 1956 qua
3213 1890 3376 1940 creati
3400 1889 3688 1960 sunt,juxt_a

2157 1959 2280 2014 illud
2310 1957 2329 2014 Ξ
2357 1960 2422 2014 Et
2439 1963 2562 2015 uidit
2587 1961 2721 2015 Deus
2740 1971 2919 2013 cuncta
2947 1975 3058 2029 qute
3079 1959 3287 2029 fecerat,
3322 1967 3368 2009 et
3395 1957 3689 2029 erantsslt‘le

2158 2033 2306 2085 bona.
2343 2032 2480 2083 Bona
2507 2031 2645 2084 enim
2675 2038 2857 2082 natura
2894 2025 2967 2081 in'
2991 2025 3200 2082 homine
3231 2029 3350 2092 luit,
3380 2027 3606 2092 quandiu
3640 2025 3687 2078 in

2161 2101 2485 2166 plenitudine
2521 2100 2728 2153 virtutis
2776 2099 2986 2166 mansit,
3032 2097 3150 2163 quia
3206 2099 3402 2150 boaam
3461 2107 3689 2147 naturam

2162 2165 2559 2234 praevaricando
2594 2168 2785 2222 amisit.
2818 2165 3052 2234 Corrupti
3079 2175 3210 2228 sunt,
3245 2167 3484 2232 inquam,
3515 2177 3564 2218 et
3585 2166 3691 2218 ideo

2161 2239 2281 2307 facti
2303 2247 2416 2292 sunt
2454 2255 2484 2290 α
2513 2238 2730 2307 Domino
2751 2235 3124 2307 abominabiles,
3150 2235 3203 2307 id
3231 2247 3337 2299 est,
3369 2236 3690 2307 Aexltrretlati

2161 2305 2215 2359 et
2255 2307 2624 2362 exsecrabiles.
2673 2305 2908 2373 Quandlu
2952 2305 3088 2358 enim
3147 2306 3280 2357 bene
3329 2305 3521 2370 aliquis
3574 2305 3685 2364 agit,

2168 2376 2348 2429 tandiu
2392 2386 2587 2429 tantum
2638 2375 2884 2428 Dominus
2916 2374 3273 2427 hereditatem
3323 2373 3373 2425 ei
3432 2373 3688 2438 promittit,

2165 2447 2283 2509 ipsi,
2315 2446 2454 2510 dico,
2495 2458 2646 2499 entes
2681 2446 2732 2496 in
2782 2445 3157 2510 iniquitatibus,
3192 2443 3238 2494 id
3280 2453 3392 2502 eat,
3434 2459 3536 2492 non
3563 2450 3689 2492 oest-

2163 2525 2364 2634 ztentes
2391 2517 2456 2570 ab
2485 2516 2774 2583 iniquitate,
2806 2514 2922 2580 quia
2953 2529 3052 2575 non
3099 2521 3168 2565 est
3209 2527 3262 2575 tn
3310 2513 3392 2565 eis
3437 2514 3524 2578 qui
3555 2513 3689 2578 faciat

2198 2601 2368 2634 onum.

2198 2601 2368 2636 unum.

2237 2654 2372 2705 Deus
2399 2653 2460 2705 de
2480 2651 2600 2705 ccelo
2623 2653 2895 2719 prospexit.
2919 2648 3023 2702 Cor
3049 2649 3256 2718 quidem
3285 2649 3582 2719 insipientis
3605 2664 3688 2702 au-

2169 2723 2270 2776 fert
2300 2721 2483 2786 Deum,
2509 2736 2600 2774 cor
2624 2718 2831 2789 quidem
2859 2720 3126 2788 sapientis,
3161 2718 3210 2771 id
3257 2731 3363 2780 eSt,
3392 2718 3541 2786 justi,
3565 2720 3689 2784 ponit

2170 2791 2349 2852 Deum,
2381 2792 2498 2858 quia
2520 2790 2585 2844 de
2607 2795 2760 2854 caelo,
2789 2791 2838 2843 id
2860 2799 2961 2854 est,
2988 2789 3052 2842 de
3073 2791 3231 2841 corde
3257 2789 3407 2854 justi,
3433 2791 3564 2851 quod
3579 2789 3692 2840 ideo

2167 2861 2358 2914 cwlum
2397 2861 2604 2923 dicitur,
2626 2863 2743 2928 quia
2772 2874 2980 2926 semper
3010 2859 3058 2910 in
3107 2859 3241 2912 caelo
3268 2867 3620 2917 conversatur,
3644 2869 3691 2909 et

2169 2932 2254 2983 ubi
2289 2931 2424 2984 Deus
2453 2931 2782 2996 manel,quia
2804 2943 2972 2981 anztna
2990 2928 3112 2994 justi
3138 2928 3290 2980 sedes
3310 2939 3390 2982 est
3420 2928 3688 2996 sapientia.

2170 2999 2244 3052 De
2271 3000 2384 3062 illo,
2413 3001 2643 3065 inquam,
2684 2995 2815 3057 calo
2862 2998 3115 3066 prospexit
3151 2998 3315 3060 Deus,
3349 2996 3398 3066 il
3431 3006 3526 3053 est.
3570 2995 3691 3048 Deus

2173 3069 2294 3121 iecit
2323 3069 2448 3121 illud
2479 3064 2701 3131 attalum,
2736 3070 2782 3120 id
2824 3064 2940 3129 est,
2994 3068 3162 3133 justus
3216 3064 3513 3130 prospicere
3559 3081 3689 3124 sum

2173 3138 2305 3206 ﬁlios
2332 3137 2609 3201 hominum,
2650 3140 2698 3190 id
2730 3147 2830 3202 est,
2871 3153 2898 3186 a
2942 3139 3092 3202 longe
3125 3137 3246 3206 fecit
3284 3136 3520 3206 aspicere
3570 3135 3691 3186 lnios

2172 3203 2462 3269 hominum.
2483 3207 2532 3259 id
2553 3216 2655 3269 est,
2679 3208 2814 3258 male
2831 3216 3108 3272 operantes
3129 3218 3158 3254 a
3180 3204 3353 3270 longe,
3373 3203 3577 3269 quidem
3599 3219 3689 3254 non

2170 3277 2455 3330 secundum
2486 3277 2678 3336 locum,
2701 3276 2793 3327 sed
2833 3275 3117 3328 secundum
3142 3272 3448 3340 dignitatem
3483 3285 3683 3329 tuorum,

2173 3345 2316 3410 ipsos
2361 3345 2479 3398 dico
2510 3345 2702 3411 positos
2754 3358 2845 3411 per
2872 3344 3174 3411 dignitatem
3210 3356 3370 3408 super
3407 3355 3515 3393 eos.
3561 3340 3689 3393 Solet

2173 3428 2395 3481 namque
2415 3427 2562 3466 sacra
2583 3412 2849 3479 Scriptura
2877 3428 2938 3464 ea
2966 3428 3079 3480 qua:
3111 3425 3203 3476 per
3235 3411 3493 3481 nosDeus
3522 3425 3684 3476 opers-

2171 3494 2257 3535 tur
2311 3479 2407 3548 ipsi
2455 3483 2774 3542 attribuere,
2829 3492 2879 3535 ut
2922 3479 3005 3533 ubi
3057 3482 3248 3532 dicitur
3294 3479 3687 3547 :lpsequidcut

2174 3551 2399 3617 Spiritus
2419 3553 2636 3619 postulat
2660 3567 2750 3620 pro
2780 3553 2937 3607 nobis.
2967 3552 3013 3602 id
3045 3560 3145 3614 est,
3175 3552 3438 3615 postulare
3467 3560 3570 3620 nos
3583 3550 3688 3601 facit

2173 3615 2429 3688 gentilibus
2459 3615 2906 3683 inenarrabilibus;
2933 3631 2980 3672 et
3015 3625 3132 3672 item
3165 3643 3177 3670 ;
3214 3620 3435 3684 Spiritus
3457 3615 3544 3668 Dl’i
3569 3633 3691 3668 scru-

2175 3701 2312 3741 tatur
2333 3691 2518 3752 omnia,
2540 3694 2683 3740 etiam
2709 3695 2863 3753 ipsum
2888 3691 3201 3740 altitudinem
3224 3688 3356 3749 caeli,
3382 3688 3429 3738 id
3446 3697 3542 3752 est,
3567 3703 3691 3739 scru-

2177 3761 2273 3811 tari
2303 3774 2396 3811 nos
2424 3760 2569 3817 iacit;
2602 3769 2653 3811 et
2679 3777 2688 3809 :
2715 3759 2887 3810 Tentat
2910 3773 2999 3810 nos
3027 3760 3178 3819 Deus,
3214 3767 3266 3806 ut
3289 3757 3435 3818 sciat,
3461 3757 3505 3807 id
3535 3767 3626 3815 est,
3646 3766 3690 3807 ut

2175 3831 2314 3880 scire
2364 3841 2456 3879 nos
2508 3826 2680 3878 iaciat.
2713 3827 2798 3880 Sic
2828 3838 2880 3879 et
2935 3827 3020 3878 hic
3047 3826 3238 3878 dicitur
3269 3841 3283 3876 :
3319 3824 3451 3877 Deus
3484 3827 3543 3878 de
3587 3831 3690 3877 casto

2177 3897 2449 3960 prospexit,
2476 3894 2521 3945 id
2546 3905 2647 3959 est,
2681 3897 2796 3948 iecit
2831 3897 3018 3949 coelum
3052 3893 3351 3962 prospicere
3394 3912 3539 3961 super
3575 3897 3690 3962 ﬁlios

2177 3966 2453 4025 hominum,
2482 3965 2544 4016 ad
2573 3965 2670 4018 hoc
2695 4006 2708 4027 ,
2750 3977 2802 4017 ut
2830 3968 3014 4026 videat,
3048 3966 3097 4017 id
3125 3976 3227 4026 est,
3256 3975 3310 4016 ut
3337 3965 3509 4018 videre
3539 3966 3685 4030 ipsum

2177 4037 2366 4086 (telum
2394 4037 2566 4099 lactat,
2598 4048 2649 4087 et
2670 4036 2955 4102 dijudicare
2980 4039 3021 4086 si
3049 4044 3120 4086 est
3155 4037 3289 4086 inter
3319 4036 3433 4086 illos
3461 4035 3587 4085 lilios
3611 4039 3684 4084 ho-

2177 4104 2375 4154 minum
2408 4106 2597 4169 aliquis
2642 4105 2917 4171 intelligens
2948 4103 3109 4156 Deum
3135 4103 3317 4166 corde,
3346 4113 3433 4154 aut
3460 4104 3684 4170 requirens

2178 4187 2358 4239 opere.
2383 4176 2530 4234 Quod
2560 4187 2679 4224 vere
2710 4188 2810 4224 non
2839 4177 2937 4237 est,
2979 4175 3096 4239 quia
3143 4189 3312 4224 omnes
3343 4174 3686 4224 declinem-runt

2179 4241 2229 4292 in
2261 4242 2486 4301 malum;
2515 4241 2684 4306 simul,
2712 4242 2760 4293 id
2787 4252 2884 4304 est,
2909 4255 2961 4296 et
2987 4245 3051 4293 de
3079 4242 3270 4294 Judaeis
3290 4253 3341 4295 ct
3369 4244 3434 4294 de
3455 4244 3682 4307 gentibus.

2182 4307 2244 4359 Et
2272 4311 2388 4360 ideo
2414 4311 2535 4376 facti
2569 4319 2683 4361 sunt
2711 4309 2930 4369 inutiles.
2956 4310 3086 4363 adeo
3114 4312 3248 4374 quod
3298 4327 3398 4362 non
3444 4320 3513 4363 est
3551 4312 3595 4362 in
3621 4324 3685 4361 ets

2178 4378 2262 4441 qui
2294 4379 2446 4446 faciat
2478 4377 2682 4441 bonum,
2713 4395 2814 4430 non
2853 4389 2943 4444 est,
2969 4380 3104 4440 diu),
3136 4396 3290 4446 usque
3334 4382 3401 4430 ad
3433 4396 3573 4430 unum
3596 4422 3608 4441 ,
3645 4380 3683 4430 id

2178 4455 2278 4507 est,
2309 4463 2402 4497 nec
2435 4462 2595 4509 unus,
2628 4451 2706 4499 vel
2753 4463 2912 4514 usque
2961 4450 3022 4499 ad
3074 4448 3215 4500 illum
3267 4452 3353 4514 qui
3406 4449 3683 4512 perttttetad

2180 4531 2357 4578 unum,
2391 4519 2454 4568 ad
2483 4517 2771 4583 Christum,
2799 4519 2886 4586 qui
2930 4532 3062 4571 unus
3107 4525 3208 4581 est,
3242 4519 3537 4570 multorum.
3589 4517 3636 4570 ι’.
3659 4519 3684 4568 ιι

2178 4600 2400 4652 namque
2464 4587 2731 4640 hominum
2801 4594 3042 4640 dicuntur
3114 4589 3411 4654 quicunque
3479 4588 3686 4639 luuuiues

2177 4655 2297 4706 dtttn
2330 4655 2461 4705 male
2487 4667 2662 4721 agunt.
2696 4655 2810 4708 Filii
2837 4672 2959 4710 vero
3000 4657 3088 4709 Dei
3118 4659 3386 4719 dicuntur,
3419 4659 3534 4710 dum
3568 4660 3682 4708 bene

2177 4735 2357 4788 agunt,
2389 4739 2507 4789 quia
2542 4729 2630 4776 Ille
2667 4726 2732 4777 de
2764 4728 2882 4778 lilits
2935 4728 3206 4779 hominum
3262 4729 3397 4778 bene
3448 4730 3682 4791 operando

2180 4793 2298 4842 lecu
2332 4793 2466 4841 lilios
2498 4793 2610 4853 Dei,
2635 4796 2718 4860 qui
2753 4794 2872 4845 fecit
2904 4796 3060 4846 [illum
3100 4797 3188 4846 Dei
3213 4811 3328 4845 esse
3359 4799 3510 4845 litium
3543 4799 3683 4844 Immi-

2181 4863 2284 4912 nis.
2316 4860 2456 4910 Fecit
2485 4864 2620 4914 enim
2654 4863 2795 4914 tllutu
2839 4864 3143 4928 participem
3191 4878 3308 4914 esSe
3338 4876 3518 4914 nostra:
3545 4882 3681 4915 inise-

2178 4930 2291 4990 ηδε,
2324 4940 2377 4980 ιιι
2407 4946 2501 4982 nos
2530 4932 2760 4983 tiernuus
2793 4931 3070 4999 participes
3101 4933 3215 4998 ejus
3256 4934 3456 4998 glorise.
3483 4934 3684 4985 'l‘ollatur

2178 5007 2352 5049 autem
2374 5000 2439 5050 de
2481 4999 2776 5053 hominibus
2808 5001 2946 5052 Fhus
2978 5002 3087 5063 Dei,
3118 5003 3165 5052 id
3197 5012 3297 5062 est,
3321 5001 3450 5054 bene
3478 5015 3680 5069 agentes,

2178 5077 2451 5139 remanent
2480 5069 2571 5122 lilii
2607 5073 2898 5132 hominum,
2951 5071 2999 5122 id
3029 5080 3128 5131 est,
3160 5073 3296 5123 male
3324 5085 3604 5139 Operantes.
3628 5074 3682 5120 de

2179 5135 2365 5202 quibus
2400 5148 2539 5190 recte
2589 5139 2775 5192 dicitur
2803 5139 2940 5207 quod
2990 5153 3085 5190 non
3114 5150 3183 5191 est
3228 5140 3280 5192 in
3323 5135 3399 5194 eis
3450 5156 3596 5207 usque
3628 5140 3682 5186 ad

2180 5219 2335 5255 unum
2356 5210 2437 5271 qui
2463 5209 2614 5272 faciat
2636 5209 2836 5262 bonum.

2254 5274 2302 5325 Ν
2311 5290 2438 5327 oune
2457 5277 2610 5329 scient
2639 5293 2808 5329 omnes
2835 5278 2920 5345 qui
2963 5289 3230 5343 operantur
3254 5279 3570 5346 iniquitatem,
3614 5281 3679 5345 qui

2180 5343 2412 5395 deuorant
2450 5347 2637 5413 plebem
2679 5343 2855 5398 meant
2884 5357 2935 5399 ut
2983 5350 3144 5399 cibum
3173 5343 3348 5414 ponii
3392 5349 3535 5400 Modo
3563 5343 3678 5416 quod

2180 5427 2279 5463 non
2327 5417 2521 5482 estqui
2564 5417 2715 5482 faciat
2767 5422 3068 5480 bonum,.et
3113 5433 3278 5467 omnes
3323 5418 3678 5478 declinat'erunt.

2181 5496 2352 5555 nonne
2383 5495 2554 5555 autem
2585 5500 2750 5536 omnes
2786 5492 2869 5553 qui
2897 5503 3033 5538 nunc
3075 5496 3344 5552 aperantur
3381 5489 3676 5555 iniquitatem.

2185 5552 2392 5625 tandem
2440 5554 2614 5625 scient,
2660 5557 2710 5606 id
2759 5552 2857 5616 εει,
2889 5566 3226 5625 cognoscent,
3259 5570 3417 5620 ipsam
3459 5552 3674 5625 iniquus-

2185 5629 2286 5672 tem
2311 5623 2330 5672 ἶ)
2358 5623 2512 5684 Quast
2540 5624 2708 5676 dicat:
2740 5628 2893 5679 tlerte
2932 5625 3018 5691 qui
3051 5638 3185 5674 nunc
3213 5624 3520 5691 iniquitatem
3552 5623 3673 5682 sene

2182 5691 2387 5758 nolunt,
2415 5705 2466 5745 ut
2491 5707 2548 5745 se
2576 5706 2915 5762 cognosCaut,
2953 5692 3160 5745 tandem
3203 5694 3364 5747 scient
3392 5711 3498 5748 eam
3544 5707 3592 5748 ut
3623 5713 3670 5750 se

3849 493 3851 582 ι
