3898 6226
255 436 370 491 765

909 446 918 458 '
992 435 1054 492 IN
1096 437 1496 496 PSALM’iRUM
1540 439 1787 496 LIBRUM
1829 442 2174 500 EXEGESIS.
2216 471 2283 486 —
2326 447 2560 502 PSALM.
2604 449 2733 508 ων,

3339 457 3437 512 76⁷8

250 547 425 624 Icndi,
449 547 685 624 nondum
713 547 1027 624 exs-uitandi,
1066 549 1156 624 sed
1188 550 1356 624 adhuc
1385 551 1644 624 gemendi,
1672 553 1792 624 quia
1823 553 1870 609 Α
1895 564 2034 620 runt,
2060 553 2108 606 id
2135 562 2233 617 est,
2259 555 2402 616 quasi
2433 557 2644 609 deviare
2669 556 2945 611 voluerunt
2969 575 3021 612 in
3051 575 3128 612 me
3149 562 3438 624 iniquitate;

248 627 314 669 et
342 617 384 669 si
414 617 584 680 aliqua
615 619 665 668 itt
696 617 843 668 nobis
887 627 964 668 est
1007 619 1301 679 exsultatio,
1354 617 1582 672 nuntium
1615 617 1699 673 est
1740 622 1788 674 in

248 700 338 746 re,
370 685 462 739 sed
496 688 544 738 in
571 701 681 748 spe.
729 685 806 737 Ex
840 687 1095 751 promisso
1120 690 1255 739 enim
1305 690 1540 740 laetamur
1570 691 1795 742 scientes

253 756 642 820 promissorem
695 770 791 807 nos
831 769 932 807 non
963 756 1155 808 fallere.
1202 758 1458 821 Quantum
1509 769 1680 810 autem
1729 759 1793 810 ad

250 837 498 886 przosens
527 835 727 888 tempus
757 824 960 887 attinet,
1012 825 1060 876 in
1105 839 1208 890 quo
1237 827 1370 877 ni-ilo
1411 834 1463 876 et
1505 828 1554 878 in
1605 827 1795 890 quibus

247 893 517 958 angustiis
542 895 704 945 simus
730 892 1018 957 audiamus,
1049 902 1102 946 et
1133 894 1188 944 in:
1214 894 1361 947 nobis
1386 896 1523 959 quod
1553 895 1792 948 audimus

248 976 629 1023 agnoscamus.
680 963 734 1016 Si
782 971 951 1013 autem
999 961 1224 1014 nondum
1270 965 1320 1015 in
1369 963 1519 1018 nobis
1548 965 1790 1030 agnosci-

249 1045 400 1094 mus,
456 1031 612 1084 David
641 1032 1033 1096 incorporemur
1059 1041 1109 1083 et
1136 1032 1211 1084 sic
1252 1035 1554 1094 sentiamus,
1595 1042 1788 1086 etcum

247 1098 377 1166 ipso
402 1100 671 1152 dicamus:
708 1098 857 1164 Deus,
889 1099 1071 1151 exaudi
1099 1101 1367 1152 orationem
1399 1117 1576 1166 meum,
1609 1102 1658 1153 id
1687 1111 1787 1164 est,

248 1183 344 1221 me
392 1177 649 1221 orantem.
702 1167 762 1220 Et
809 1169 904 1220 hoc
945 1169 1017 1221 ita
1056 1185 1117 1221 ne
1143 1170 1442 1235 despexeris,
1489 1171 1536 1222 id
1583 1180 1684 1228 est.
1735 1182 1791 1225 ut

244 1239 487 1304 amplius
517 1253 618 1290 non
645 1238 900 1302 despicias
945 1238 1331 1305 deprecationem
1373 1256 1556 1292 meam.
1599 1240 1788 1292 Multo-

250 1322 376 1358 rum
403 1308 544 1359 enim
571 1306 846 1360 exauditur
896 1309 1062 1360 oratio
1107 1321 1224 1360 cum
1277 1323 1368 1374 pro
1411 1309 1788 1375 temporalibus

247 1385 476 1438 rogant,
530 1388 582 1429 et
609 1376 912 1428 conceditur
952 1377 1027 1428 eis
1071 1377 1204 1444 quod
1237 1378 1518 1443 postulant,
1566 1393 1785 1444 quorum

246 1458 440 1508 postea
467 1444 755 1512 despicitur
782 1446 1096 1509 deprecatio.
1123 1448 1242 1511 quia
1275 1457 1479 1498 ti-rreua
1507 1456 1654 1498 orant
1682 1462 1783 1500 non

241 1525 450 1566 aeterna
478 1532 492 1578 ;
523 1524 574 1567 et
604 1515 719 1565 ideo
740 1516 836 1568 iste
863 1523 1136 1580 utrumque
1159 1516 1320 1577 ponit,
1353 1515 1567 1578 scilicet,
1599 1526 1653 1566 ut
1674 1530 1788 1568 ora-

242 1582 452 1635 tionem
482 1584 746 1648 i-xaudiat,
777 1596 827 1636 et
857 1584 1273 1650 deprecationem
1302 1600 1401 1634 non
1431 1584 1700 1650 despiciat,
1734 1586 1783 1639 id

237 1661 356 1715 est,
407 1661 614 1704 terrena
639 1667 756 1704 eum
788 1666 938 1705 Orare
964 1667 1064 1703 non
1117 1652 1398 1716 permittat.
1450 1654 1557 1706 Huc
1586 1668 1783 1707 secun-

236 1721 373 1772 dum
405 1720 795 1781 Cassiodorum,
827 1721 908 1787 qui
955 1737 1056 1773 non
1106 1723 1375 1786 distinguit
1414 1722 1699 1775 oratiOnem
1729 1735 1782 1776 et

234 1791 718 1856 depi'eratimiem;
755 1791 896 1855 juxta
939 1805 1066 1842 vero
1112 1791 1449 1856 Augustinum
1494 1803 1546 1845 et
1597 1792 1781 1846 Hiero-

1893 635 2036 693 sutts,
2062 624 2239 693 idest,
2271 640 2353 676 me
2395 627 2720 678 conformata
2775 626 2872 678 sibi
2920 629 3093 681 conati
3131 642 3273 693 sunt,
3316 651 3434 689 cum

1896 692 2063 754 potius
2101 691 2353 745 deberent
2393 693 2517 745 mihi
2564 695 2896 748 conformari.
2945 695 3007 747 Et
3055 691 3437 756 molesti-erant

1894 760 2032 820 mihi,
2056 761 2104 830 id
2135 770 2231 822 est,
2258 763 2604 815 molestabant
2629 778 2712 816 me
2741 765 3169 830 contradicendo,
3193 777 3246 822 et
3273 774 3430 826 ctiam

1893 828 2312 881 comrafaciendo
2337 831 2388 880 in
2422 833 2496 882 ira
2523 845 2636 894 sua,
2670 833 2718 885 id
2746 844 2846 896 est,
2880 844 3088 898 propter
3115 828 3430 892 admonitio-

1894 911 2011 949 nem
2041 912 2182 949 suam
2207 907 2259 950 et
2295 899 2717 953 exhortationem
2763 902 2876 953 irati
2917 903 3043 954 mihi
3085 916 3250 958 erant.
3279 907 3430 962 Unde

1891 979 1996 1028 cor,
2015 967 2075 1038 id
2105 977 2203 1044 est,
2233 968 2446 1044 interius
2471 984 2629 1020 ineunt
2657 971 3002 1044 conturbatum
3026 984 3114 1036 est,
3141 977 3207 1027 ita
3231 986 3428 1044 tamen,

1892 1043 1948 1085 ut
2000 1035 2327 1087 eontiirbatio
2375 1036 2457 1112 illa
2503 1048 2743 1112 maneret
2762 1041 2832 1091 in‘
2858 1056 2933 1112 nte
2981 1035 3200 1103 tantum,
3233 1045 3278 1095 id
3321 1035 3426 1112 est,

1891 1117 1991 1153 non
2023 1118 2166 1156 extra
2217 1104 2518 1167 procederet
2562 1107 2611 1158 in
2661 1108 2836 1159 odium
2869 1108 3096 1161 illorum.
3136 1113 3197 1164 Ει
3224 1122 3305 1166 est
3346 1104 3430 1169 hic

1887 1170 2708 1251 determinatioconturbationis.
2752 1176 2816 1228 Et
2844 1175 2959 1251 ideo
2988 1193 3089 1231 non
3131 1183 3424 1251 superfluit,

1890 1239 2009 1316 licet
2037 1242 2172 1294 idem
2204 1241 2345 1316 prius
2368 1242 2562 1316 dictum
2593 1245 2678 1306 sit,
2706 1239 3050 1316 conturbatum
3071 1258 3166 1309 est,
3193 1239 3426 1316 inquam,

1885 1313 2188 1387 cor_meum._
2215 1310 2276 1387 Et
2299 1310 2403 1387 _boc
2449 1311 2599 1387 adeo,
2632 1313 2769 1380 quod
2790 1315 2988 1387 _ceeidit
3035 1331 3182 1382 super
3208 1310 3286 1370 me
3321 1310 3427 1387 for-1

1885 1379 2020 1430 mido
2045 1383 2235 1441 mortis,
2263 1379 2312 1432 id
2339 1389 2435 1443 est,
2461 1382 2614 1432 timor
2648 1379 2831 1434 mortis
2871 1395 2970 1434 non
3003 1379 3302 1446 exterioris,
3322 1379 3433 1442 sed

1887 1448 2169 1502 interioris.
2218 1448 2329 1502 Non
2373 1451 2509 1501 enim
2551 1449 2767 1503 timebat
2816 1460 3035 1505 mortem
3086 1456 3421 1516 exteriorem.

1885 1524 2064 1568 contra
2096 1531 2250 1584 quam
2280 1522 2538 1571 munierat
2565 1533 2684 1570 eum
2715 1518 2959 1572 Dominus
3000 1521 3180 1574 dicens
3207 1541 3221 1575 :
3254 1524 3426 1577 Nolite
3452 1533 3454 1536 '

1886 1587 2057 1638 timere
2100 1604 2184 1641 eos
2219 1589 2305 1652 qui
2341 1602 2520 1655 corpus
2557 1587 2807 1650 occidunt,
2862 1590 3082 1640 animant
3123 1602 3284 1643 autent
3320 1609 3423 1646 non

1885 1664 2089 1726 possunt
2115 1659 2378 1718 occidere;
2419 1657 2668 1709 timebant
2695 1667 2912 1726 mortem
2955 1658 3276 1725 interiorem,
3307 1678 3424 1726 qua:

1883 1724 2088 1794 gravior
2116 1735 2215 1788 est,
2247 1725 2296 1777 id
2335 1734 2433 1794 est,
2469 1727 2643 1777 odium
2678 1725 2946 1790 timebant,
2977 1727 3097 1794 quia
3132 1724 3270 1782 sicut
3294 1724 3425 1784 διιο-

1882 1791 1984 1842 ctio
2014 1801 2095 1845 est
2124 1794 2247 1856 vita,
2280 1796 2348 1845 ita
2370 1793 2542 1846 odium
2570 1802 2648 1846 e~t
2677 1809 2816 1846 mors
2836 1791 3043 1849 animae.

237 1874 465 1932 nymutn
525 1861 597 1913 ita
643 1861 977 1928 distinguitur
1006 1877 1017 1910 :
1065 1857 1216 1923 Deus,
1253 1861 1455 1932 Δηεινιιιιιιὶ
1490 1864 1782 1932 orationem
1812 1873 1856 1932 Β
1915 1931 1921 1932 γ
1953 1859 2128 1932 Timor
2153 1872 2196 1914 et
2219 1873 2418 1915 tremor.
2453 1863 2583 1926 lloc,
2609 1861 2837 1929 inquam,
2857 1865 3010 1916 modo
3042 1867 3253 1931 formido
3281 1884 3420 1919 mor-

236 1945 409 1981 meant
438 1930 648 1990 fartam.
693 1944 784 1993 pro
815 1931 1218 1995 perseverantis,
1253 1928 1300 1980 id
1331 1940 1433 1994 est,
1482 1928 1561 1982 fac
1587 1945 1670 1982 me
1698 1933 1780 1982 in-

235 2006 324 2050 ter
346 1999 513 2051 malos
546 2012 885 2066 perseverare
931 2014 993 2050 ue
1012 1997 1274 2058 deliciam,
1321 1999 1450 2062 imo,
1489 1998 1778 2064 proﬁciam.

235 2067 301 2119 Et
337 2079 389 2118 ut
423 2067 674 2122 exandias
697 2066 1007 2127 orationem,
1054 2081 1116 2118 ne
1141 2069 1424 2132 despi'xeris
1457 2069 1779 2133 praemissam

237 2151 344 2202 pro
391 2140 620 2202 peccatis
657 2137 1092 2200 deprecationem;
1142 2137 1283 2202 prius
1323 2136 1459 2188 cnim
1507 2136 1785 2204 unicuique

233 2223 338 2270 pro
367 2206 596 2270 peccatis
623 2215 701 2258 est
731 2205 1135 2269 depri-caiidum,
1178 2205 1366 2258 deinde
1396 2220 1490 2272 pro
1539 2220 1784 2273 perseve-

237 2275 416 2326 rantia
443 2274 717 2326 orandum.
774 2273 1002 2336 Intende,
1042 2274 1181 2337 dico,
1213 2274 1335 2339 mihi
1363 2274 1412 2326 in
1442 2275 1699 2336 oratione.
1731 2283 1786 2328 et

235 2353 298 2394 ut
347 2344 611 2406 in‘endas,
663 2346 851 2396 exaudi
901 2359 978 2395 me
1008 2343 1149 2409 prius
1189 2344 1238 2394 in
1288 2343 1674 2409 deprecatione.
1723 2346 1788 2397 Et

231 2413 391 2472 quasi
432 2413 572 2465 dicat
597 2412 642 2464 ei
672 2429 684 2463 :
714 2412 846 2478 Quid
873 2411 1083 2481 gemis?
1127 2412 1259 2475 Quid
1293 2413 1525 2476 pateris?
1563 2412 1744 2467 Subdit
1770 2434 1780 2465 :

231 2482 572 2534 Contristatus
615 2498 724 2534 sum
769 2482 823 2532 in
871 2481 1216 2534 exercitatione
1243 2495 1370 2533 mea.
1426 2481 1582 2547 Quasi
1614 2484 1783 2537 dicat:

233 2552 471 2605 Posuisti
501 2566 582 2604 me
612 2550 840 2604 exerceri
871 2551 1005 2604 inter
1035 2550 1221 2614 malos,
1243 2551 1332 2602 sed
1363 2551 1478 2619 quia
1509 2551 1603 2618 ipsi
1630 2569 1784 2618 supra

230 2624 377 2673 vires
411 2636 554 2672 iuvas
603 2622 872 2687 in~urgunt
913 2627 1090 2672 contra
1136 2635 1240 2681 me,
1271 2620 1385 2671 ideo
1422 2630 1497 2685 tu,
1544 2621 1784 2687 Domine,

233 2691 522 2756 tranquilla
572 2691 987 2758 persecutiOuem
1017 2701 1219 2740 eorum.
1266 2689 1369 2742 Iste
1409 2690 1610 2758 positus
1651 2694 1785 2746 inter

231 2760 405 2811 maliis
444 2757 605 2810 voluit
653 2760 934 2828 extendere
975 2758 1297 2811 dilectionem
1341 2773 1490 2812 suam
1519 2774 1681 2828 usque
1719 2764 1782 2814 ad

233 2829 500 2889 inimicos,
543 2837 595 2880 et
641 2826 761 2879 dum
803 2841 948 2881 more
995 2828 1206 2895 perfecti
1239 2828 1334 2881 viri
1382 2826 1687 2883 admoneret
1733 2842 1785 2886 et

233 2901 610 2950 exhortaretur
646 2910 737 2948 eos
769 2895 903 2949 inter
932 2910 1062 2959 quos
1103 2898 1528 2959 conversabatur,
1573 2909 1625 2952 et
1655 2903 1781 2956 nihil

237 2967 545 3033 proliceret,
596 2966 714 3035 quia
764 2965 835 3019 illi
888 2979 1040 3032 supra
1092 2967 1227 3019 vires
1278 2965 1391 3033 ejus
1439 2968 1785 3035 objurgahaut

231 3051 362 3089 eum
418 3051 536 3088 cum
583 3034 720 3086 vitiis
764 3043 816 3088 et
842 3035 1154 3101 opprobriis,
1180 3044 1232 3088 et
1257 3038 1410 3088 etiam
1439 3034 1784 3093 molestabant

232 3121 359 3158 eum
385 3107 435 3158 in
463 3106 619 3167 vitiis,
639 3103 1036 3173 timuitpeidere
1052 3104 1403 3158 dilectionem.
1425 3103 1485 3156 Et
1513 3107 1780 3162 noluiteos

236 3176 454 3264 t-iticere
483 3190 598 3226 cum
628 3174 786 3256 vitiis,
817 3173 1090 3254 quia.th
1129 3181 1210 3226 est
1249 3175 1426 3264 regula
1465 3175 1693 3264 pietﬁtis,
1726 3189 1782 3232 ut
1807 3203 1855 3264 ρ

220 3254 286 3318 ,ιιι
299 3243 377 3296 les
409 3244 760 3318 pergconvicia
789 3259 890 3296 non
919 3243 1200 3300 Vincamus,
1227 3257 1321 3294 nec
1351 3242 1490 3310 ipsos
1519 3246 1775 3318 odiamus,

234 3314 349 3364 imo
381 3329 474 3378 pro
500 3313 624 3379 ipsis
652 3327 860 3366 oremus
904 3321 956 3366 ut
986 3323 1376 3375 convertantur,
1418 3322 1470 3364 et
1507 3315 1776 3369 nobiscum

231 3393 608 3434 exerceantur.
641 3383 749 3433 Non
777 3382 912 3433 enim
961 3382 1148 3434 frustra
1181 3390 1300 3432 sunt
1329 3382 1488 3449 impii.
1522 3383 1638 3451 quia
1662 3399 1778 3437 om-

233 3466 322 3502 nis
369 3451 560 3521 impius
587 3459 675 3502 aut
721 3452 786 3502 ad
827 3452 925 3504 hirc
951 3453 1083 3521 rvivit
1131 3459 1183 3503 ut
1222 3453 1527 3517 corrigatur,
1569 3463 1656 3506 aut
1688 3469 1781 3521 per

233 3535 358 3571 cuiu
395 3519 560 3570 bonus
587 3529 909 3572 exerceatur.
946 3520 1094 3574 Unde
1124 3522 1218 3572 iste
1258 3521 1421 3573 noluit
1461 3521 1623 3575 malos
1652 3519 1779 3577 con-

232 3590 395 3640 viciLs
440 3588 676 3652 vincere,
720 3590 811 3640 sed
857 3592 1112 3641 convi-riit
1155 3603 1211 3639 se
1248 3590 1310 3641 ad
1353 3591 1662 3656 orationem,
1714 3607 1779 3647 ne

233 3658 840 3728 perderetidilectionein
863 3659 1077 3728 orando,
1101 3656 1318 3728 scilicet,
1345 3658 1479 3712 inter
1507 3661 1636 3713 tales
1662 3676 1780 3728 per-

235 3727 612 3779 scierautiam.
647 3726 868 3780 Maxime
892 3728 1030 3781 enim
1064 3727 1199 3780 biinii
1231 3727 1340 3779 viro
1363 3726 1777 3795 cavendum—est,

236 3810 306 3849 ne
341 3796 391 3848 in
422 3796 509 3849 tali
541 3797 871 3849 tribulaiioue
902 3799 1081 3863 perdat
1110 3797 1465 3860 dilectionem,
1496 3800 1615 3864 quia
1646 3799 1777 3855 duos

237 3865 423 3919 hostes
463 3866 706 3933 patimur,
738 3867 957 3919 alterum
1009 3866 1262 3919 visibilem
1289 3907 1303 3930 ,
1340 3876 1392 3921 et
1429 3868 1651 3922 alterum
1697 3869 1776 3921 in-

233 3935 522 4000 Visibilem,
561 3937 649 3988 sed
680 3936 721 3988 si
766 3939 996 3988 exterius
1030 3937 1250 3990 saeviens
1290 3948 1509 4002 amatur,
1558 3939 1776 3993 interius

232 4005 465 4057 stcviens
531 4005 679 4056 facile
727 4014 1023 4069 superatur.
1082 4005 1306 4072 Uterque
1371 4017 1542 4061 autem
1601 4009 1779 4063 nititur

236 4075 390 4144 notus
418 4073 619 4126 auferre
641 4074 790 4135 illud,
819 4076 866 4125 in
891 4090 994 4144 quo
1023 4090 1118 4127 nos
1140 4076 1280 4127 videt
1309 4079 1605 4144 superiores
1627 4093 1777 4140 esse;

237 4143 400 4211 homo
448 4157 669 4208 namque
709 4153 919 4209 superat
967 4142 1226 4196 hominem
1256 4142 1457 4197 terrena
1490 4145 1772 4211 felicitate;

235 4210 399 4263 homo
419 4225 541 4264 vero
565 4225 772 4332 statam
801 4211 1061 4263 diabolum
1085 4214 1274 4264 inimici
1297 4213 1596 4267 dilectione.
1628 4210 1776 4269 Unde

235 4281 361 4332 dicit
395 4281 575 4332 beatus
651 4280 882 4332 reaorius
914 4298 926 4332 :
964 4298 982 4330 ι
1018 4281 1146 4332 Ouia
1192 4285 1408 4332 suscitat
1436 4283 1773 4332 infirmiorem

232 4281 361 4334 dicit
395 4281 575 4333 beatus
605 4280 882 4347 Gregorius
914 4298 926 4332 :
964 4298 982 4330 ι
1018 4281 1146 4347 Quia
1192 4285 1408 4336 suscitat
1436 4283 1773 4340 infirmiorem

233 4349 454 4404 fratrem
483 4351 731 4404 adversus
761 4364 874 4412 nos,
915 4364 1010 4402 nec
1055 4362 1200 4404 curat
1245 4356 1487 4419 antiquus
1531 4357 1694 4408 hostis
1722 4367 1777 4410 ut

233 4431 415 4474 nostra
449 4421 615 4485 tollat,
648 4419 737 4472 sed
771 4428 825 4471 ut
852 4420 1156 4473 charitatem
1196 4422 1247 4474 iii
1276 4421 1425 4474 nobis
1457 4421 1622 4476 feriat.
1659 4443 1676 4476 ι
1713 4424 1776 4479 Ει

233 4491 353 4542 ideo
383 4491 504 4555 iste,
535 4501 586 4542 ut
614 4488 970 4556 praediximus,
993 4489 1250 4542 ciinvertit
1278 4505 1337 4543 se
1363 4494 1425 4542 ad
1449 4493 1763 4558 orationem,

1886 1931 1948 1981 tis
1975 1930 2153 1983 cecidit
2174 1948 2321 1997 super
2342 1946 2440 1994 me,
2472 1933 2586 1997 quia
2633 1943 2868 1984 venerunt
2895 1930 3048 1994 super
3075 1952 3152 1987 me
3178 1936 3326 1987 timor
3354 1937 3423 1990 de

1885 1998 1983 2061 ira,
2015 2009 2196 2051 tremor
2216 1998 2282 2053 de
2307 1999 2447 2054 odio.
2474 2000 2550 2052 Ira
2580 1999 2716 2053 enim
2746 2000 2918 2054 brevis
2949 2003 3091 2056 furor
3113 2014 3212 2068 est,
3243 2007 3419 2058 odium

1887 2068 2174 2122 inveterata
2229 2070 2326 2122 ira.
2379 2069 2560 2122 Timor
2604 2083 2812 2138 quoque
2854 2071 3013 2124 animi
3071 2083 3171 2134 est,
3223 2081 3422 2126 tremor

1885 2151 2010 2189 vero
2059 2140 2311 2202 corporis.
2360 2139 2421 2191 Et
2471 2138 2672 2192 videtur
2729 2140 2842 2205 plus
2891 2153 3007 2194 esse
3061 2150 3279 2203 tremor,
3329 2143 3417 2194 uhi

1886 2207 2042 2257 etiam
2071 2221 2163 2273 per
2186 2209 2582 2262 concussionem
2625 2210 2864 2275 carporis
2897 2213 3125 2262 exterius
3167 2212 3418 2273 aperitur,

1883 2287 2105 2340 quantus
2151 2277 2217 2328 sit
2249 2277 2405 2329 timor
2450 2276 2683 2329 interius.
2731 2276 2796 2329 Et
2843 2277 2958 2328 ideo
2990 2280 3145 2330 timor
3193 2278 3419 2330 refertur

1885 2342 1948 2393 ad
1982 2344 2129 2404 iram,
2159 2359 2273 2411 qute
2301 2345 2425 2398 levis
2449 2354 2550 2408 est,
2579 2354 2773 2396 tremor
2801 2360 2927 2397 vero
2953 2347 3016 2398 ad
3049 2349 3247 2410 odium,
3277 2349 3415 2409 quod

1887 2421 2163 2481 utrumque
2201 2428 2356 2481 grave
2387 2423 2482 2467 est.
2519 2416 2581 2466 Et
2630 2423 2797 2479 potest
2829 2413 2910 2466 hic
2953 2418 3093 2467 trabs
3137 2424 3191 2467 et
3221 2416 3416 2471 festuca

1887 2480 1970 2550 illa
2012 2480 2306 2545 notari,’de
2343 2483 2529 2550 quibus
2561 2483 2811 2535 Dominus
2858 2483 2908 2534 in
2944 2483 3221 2549 Evangelia
3247 2485 3412 2536 dicit:

1890 2548 2167 2618 Ilgpocrita
2193 2554 2318 2621 ejice
2345 2548 2556 2620 primum
2584 2556 2765 2604 trabem
2796 2553 2855 2604 de
2882 2554 3024 2607 oculo
3046 2548 3149 2615 tuo,
3173 2563 3218 2604 et
3241 2555 3418 2606 deinde

1885 2623 2126 2684 festucam
2146 2621 2209 2681 de
2230 2624 2371 2674 oculo
2395 2622 2567 2688 fratris
2595 2624 2686 2673 tui.
2713 2622 2810 2673 Per
2833 2622 3028 2674 trabem
3047 2623 3184 2676 enim
3213 2622 3410 2685 odium,

1887 2703 1978 2757 per
2009 2688 2258 2741 festucam
2304 2705 2431 2742 vero
2481 2691 2556 2744 ira
2586 2690 2905 2756 designatur.
2961 2690 3023 2744 Et
3077 2693 3222 2744 multi
3262 2691 3416 2757 pravi

1885 2756 2125 2811 doetores
2148 2757 2278 2811 alios
2302 2759 2374 2830 de,
2394 2758 2466 2810 ira
2497 2760 2905 2830 reprehendunt,
2929 2773 3047 2814 cum
3073 2762 3168 2830 ipsi
3198 2756 3417 2813 interius

1884 2840 2039 2890 grave
2084 2836 2268 2896 gerant
2294 2828 2488 2880 odium.
2537 2826 2728 2896 Timor,
2760 2828 2994 2892 inquam,
3035 2826 3299 2881 et'tremor
3325 2844 3409 2880 ue-

1884 2907 2063 2948 nerunt
2085 2895 2234 2966 super
2258 2912 2353 2962 me,
2383 2905 2436 2950 et
2465 2895 2563 2949 hoc
2590 2895 2725 2962 ideo,
2757 2898 2876 2963 quia
2908 2901 3118 2952 tenebra:
3137 2898 3240 2949 odii
3267 2899 3414 2964 qna~i

1883 2976 2226 3027 contexerant,
2256 2968 2305 3018 id
2337 2974 2438 3030 est,
2466 2976 2837 3032 oppresserunt
2861 2984 2956 3020 nte.
2988 2968 3102 3022 Non
3129 2969 3266 3019 enim
3296 2982 3416 3019 veto

1883 3044 2225 3088 contexerunt
2271 3049 2414 3098 eum,
2461 3037 2550 3087 sed
2599 3038 2649 3087 in
2695 3045 2837 3086 tanto
2885 3048 3024 3088 metu
3066 3046 3198 3094 erat.
3231 3051 3295 3086 ne
3330 3038 3416 3087 di-

1883 3102 2159 3158 lectionem
2185 3105 2445 3168 perderet,
2470 3111 2521 3155 et
2545 3103 2720 3156 odium
2747 3105 3051 3166 incurreret,
3077 3113 3133 3154 ιιι
3155 3104 3418 3155 videretur

1882 3173 1928 3223 ei
1961 3176 2105 3239 quasi
2136 3175 2320 3237 odium
2357 3172 2524 3239 ipsum
2563 3172 2668 3240 jam
2711 3172 2760 3224 in
2798 3187 2860 3224 eo
2885 3188 3024 3226 esse.
3067 3174 3252 3225 Odium
3296 3174 3417 3227 ideo

1885 3251 2032 3310 vocat
2081 3242 2341 3307 tenebras,
2390 3242 2527 3308 quia,
2561 3249 2619 3292 ut
2656 3240 2884 3294 Joannes
2930 3242 3244 3310 evangelista
3293 3243 3409 3295 ait:

1883 3308 1995 3391 Qui
2010 3311 2113 3391 odit
2139 3313 2349 3391 fratrem
2378 3327 2540 3391 suum,
2571 3310 2860 3391 iit-tenebris
2889 3321 2980 3364 est.

1949 3378 2013 3430 Et
2043 3378 2152 3432 dixi
2174 3396 2193 3430 :
2226 3384 2349 3443 Quis
2391 3381 2530 3430 dabit
2552 3381 2691 3434 nti/ti.
2734 3380 3007 3443 Venerunt,
3059 3382 3292 3448 inquam,
3328 3395 3414 3433 stt-

1878 3461 1965 3514 per
1991 3463 2068 3501 me
2105 3450 2252 3501 timor
2292 3460 2337 3501 et
2367 3460 2580 3512 tremor;
2609 3458 2662 3501 et
2683 3452 2732 3502 in
2758 3451 2844 3502 illo
2876 3451 3060 3504 titnure
3091 3462 3412 3504 constitutus

1879 3517 2004 3581 dixi,
2038 3534 2144 3584 prze
2173 3520 2348 3582 ttcdio,
2380 3522 2497 3584 quia
2538 3518 2641 3571 vidi
2666 3532 2758 3571 eos
2797 3534 2928 3585 quos
2955 3522 3298 3572 admouebam
3327 3521 3410 3571 ni-

1880 3585 1952 3640 hil
1999 3588 2272 3654 prolicere,
2316 3589 2405 3641 sed
2453 3589 2620 3654 potius
2665 3587 2925 3640 deiicere:
2959 3588 3080 3652 Quis
3122 3589 3258 3638 dabit
3287 3589 3411 3640 mihi

1880 3673 2086 3722 pennas,
2125 3668 2178 3708 ut
2203 3659 2485 3710 columbis?
2525 3657 2741 3723 Quando
2772 3658 2849 3710 vir
2877 3665 3086 3709 sanctus
3123 3657 3262 3709 videt
3293 3672 3407 3708 mu-

1878 3725 1957 3780 los
1999 3727 2136 3796 inter
2163 3741 2294 3794 quos
2329 3738 2675 3780 conversatur
2720 3727 2892 3796 potius
2933 3741 3086 3792 quam
3133 3725 3403 3796 prolicere,

1877 3795 1996 3861 quia
2037 3795 2310 3862 insurgunt
2338 3795 2387 3847 in
2428 3811 2570 3862 eum,
2599 3807 2648 3850 et
2697 3795 2962 3850 molestias
2987 3799 3032 3849 ei
3083 3795 3327 3856 inferunt,
3354 3805 3408 3847 et

1878 3869 1955 3917 sic
1984 3874 2250 3931 peccatum
2296 3872 2505 3927 peccato
2532 3865 2913 3929 superaddunt,
2952 3867 3083 3920 solet
3109 3867 3412 3933 contingere

1879 3942 2090 4000 propter
2118 3933 2323 3985 taedium
2350 3943 2404 3986 ut
2424 3933 2729 4000 capiateum
2746 3935 3043 3989 solitudinis
3069 3936 3407 3995 desiderium.

1882 4011 1933 4057 et
1964 4004 2071 4055 vult
2118 4003 2365 4055 recedere
2399 4019 2425 4055 e
2463 4015 2706 4069 corpore,
2738 4017 2841 4056 non
2871 4020 3068 4069 amore,
3101 4006 3320 4067 scilicet,
3355 4014 3410 4055 ut

1878 4073 2063 4141 quibus
2093 4088 2193 4125 non
2225 4082 2426 4138 poterat
2455 4073 2706 4140 prodesse
2729 4073 3002 4136 hortando,
3031 4078 3191 4138 prosit
3220 4075 3405 4124 saltem

1878 4144 2112 4205 orando;
2141 4143 2233 4194 sed
2266 4143 2411 4194 inulti
2443 4151 2557 4195 sunt
2585 4141 2770 4209 quibus
2797 4155 2897 4192 non
2927 4142 3049 4193 licet
3075 4143 3155 4193 sic
3177 4143 3408 4205 avolare,

1877 4212 1996 4278 quia
2031 4212 2210 4277 ligatas
2255 4212 2364 4263 aliis
2413 4212 2603 4264 habent
2642 4224 2745 4263 non
2777 4209 2937 4272 visco,
2981 4210 3071 4261 sed
3115 4210 3310 4261 officio.
3347 4210 3412 4262 Et

1878 4281 1994 4333 ideo
2035 4281 2083 4332 hi
2127 4280 2266 4332 aliud
2297 4281 2562 4332 desertum
2611 4287 2810 4346 petunt,
2854 4278 3142 4343 desertum,
3185 4281 3407 4344 scilicet,

1877 4351 2048 4404 cordis
2078 4361 2278 4418 petunt,
2311 4360 2364 4400 ut
2393 4352 2490 4400 soli
2518 4349 2621 4402 sint
2647 4352 2695 4401 iii
2723 4347 2946 4413 puritate
2988 4350 3200 4410 mentis,
3225 4362 3323 4414 qua
3351 4362 3409 4401 se

1876 4433 1992 4473 cum
2028 4419 2133 4472 Deo
2159 4434 2252 4472 suo
2281 4421 2566 4482 ob'ectent,
2600 4434 2698 4472 non
2731 4429 2902 4472 tamen
2929 4418 3028 4471 soli
3057 4426 3179 4471 sunt
3204 4419 3254 4469 in
3282 4421 3406 4469 cha-

1877 4492 2051 4551 ritatc,
2074 4489 2191 4555 quia
2235 4504 2326 4556 per
2354 4489 2658 4543 irliaritatem
2696 4503 2812 4542 cum
2837 4487 2940 4540 illis
2966 4502 2994 4539 a
3022 4490 3207 4556 quibus
3235 4501 3410 4539 reces-

232 4574 309 4613 ne
331 4554 574 4626 perderet
606 4554 720 4610 dilei
744 4564 956 4611 tionem.
990 4559 1048 4610 Et
1077 4572 1238 4626 quare
1264 4567 1398 4617 oret.
1422 4574 1629 4614 causam
1652 4554 1767 4617 red;
1796 4554 1844 4610 D
1871 4567 2050 4611 serunt
2089 4554 2348 4613 sunt.’Sic
2383 4561 2520 4612 enim
2563 4567 2800 4626 quarunt
2833 4554 3065 4624 requiem
3112 4559 3162 4608 in
3206 4567 3404 4616 metite,

233 4628 330 4689 dit,
364 4630 546 4682 dicens
571 4647 582 4680 :
610 4627 941 4680 Contristatus
962 4644 1074 4680 sum
1096 4637 1148 4680 et
1176 4628 1514 4681 conturbatus
1544 4631 1772 4687 timendo

234 4699 454 4762 perdere
481 4699 812 4750 dilectionem
843 4702 892 4746 in
920 4698 1266 4750 exercitatione
1294 4713 1419 4756 mea,
1449 4698 1497 4748 id
1525 4711 1623 4762 est,
1649 4701 1770 4754 dum

231 4781 482 4820 exerceor
512 4767 645 4820 inter
678 4772 841 4819 malos
869 4769 1200 4819 admonendo
1227 4781 1336 4828 eos,
1368 4775 1422 4818 et
1468 4768 1617 4831 nihil,
1650 4771 1769 4835 quia

235 4835 512 4907 insurgunt
556 4851 712 4907 super
735 4839 870 4888 vircs
911 4852 1074 4907 meas,
1105 4836 1443 4903 proliciendo.
1473 4837 1601 4890 {\ota
1631 4841 1770 4907 quod

233 4904 366 4957 dicit
409 4921 530 4957 mea.
568 4906 690 4959 Dine
717 4907 856 4959 enim
895 4905 1293 4960 exercitationes
1343 4914 1496 4960 sunt:
1530 4904 1770 4962 una—bo-

234 4989 442 5034 norum,
495 4978 656 5027 altera
707 4978 978 5028 maloium.
1029 4976 1343 5028 Exercitatio
1394 4978 1648 5029 malormn
1691 4988 1771 5032 est

234 5044 453 5106 inutilis,
485 5044 690 5109 quando
729 5044 851 5097 mali
892 5047 1091 5098 scilicet
1127 5047 1488 5110 opprimuntur
1529 5059 1556 5097 a
1596 5048 1767 5101 malis.

236 5111 552 5165 Exercitatio
584 5113 835 5166 bonorum
866 5123 945 5166 est
971 5113 1275 5166 exercitatio
1318 5115 1382 5165 ad
1423 5115 1690 5180 pietatem,
1718 5128 1771 5171 et

233 5183 297 5234 ad
328 5181 694 5252 omniautilis,
722 5183 889 5251 qualis
932 5192 1012 5234 est
1062 5183 1144 5236 hic
1175 5182 1497 5252 accipienda.
1546 5181 1608 5235 Et
1648 5187 1767 5252 quia

234 5255 339 5304 duo
377 5251 570 5316 posuit,
599 5250 703 5304 duo
732 5250 888 5305 etiam
918 5253 1109 5314 subdit,
1151 5251 1296 5319 quasi
1341 5254 1478 5304 dicat
1505 5270 1516 5304 :
1547 5250 1765 5306 Contur-

233 5321 378 5374 batus
422 5335 550 5392 sunt,
581 5319 813 5386 inquam,
854 5339 886 5374 a
927 5337 1040 5374 voce
1083 5321 1289 5386 inimici,
1330 5321 1376 5373 id
1408 5331 1507 5392 est,
1558 5335 1770 5392 propter

232 5389 687 5459 exprobrationem
734 5399 789 5442 et
831 5393 1061 5444 convicia
1116 5394 1254 5443 illata
1304 5393 1370 5444 ab
1416 5389 1668 5444 inimico]
1701 5392 1767 5443 Et

233 5462 574 5528 contristatus
600 5471 720 5528 sum
758 5474 790 5510 ιι
828 5460 1146 5528 tribulatione
1190 5461 1480 5528 peccatoris,
1527 5461 1613 5523 qui
1661 5477 1765 5512 non

233 5529 398 5580 solum
443 5525 726 5591 maledixit,
773 5527 864 5581 sed
910 5539 963 5582 et
1000 5525 1199 5582 contra
1226 5529 1345 5582 fecit
1388 5529 1585 5596 flagella
1619 5529 1768 5581 adhi-

234 5597 441 5659 bendo;
489 5597 602 5664 plus
631 5596 770 5650 enim
813 5606 895 5650 est
931 5597 1264 5651 contristatus
1294 5613 1446 5662 quam
1476 5600 1764 5652 conturba-

236 5678 339 5725 tus.
364 5667 490 5730 quia
509 5666 836 5718 conturbatio
858 5667 969 5719 bzec
995 5675 1075 5720 est
1101 5677 1296 5717 tantum
1326 5667 1390 5718 ad
1419 5667 1622 5720 horam.

306 5734 556 5798 Quoniam
595 5734 988 5786 declinaverunt.
1033 5735 1151 5788 Ideo
1200 5739 1382 5786 tnerito
1424 5738 1764 5792 contristatus

236 5822 350 5856 sum
383 5815 434 5855 et
465 5802 820 5865 conturbatus,
850 5804 1084 5872 quoniam
1113 5804 1205 5872 ipsi
1245 5805 1435 5857 inimici
1480 5804 1755 5859 declinave-

1871 4639 1925 4678 ut
1953 4639 2143 4692 corpus
2186 4637 2357 4680 tamen
2389 4628 2617 4680 exterius
2650 4641 2751 4680 non
2783 4626 3120 4680 subtrahatur
3145 4640 3176 4678 a
3208 4626 3419 4682 labore;

1869 4694 2280 4768 Etbuucdtalcm
2311 4710 2572 4768 recessum
2601 4707 2744 4764 optat
2774 4696 2894 4758 iste,
2925 4710 3043 4749 cum
3072 4696 3208 4768 dicit
3234 4712 3245 4748 :
3285 4694 3405 4768 Quis

1869 4763 2002 4841 dabit
2040 4766 2161 4816 mihi
2191 4781 2393 4841 pennas,
2424 4763 2999 4841 Δἰά-θιςιειὀιιιιδειοιιιειιι
3032 4767 3099 4841 ab
3140 4765 3222 4841 his
3251 4765 3402 4841 matis

1868 4835 2038 4903 potius
2081 4849 2188 4908 per
2219 4849 2304 4887 me
2348 4834 2733 4908 deﬁcientibus,
2771 4849 2925 4903 quam
2973 4833 3402 4908 proficientibus:

1869 4900 2064 4971 pennas
2083 4900 2235 4967 dicit,
2259 4919 2375 4971 qua:
2407 4915 2530 4958 sunt
2557 4906 2682 4957 sicut
2713 4900 2896 4971 pennae
2924 4902 3178 4953 columba.
3213 4900 3280 4971 lit
3312 4915 3401 4951 vo-

1869 4970 2002 5036 labo,
2035 4974 2081 5025 id
2109 4983 2210 5034 est.
2242 4970 2484 5028 recedam
2516 4975 2579 5028 ab
2604 4974 2681 5026 eis
2715 4970 2774 5024 in
2814 4972 3004 5023 mentis
3033 4970 3395 5033 solitudinem,

1867 5054 1912 5097 et
1954 5044 2029 5096 sic
2071 5047 2398 5108 requiescant.
2441 5043 2598 5108 Quasi
2639 5043 2813 5094 dicat:
2848 5041 3000 5092 Certe
3050 5050 3122 5103 tu,
3158 5039 3397 5100 Domine,

1867 5113 2015 5166 dabis
2038 5113 2164 5164 milii
2198 5129 2408 5178 pennas,
2442 5129 2526 5177 qut
2559 5112 2773 5164 exaudis
2799 5112 3088 5161 orationem
3122 5124 3309 5170 meam,
3343 5116 3400 5160 et

1867 5199 1969 5236 non
1999 5182 2221 5247 despiCts
2245 5185 2667 5248 deprecationem
2700 5194 2887 5233 ineant.
2920 5181 3048 5231 Cum
3087 5193 3268 5243 pennae
3293 5180 3396 5228 sint

1867 5265 2142 5304 corvorum
2162 5259 2227 5324 _et
2256 5253 2581 5324 accipitrum,
2626 5249 2758 5324 sicut
2782 5251 3164 5324 columbarum,
3195 5249 3290 5299 iste
3320 5255 3395 5324 tu-

1866 5336 1983 5373 meu
2011 5319 2198 5390 qua-rit
2225 5320 2323 5373 sibi
2365 5331 2563 5372 tantum
2606 5323 2716 5374 dari
2745 5333 2941 5390 pennas
2970 5319 3394 5390 colunibte,_quia

1865 5388 2105 5442 Columba
2154 5392 2342 5455 quierit
2380 5407 2406 5442 a
2459 5392 2710 5443 molestiis
2745 5386 3128 5449 'avolationem,
3171 5386 3259 5438 sed
3290 5400 3391 5435 non

1866 5458 2433 5527 amittitrdilectionem,
2465 5463 2582 5527 quia
2610 5460 2815 5522 signum
2838 5468 2916 5511 est
2943 5455 3237 5511 dilectionis
3265 5456 3394 5527 inul-

1867 5527 1932 5579 tis
1959 5526 2147 5578 modis.
2180 5529 2266 5580 Sic
2297 5539 2348 5580 et
2391 5525 2492 5581 ista
2521 5539 2718 5596 quth
2745 5530 2954 5582 ai'olare
2987 5544 3014 5580 a
3052 5528 3194 5579 malis
3225 5525 3397 5596 fratri:

1871 5597 1988 5658 bus,
2021 5609 2153 5661 quos
2192 5597 2383 5662 patitur
2421 5607 2475 5650 ut
2518 5592 2850 5651 dilectionem
2897 5613 2998 5652 non
3045 5597 3271 5654 amittat,
3304 5592 3396 5645 sed

1868 5679 1985 5718 cuin
2017 5666 2325 5734 eis_semper
2355 5681 2446 5734 per
2471 5667 2776 5722 cbaritatem
2809 5676 3033 5719 maneat.
3079 5664 3144 5714 Et
3180 5665 3398 5734 mittitur

1867 5735 1950 5785 hic
1992 5733 2056 5786 ad
2084 5731 2404 5800 Scripturain
2447 5739 2608 5799 illam,
2651 5739 2734 5790 ubi
2779 5738 2965 5801 legitur
2991 5736 3124 5801 quod
3157 5733 3398 5783 columba

1866 5803 1931 5858 de
1955 5810 2075 5856 area
2114 5807 2326 5869 eintssa,
2349 5808 2468 5872 quia
2499 5807 2689 5874 ubique
2728 5805 2897 5859 lutosa
2926 5805 3035 5856 loca
3067 5804 3284 5866 invenit,
3333 5801 3395 5854 ad
