3898 6226
221 385 327 442 7(9

947 389 1007 444 IN
1049 389 1450 446 PSALDORUM
1494 388 1739 443 LIBRVM
1788 385 2132 462 EXEGESIS.
2179 419 2238 428 —
2281 389 2522 445 PFALM.
2563 389 2684 446 LIV.

3289 387 3387 444 770

219 501 325 547 lino
345 499 843 562 motloapostatasti,
861 499 1174 564 qunltbcere
1200 515 1283 552 me
1299 501 1592 566 cogisJioc,
1615 499 1742 550 scili-
1781 505 1826 555 Α
1854 507 1906 548 ut
1933 500 1998 548 ab
2021 497 2122 549 illis
2152 499 2368 551 redimat
2397 501 2623 550 animam
2650 513 2836 557 meam,
2861 500 3096 566 quoniam
3122 499 3218 566 ipsi
3244 513 3386 552 erant

217 584 304 620 t-et
334 587 346 621 :
384 569 560 622 Veniat
579 585 710 620 mors
738 585 883 636 super
904 570 1020 620 illos
1043 570 1061 620 !
1088 572 1179 621 Hic
1204 584 1384 622 rursus
1411 572 1664 621 mittimur
1688 568 1752 620 ad

219 639 434 690 initium
463 637 760 690 schismatis
780 639 841 699 in
863 637 1020 689 Datan
1046 649 1097 689 et
1120 638 1334 690 Abiron.
1359 637 1422 690 Et
1442 647 1520 690 est
1541 638 1715 689 dicere
1740 655 1752 688 :

220 707 392 769 Mors,
425 707 473 758 id
523 717 632 763 est.
665 708 854 760 mentis
901 707 1141 771 cmcitas,
1191 708 1362 758 veniat
1414 720 1572 771 super
1613 706 1754 765 illus,

217 778 448 832 scilicet.
483 773 772 835 inferiores.
805 775 941 826 sient
983 774 1113 839 ignis
1157 775 1564 839 eutisitmptionis
1615 773 1755 826 venit

215 857 388 908 διειδεῖ
413 844 581 912 ignem
609 843 942 896 distensionis
972 845 1022 895 in
1052 841 1340 897 fautoribus
1373 844 1530 895 Datan
1557 852 1610 894 et
1635 844 1756 895 Abi-

219 927 351 973 ron.
383 925 436 966 et
464 914 596 966 sicut
635 914 891 979 principes
921 912 1055 974 illos,
1100 914 1260 964 Datan
1304 921 1357 965 et
1405 913 1621 972 Abiron,
1663 915 1757 964 de-

221 983 440 1048 glutivit
485 982 630 1033 vivos
669 990 829 1041 terra,
859 981 926 1031 ita
978 983 1235 1045 principes
1263 980 1398 1034 inter
1423 980 1518 1033 hos
1543 985 1757 1046 aposta-'

222 1062 330 1111 Ias,
359 1062 415 1102 ut
457 1051 682 1104 Donatus
722 1061 773 1102 et
800 1051 971 1108 Arius,
997 1049 1227 1108 viventes,
1259 1049 1307 1101 id
1347 1059 1444 1111 est,
1474 1050 1755 1115 prudentes

217 1130 278 1170 et
306 1121 554 1177 scientes.
597 1119 894 1172 descendant
937 1119 985 1168 in
1025 1119 1292 1184 infernum,
1333 1117 1384 1170 id
1413 1126 1516 1182 est,
1556 1118 1605 1170 in
1637 1133 1756 1184 pro-

221 1187 446 1240 fundum
471 1188 732 1240 vitiorum.
776 1188 930 1252 Quasi
960 1186 1095 1240 enim
1125 1189 1297 1239 sciens
1335 1187 1385 1238 in
1418 1188 1586 1254 ignem
1636 1198 1755 1238 ma-

222 1259 562 1317 numonittit,
595 1257 681 1323 qui
710 1259 844 1322 quod
875 1270 974 1307 non
1003 1256 1067 1308 sit
1106 1254 1397 1307 faciendum
1428 1255 1546 1318 scit,
1577 1267 1628 1307 et
1650 1271 1752 1308 nou

220 1323 370 1379 facit.
398 1326 502 1379 Nec
529 1326 625 1379 hoc
653 1326 819 1392 (quasi
841 1324 998 1389 dicat)
1025 1339 1084 1376 ex
1113 1323 1470 1375 malevolentia
1498 1326 1633 1383 dico.
1660 1325 1752 1377 sed

221 1397 478 1460 quoniam
526 1397 665 1463 digtii
715 1404 853 1455 sunt,
884 1393 1001 1459 quia
1030 1394 1250 1460 nequitia
1279 1402 1349 1444 est
1380 1395 1430 1443 in
1459 1393 1753 1444 habitaculis

219 1479 426 1529 eorum,
457 1464 504 1516 id
529 1462 626 1527 est,
661 1465 708 1515 in
751 1465 1073 1527 corporibus,
1116 1478 1230 1528 quze
1267 1463 1330 1514 ad
1362 1470 1566 1523 tempus
1609 1462 1753 1514 inha-

221 1532 416 1592 liitant.
446 1535 562 1599 quia
595 1542 713 1584 sunt
741 1532 1028 1597 migraturi,
1065 1539 1116 1581 et
1157 1539 1238 1584 est
1267 1531 1319 1581 in
1357 1531 1538 1591 medio,
1571 1532 1617 1582 id
1649 1539 1750 1592 est,

222 1601 276 1650 iu
305 1603 469 1653 corde
497 1602 725 1654 interiori
752 1615 942 1652 eorum.
968 1599 1114 1662 Quod
1143 1609 1222 1654 est
1249 1599 1423 1653 dicere
1451 1617 1461 1650 :
1493 1600 1752 1654 immundi

219 1680 347 1720 sunt
377 1670 594 1722 interius
622 1681 673 1722 et
701 1670 945 1722 exterius.

300 1736 411 1806 qu
437 1751 621 1791 autem.
655 1740 704 1791 In
744 1738 846 1790 illis
893 1736 1102 1801 quidem
1147 1744 1229 1792 est
1265 1737 1491 1806 nequitia
1531 1738 1670 1793 intus
1698 1746 1751 1793 et

220 1819 326 1857 ext.
350 1809 488 1870 rius;
515 1824 592 1858 me
611 1816 778 1860 autem
809 1806 1011 1858 salvabit
1052 1806 1292 1858 Dominus
1321 1811 1384 1858 ab
1412 1807 1621 1860 illorum
1653 1823 1745 1860 ne-

226 1877 417 1940 quitia,
448 1878 643 1929 scilicet
670 1872 684 1938 ,
715 1891 778 1928 ηε
807 1875 884 1945 eis
911 1873 1235 1945 conformer;
1270 1885 1320 1928 et
1350 1877 1446 1928 hoc
1474 1877 1607 1940 ideo,
1634 1878 1752 1945 quia

225 1945 450 1997 clamavi
471 1947 536 1996 ad
575 1945 751 2006 Deum,
785 1944 832 1996 id
861 1951 968 2006 est,
1016 1945 1078 1994 ad
1124 1944 1289 2011 ipsum
1336 1945 1630 1998 Dominum.
1657 1944 1755 2000 'Ilic

237 2017 333 2064 tlat
364 2016 515 2066 nobis
550 2014 840 2072 exemplum
866 2051 880 2073 ,
907 2013 1128 2077 qualiter
1150 2023 1202 2066 et
1239 2028 1335 2066 nos
1371 2014 1434 2064 ab
1465 2014 1755 2080 hujusmodi

242 2082 475 2147 nequitia
511 2083 766 2149 possimus
795 2081 997 2134 liberari
1023 2123 1037 2148 ,
1069 2083 1283 2145 scilicet,
1317 2082 1357 2135 si
1387 2083 1671 2138 clamemus
1693 2087 1757 2138 ad

227 2149 532 2219 Doiiiinum,
566 2150 615 2202 id
645 2158 749 2212 est,
780 2149 1045 2203 irremisse
1076 2153 1206 2204 bene
1232 2166 1469 2219 agamus.

309 2217 522 2286 Vespere
543 2230 588 2274 et
615 2235 772 2272 mane.
809 2219 1073 2284 Dominus,
1096 2217 1323 2287 inquam.
1350 2222 1555 2274 salt-abit
1583 2238 1682 2286 me,
1707 2233 1759 2276 et

224 2299 330 2354 ego
357 2293 588 2341 salvatus
623 2304 723 2340 non
754 2288 973 2340 existam
1003 2288 1252 2356 ingratus,
1287 2293 1404 2356 quia
1446 2291 1661 2342 narrabo
1693 2294 1758 2344 ad

224 2356 632 2411 a-dilicatiouem
688 2357 944 2420 aliorum,
976 2371 1090 2423 quae
1137 2366 1256 2414 Sunt
1308 2373 1522 2425 vespere,
1574 2362 1620 2412 id
1659 2371 1756 2425 est,

224 2427 582 2491 evangelizata
619 2427 684 2480 de
715 2427 999 2492 prieterito.
1037 2425 1122 2479 Vel
1165 2427 1368 2478 Domini
1415 2429 1755 2495 nativitatem,

225 2497 556 2561 passionem,
589 2495 1024 2547 resurrectionem
1070 2503 1122 2547 et
1161 2497 1374 2557 similia,
1404 2511 1522 2562 qum
1562 2513 1650 2562 per
1678 2516 1760 2552 re-

222 2576 371 2626 spexe
421 2568 776 2630 designantur,
831 2564 947 2629 quia
1007 2565 1214 2629 quando
1263 2580 1478 2630 vespere
1534 2577 1632 2629 cst,
1684 2571 1760 2622 sol

227 2634 528 2703 praterittis
558 2642 664 2703 eat.
692 2631 754 2684 Et
796 2633 1121 2703 annuntiabo,
1164 2637 1299 2700 quod
1341 2644 1460 2686 sunt
1499 2635 1548 2686 in
1599 2653 1760 2703 nume,

225 2700 288 2772 id_
313 2713 415 2762 est,
451 2702 805 2772 evangelilala
839 2702 902 2754 de
947 2701 1154 2772 loturo,
1186 2715 1240 2756 ut
1283 2703 1349 2756 de
1389 2706 1620 2756 secundo
1649 2700 1763 2772 ejus

223 2769 486 2823 adventu.
519 2770 840 2824 Auuuntiare
885 2770 1023 2822 enim
1055 2773 1265 2837 proprie
1309 2775 1530 2837 pertinet
1575 2778 1637 2826 ad
1679 2769 1763 2826 l'u-

224 2845 366 2898 tura,
398 2854 513 2902 qua:
545 2855 632 2904 per
664 2853 815 2909 triaue
842 2839 977 2909 idco
1013 2838 1383 2909 designantur,
1412 2844 1526 2909 quia
1557 2846 1762 2908 quando

227 2920 387 2958 mane
413 2915 513 2966 est.
538 2909 615 2959 sol
639 2907 809 2977 adhuc
837 2907 1034 2959 iuturus
1067 2907 1165 2961 est.
1193 2911 1255 2962 Et
1283 2907 1400 2977 quia
1430 2907 1526 2977 ego
1549 2907 1764 2966 narrabo

219 2989 446 3039 uespere,
475 2985 519 3026 et
548 2975 852 3027 annuntiabo
884 2992 1046 3037 inane,
1077 2978 1191 3030 ideo
1219 2975 1764 3036 Dominus—exaudivit

225 3057 410 3095 vocem
445 3059 610 3098 meam
639 3044 688 3097 in
730 3046 954 3108 meridie,
992 3045 1040 3097 id
1069 3057 1166 3107 est,
1199 3048 1370 3102 dando
1400 3049 1523 3101 mihi
1568 3060 1765 3104 attenta

220 3110 360 3185 bona
392 3124 442 3166 et
484 3115 762 3185 manentia.
794 3115 930 3185 Quae
957 3115 1072 3166 ideo
1101 3116 1439 3185 designantur
1465 3133 1556 3184 per
1598 3122 1758 3172 meri-

223 3183 401 3251 diem,
435 3184 550 3248 quia
581 3186 788 3250 quando
815 3185 888 3236 sol
921 3184 971 3237 in
1002 3183 1325 3238 meridioiiali
1360 3183 1555 3238 circulo
1584 3198 1682 3251 est,
1707 3198 1760 3241 et

221 3249 398 3322 major
427 3249 674 3318 Splendor
701 3267 751 3306 et
783 3253 953 3305 fervor
983 3262 1080 3314 est,
1114 3267 1160 3307 et
1195 3255 1338 3322 quasi
1361 3264 1483 3318 stat,
1515 3256 1632 3321 quia
1664 3249 1759 3312 nec

218 3318 530 3392 inasceusu
569 3329 621 3373 ct
661 3325 917 3392 descensu
956 3331 1055 3376 est.
1086 3318 1222 3376 Nihil
1264 3339 1387 3377 vero
1425 3318 1629 3392 dignius
1657 3337 1760 3380 slal.

219 3388 306 3437 vel
353 3397 530 3460 inauet
557 3391 869 3460 quainillud
898 3398 980 3443 cui
1010 3392 1140 3460 nihil
1186 3395 1383 3446 accedit
1428 3388 1506 3446 vel
1540 3397 1756 3460 recedit,

219 3464 279 3505 ut
313 3459 613 3528 aeternitati.
650 3459 736 3512 Vel
767 3459 919 3528 aliter
946 3477 957 3510 :
995 3459 1228 3512 Narrabo
1257 3478 1370 3528 quas
1399 3476 1518 3516 sunt
1548 3465 1678 3516 facta
1707 3459 1756 3520 in

215 3539 442 3599 vespere,
493 3526 538 3577 id
596 3538 694 3588 est,
741 3527 1045 3599 sapientiam
1101 3526 1388 3583 morientis.
1438 3531 1490 3583 lu
1540 3548 1757 3599 vespvre

222 3598 372 3668 enim
404 3610 638 3668 tuor-uos
666 3603 746 3668 est
784 3595 1053 3668 Dominus.
1103 3599 1156 3668 in
1199 3615 1300 3659 quo
1331 3600 1512 3652 miram
1543 3595 1756 3668 sapien-

221 3659 379 3724 tiam,
414 3662 529 3716 licet
555 3666 1032 3738 gentibnsstultitia
1064 3667 1317 3733 videatur,
1347 3659 1758 3738 ειμι-ειιίιξψιῑε

218 3742 397 3783 moite
426 3747 517 3784 sua
550 3733 816 3792 temporali
860 3745 1087 3787 nostram
1141 3747 1360 3789 mortem
1386 3749 1632 3792 attentam
1654 3733 1757 3794 'de-

222 3801 437 3876 struxit.
471 3802 533 3854 Ει
563 3806 774 3876 narrabo
805 3818 922 3869 qua:
967 3815 1088 3876 sunt
1125 3805 1254 3856 farta
1287 3808 1337 3859 ili
1370 3823 1531 3869 mane,
1578 3809 1624 3861 id
1653 3822 1752 3876 εει,

220 3867 385 3918 vitam
425 3872 772 3936 resurgentis;
803 3867 958 3925 mane
986 3874 1123 3926 enim
1165 3879 1451 3929 resurrexit
1485 3867 1750 3941 Dominus,

219 3943 285 3988 et.
304 3950 398 3988 sua
430 3945 809 3992 resurrectione
857 3943 1004 3993 nobis
1048 3946 1156 3995 vias
1188 3945 1304 3996 vita:
1352 3946 1652 4000 notilicavnt.
1687 3946 1753 3999 Et

213 4007 530 4081 annuntiabo
555 4022 670 4073 quae
695 4017 816 4081 sunt
844 4007 974 4060 facta
1004 4009 1052 4061 in
1084 4013 1306 4081 meridie,
1335 4015 1382 4065 id
1411 4022 1508 4072 est,
1538 4016 1752 4081 gloriam

214 4074 585 4146 ascendentis,
613 4087 663 4128 et
695 4078 758 4127 ad
789 4078 1055 4131 dexteram
1085 4077 1174 4131 Dei
1205 4074 1372 4133 Patris
1399 4074 1751 4146 consédcntia,

218 4142 312 4192 ubi
359 4144 993 4216 interpellat_pro_nobis,
1025 4149 1159 4213 quod
1201 4164 1293 4216 per
1335 4151 1469 4204 hunc
1513 4142 1753 4207 ell‘ectuni

216 4220 470 4282 apparet,
496 4225 632 4282 quia
659 4213 907 4268 Dominus
937 4217 1088 4268 Pater
1123 4213 1353 4270 exaudiet
1383 4235 1541 4272 l'OCPm
1572 4238 1749 4275 meam.

225 4278 320 4352 Vel
366 4281 550 4352 aliter:
586 4280 817 4334 Narrabo
855 4299 970 4349 qua:
1001 4289 1251 4339 narranda
1281 4298 1402 4340 sunt
1430 4290 1493 4342 ad
1525 4291 1751 4344 aedilicii-

219 4350 431 4424 tionem
455 4350 504 4400 in
549 4366 752 4424 uespere
787 4362 833 4404 et
860 4369 1002 4406 mane
1025 4391 1040 4416 ,
1084 4355 1132 4406 id
1173 4366 1284 4419 est,
1315 4359 1364 4409 in
1393 4358 1752 4424 prosperitate.

217 4416 500 4494 Qua-ideo
529 4416 864 4494 designantur
891 4437 982 4489 per
1013 4437 1225 4489 vespere
1254 4416 1306 4494 et
1335 4416 1484 4478 mane
1505 4416 1527 4488 ,’
1553 4429 1670 4494 quia
1701 4429 1750 4481 in

1858 581 2045 618 mecum
2073 569 2200 618 inter
2235 570 2435 627 multos,
2481 569 2530 619 id
2572 577 2671 627 est,
2706 568 2839 620 inter
2880 569 3069 630 paleas.
3119 583 3218 618 non
3252 569 3390 620 inter

1857 649 2019 698 grana
2047 651 2060 697 ;
2097 637 2269 698 plures
2299 636 2438 688 enim
2468 638 2626 702 paleae
2657 639 2844 689 suntin
2878 650 3000 688 area
3021 651 3172 705 quam
3201 651 3384 703 gratia.

1856 706 1943 756 Sic
1973 705 2278 772 ctrsimulati
2307 706 2458 757 amici
2509 707 2678 772 plures
2717 715 2836 757 sunt
2863 719 3017 770 quam
3059 705 3165 755 veri
3204 709 3382 765 amici,

1855 774 1921 823 de
1948 771 2130 836 quibus
2157 773 2350 824 dictum
2379 786 2455 825 est
2488 771 2775 826 {Amicitiae
2802 789 2953 841 genus
2980 775 3249 841 pessimum
3289 782 3382 835 est,

1858 841 2010 891 corde
2032 856 2137 893 esse
2157 843 2484 899 adversarios,
2515 841 2686 904 lingua
2713 845 2944 894 simulare
2969 844 3186 893 devotos.
3277 885 3285 892 .

1927 908 2174 961 Exaudtel
2208 909 2359 961 Deus.
2393 911 2521 961 Vere
2552 899 2686 964 ﬂens
2725 913 2928 964 redimet
2967 914 3185 962 animum
3221 923 3380 960 meam

1855 976 1921 1028 ab
1964 978 2092 1037 illis,
2127 977 2246 1045 quia
2294 976 2429 1030 Deus
2473 982 2702 1030 exaudiet
2751 995 2866 1039 me,
2899 988 2952 1032 ει
2995 980 3386 1039 exaltab:t;eos

1857 1058 1982 1097 vero
2010 1047 2094 1111 qui
2128 1061 2185 1100 se
2213 1055 2500 1099 erexerunt
2547 1048 2598 1098 in
2639 1047 3057 1109 dissensionem,
3104 1045 3385 1099 humiliabi:

1855 1113 1906 1165 in
1944 1115 2367 1174 damnationem.
2411 1115 2548 1168 Deus
2588 1117 2736 1182 dico,
2779 1119 2861 1180 qui
2905 1126 2972 1168 est
3016 1127 3130 1168 ante
3173 1115 3382 1169 sucula.

1859 1182 2019 1246 Quasi
2070 1185 2254 1236 dicat:
2289 1183 2608 1252 llloshomo
2654 1186 2741 1252 qui
2782 1187 2874 1236 l'uit
2911 1200 2976 1238 ex
3018 1193 3286 1252 tempore.
3329 1194 3385 1236 ut

1860 1252 2090 1303 Donatus
2111 1290 2124 1312 ,
2155 1253 2234 1305 vel
2277 1251 2462 1320 aliquis
2490 1252 2626 1312 talis.
2656 1255 2854 1316 erexit;
2892 1255 3025 1306 Deus
3054 1251 3174 1306 vero
3199 1255 3286 1318 qui
3313 1265 3383 1306 est

1855 1330 1970 1370 ante
2008 1320 2206 1389 stecula.
2241 1320 2289 1372 id
2321 1331 2418 1381 est,
2450 1323 2534 1387 qui
2566 1332 2644 1375 est
2674 1323 2786 1375 sine
2819 1337 3068 1389 tempore,
3103 1323 3386 1372 humiliabit

1855 1389 1987 1440 illos.
2022 1388 2167 1442 Unde
2191 1390 2317 1442 dicit
2355 1389 2694 1442 Cassiiodorus
2729 1410 2738 1442 :
2775 1391 2889 1442 Non
2926 1388 2985 1442 sit
3023 1393 3106 1442 tibi
3142 1393 3382 1442 Dominus

1854 1474 1944 1522 pro
1976 1459 2205 1521 Domino,
2245 1459 2329 1526 qui
2374 1460 2533 1511 noluit
2575 1477 2679 1513 esse
2720 1476 2981 1512 conservus
3015 1471 3130 1512 tuus
3156 1461 3243 1511 sub
3274 1459 3380 1510 θος

1853 1544 2002 1577 mmo.

1923 1595 2042 1648 Non
2069 1610 2198 1646 enim
2220 1605 2291 1648 est
2318 1597 2438 1650 illis.
2469 1597 2650 1649 Mei-ito
2677 1613 2765 1651 eos
2795 1599 3108 1659 humiliahit,
3135 1598 3251 1665 quia
3283 1596 3382 1649 illis

1851 1681 1948 1715 non
1977 1677 2046 1716 est
2067 1667 2383 1716 commutatio
2415 1669 2464 1717 in
2493 1670 2756 1732 praesenti,
2782 1679 2832 1720 et
2866 1669 2978 1719 ideo
3021 1683 3122 1719 non
3152 1669 3251 1721 erit
3280 1667 3293 1718 i
3318 1666 3382 1718 lis

1852 1733 1901 1784 iu
1936 1734 2124 1785 futuro.
2176 1734 2284 1786 lloc
2328 1744 2429 1798 est,
2461 1737 2580 1802 quia
2624 1751 2728 1788 non
2761 1737 3050 1789 habuerunt
3093 1744 3295 1803 partem
3330 1751 3378 1786 in

1859 1803 2021 1865 prima
2055 1803 2453 1864 resurrectione,
2489 1818 2583 1855 nec
2615 1806 2872 1857 habebunt
2900 1807 2949 1856 in
2986 1807 3241 1858 secunda.
3270 1805 3384 1856 Erit

1782 1843 1826 1900 Β
1859 1843 2026 1922 ίειιιειι
2074 1874 2291 1922 mutatio
2327 1874 2406 1924 eis
2439 1845 2503 1923 ἰη
2556 1872 2728 1926 luluio
2776 1890 2867 1941 per
2907 1874 3340 1926 resurrectionem
3366 1911 3383 1936 ,

1855 1941 1945 2008 sed
1977 1955 2080 1992 non
2109 1944 2207 1991 erit
2234 1945 2310 1992 eis
2336 1944 2695 2006 commutatio,
2723 1943 2771 1995 id
2801 1954 2879 1996 est
2917 1944 2969 1995 in
3000 1943 3186 1995 melius
3215 1951 3383 1995 muta-

1859 2009 1946 2067 tiu,
1980 2011 2099 2072 quia
2132 2019 2405 2077 resurgent
2426 2012 2490 2062 ad
2526 2011 2750 2076 poenam,
2779 2027 2881 2064 non
2907 2013 2971 2066 ad
2995 2011 3232 2078 gloriam.
3262 2012 3378 2062 Non

1857 2089 1928 2130 est
1949 2080 2050 2130 illis
2073 2119 2085 2139 ,
2120 2079 2352 2143 inquam,
2380 2089 2718 2142 commutatio,
2750 2093 2800 2132 et
2831 2083 2927 2134 hoc
2955 2083 3093 2143 ideo,
3122 2083 3238 2147 quia
3281 2097 3382 2132 non

1859 2147 2125 2198 timuerunt
2156 2147 2338 2208 Deum,
2371 2150 2419 2199 id
2440 2159 2541 2210 est,
2568 2147 2796 2216 judicem
2828 2151 3055 2203 futurum
3083 2165 3184 2202 nou
3215 2158 3387 2202 atteu-

1857 2216 2067 2277 derunt,
2102 2226 2157 2268 ut
2199 2220 2440 2268 mandata
2484 2220 2598 2283 ejus
2624 2220 2968 2272 cusmdireut.
3012 2219 3073 2270 Et
3103 2219 3218 2270 ideo
3249 2218 3384 2271 Deus

1857 2287 2074 2336 extendit
2119 2300 2322 2336 manuni
2361 2302 2502 2337 suam
2545 2289 2597 2337 in
2639 2287 2972 2352 retribuendo,
3001 2286 3050 2338 id
3077 2297 3176 2350 est,
3209 2287 3388 2352 plena-

1857 2355 1986 2404 riatn
2025 2354 2206 2405 iul‘~ret
2243 2356 2482 2420 nequitia:
2507 2369 2689 2408 eorum
2731 2357 3150 2410 retributionem.
3186 2354 3248 2408 Et
3273 2371 3382 2409 me-

1859 2424 1980 2486 rito,
1999 2422 2116 2489 quia
2145 2425 2238 2486 ipsi
2262 2424 2734 2489 contaminarerunt,
2762 2426 2810 2478 id
2834 2433 2934 2488 est,
2963 2425 3382 2493 di-pravaverunt

1859 2500 2221 2563 testamentum,
2249 2493 2312 2563 id
2358 2505 2453 2549 est.
2490 2494 2862 2563 prouiissiones
2899 2499 3028 2563 ejus.
3061 2494 3208 2558 Quod
3245 2511 3383 2546 entttt

1860 2558 2056 2612 dicuim
2087 2573 2167 2613 est
2197 2561 2259 2612 ad
2293 2564 2555 2613 Abraham
2590 2580 2600 2612 :
2630 2561 2693 2615 In
2721 2566 2904 2616 semine
2919 2558 3014 2614 'tuo
3043 2563 3386 2614 benedicentur

1860 2643 2028 2680 amnes
2055 2639 2244 2696 gentes,
2269 2630 2366 2683 hoc
2393 2644 2712 2695 pervertant.
2739 2634 2880 2684 vterbi
2901 2633 3088 2699 gratia,
3112 2641 3162 2681 ιη
3198 2631 3265 2681 illi
3297 2633 3383 2697 qui

1859 2701 1921 2748 ad
1974 2703 2140 2749 solam
2193 2701 2420 2751 Africam
2471 2702 2569 2752 hoc
2619 2705 2878 2768 pertinere
2915 2698 3120 2753 dicunt.
3165 2698 3225 2750 Et
3269 2702 3385 2753 ideo

1859 2767 2000 2816 divisi
2029 2776 2143 2818 sunt
2176 2783 2275 2818 nou
2297 2784 2323 2818 a
2353 2767 2848 2823 contauiinantilms.
2867 2769 2930 2822 Et
2961 2772 3058 2822 hoc
3089 2769 3149 2820 ab
3176 2771 3250 2820 ira
3278 2773 3382 2820 val-

1861 2845 1938 2885 lus
1961 2839 2088 2904 ejus,
2117 2839 2163 2886 id
2194 2846 2290 2898 cst,
2328 2852 2416 2901 per
2467 2842 2594 2890 iram
2641 2850 2901 2890 ostensam
2955 2839 3003 2889 iu
3050 2838 3384 2890 vultuositate

1867 2907 2000 2970 ejus,
2036 2907 2083 2956 id
2113 2913 2214 2968 est,
2249 2905 2358 2956 Dei.
2405 2905 2564 2958 Divisi
2594 2919 2715 2961 sunt
2756 2908 2894 2960 enim
2921 2906 3029 2975 jam
3071 2906 3136 2975 ab
3167 2906 3266 2957 illis
3294 2922 3385 2974 per

1862 2976 2160 3025 interiorem
2199 2977 2508 3040 caecitatem,
2551 2979 2598 3028 id
2629 2989 2729 3040 est,
2762 2974 3048 3029 moraliter.
3079 2974 3386 3029 Divideutnr

1860 3044 2014 3094 etiam
2060 3051 2182 3096 tunc
2228 3044 2485 3108 locditcr,
2531 3060 2647 3097 cum
2697 3048 2901 3099 dicetur
2928 3048 3005 3099 eis
3035 3062 3047 3095 :
3081 3042 3178 3104 Ite.
3230 3048 3386 3098 male-

1861 3113 1998 3175 dicti,
2032 3113 2082 3162 itt
2107 3116 2266 3179 ignem
2290 3122 2547 3164 a'ternum.
2578 3115 2633 3165 Et
2669 3117 2769 3167 illis
2795 3114 3272 3167 conlaminautbus
3301 3117 3385 3166 \Ii‘

1862 3180 1986 3232 visis
2015 3189 2068 3231 et
2111 3183 2404 3244 excazcatis,
2438 3198 2526 3234 cor
2553 3184 2710 3248 illus,
2760 3184 2806 3235 id
2837 3195 2950 3244 est,
2989 3185 3108 3246 Dei,
3157 3184 3255 3237 hoc
3284 3194 3386 3248 est,

1859 3261 2004 3318 sacra
2038 3250 2322 3316 Scriptura,
2351 3265 2465 3318 quae
2497 3253 2613 3305 ideo
2643 3253 2830 3306 dicitur
2849 3268 2940 3306 cor
2966 3252 3078 3313 Dei,
3111 3253 3229 3318 quia
3258 3268 3385 3305 cou-

1861 3317 1990 3390 tinet
2026 3321 2270 3390 interiora
2299 3330 2353 3373 et
2372 3317 2573 3373 ncculta
2601 3323 2844 3390 mysteria
2875 3323 2941 3375 de
2971 3334 3057 3382 eo,
3089 3317 3169 3374 illa
3193 3337 3381 3389 appro-

1861 3389 2131 3455 pinquavit,
2161 3388 2207 3440 id
2237 3397 2338 3449 est,
2370 3390 2619 3453 patefacta
2645 3388 2746 3454 est,
2780 3406 2880 3443 non
2909 3388 3384 3443 contaminantibus

1860 3466 2249 3510 testamentum.
2279 3457 2412 3521 Quia
2442 3459 2578 3512 enim
2620 3459 2689 3511 illi
2740 3461 2930 3526 repulsi
2974 3470 3131 3522 sunt,
3167 3472 3384 3514 necesse

1860 3526 1953 3577 fuit
1992 3526 2126 3590 illis,
2158 3526 2208 3578 id
2237 3539 2337 3590 est,
2377 3529 2849 3582 contaminautibus
2869 3569 2884 3592 ,
2916 3529 3215 3595 perquirere
3245 3543 3380 3582 Veri-

1862 3604 2017 3646 tatem
2071 3596 2478 3661 Scripturarum,
2526 3609 2581 3650 ut
2631 3600 2831 3665 passim
2884 3600 3126 3652 resistere
3175 3596 3386 3655 falsitati

1860 3665 2087 3719 illorum.
2139 3666 2203 3717 Et
2247 3668 2326 3718 sic
2365 3668 2647 3732 Scripturte
2692 3671 2769 3720 eis
2813 3670 3384 3734 appropinquaverunt.

1859 3735 1977 3802 quia
2006 3747 2200 3802 quanto
2240 3738 2402 3800 magis
2441 3745 2493 3788 et
2533 3737 2723 3802 smpius
2749 3751 2837 3788 eas
2867 3738 3203 3803 qutnsietuut,
3239 3746 3386 3791 tanto

1860 3806 2021 3873 inagis
2057 3803 2622 3858 intellexerunt.~Unde
2665 3806 2946 3871 Apostolus
2975 3820 2988 3857 :
3024 3803 3231 3873 Oportet
3271 3807 3382 3861 esse

1857 3870 2084 3931 Itwreses,
2119 3883 2170 3922 ut
2197 3873 2280 3936 qui
2302 3874 2492 3938 probati
2520 3883 2634 3926 sunt
2656 3870 2903 3937 manifesti
2928 3870 3072 3940 ﬁant.

1930 3941 2116 3993 Molliti
2151 3954 2262 3993 sunt
2290 3958 2538 3994 sermones
2575 3945 2702 4012 ejus.
2739 3942 2958 4012 Exponit
2989 3942 3256 4008 quomodo
3293 3960 3387 3999 cur

1861 4009 1949 4062 Dei
1984 4014 2084 4063 illis
2114 4012 2545 4079 appmpinquabit
2571 4009 2710 4073 (ita,
2750 4010 2988 4073 Scilicet,
3021 4014 3136 4078 quia
3178 4013 3380 4077 molliti,

1859 4079 1908 4131 id
1949 4091 2045 4138 est,
2095 4078 2443 4150 itttclligibiles
2487 4078 2608 4133 facti
2654 4093 2766 4133 sunt
2809 4081 2909 4132 illis
2951 4095 3200 4132 sermones
3244 4085 3376 4150 ejus,

1857 4151 2074 4209 scilicet,
2111 4148 2220 4208 llei,
2256 4151 2305 4199 in
2351 4151 2539 4214 quibus
2590 4150 2763 4202 solent
2803 4164 2918 4202 esse
2948 4151 3185 4216 quaedam
3223 4148 3372 4213 dita,

1859 4227 1912 4268 ut
1934 4231 2057 4267 'cuin
2091 4218 2336 4269 Dominus
2380 4219 2510 4270 dixit
2540 4236 2551 4267 :
2588 4217 2703 4269 Nisi
2734 4220 3145 4270 manducaveritis
3183 4235 3381 4272 carnem

1855 4299 2037 4345 meam,
2061 4298 2107 4337 et
2131 4285 2346 4337 biberitis
2380 4288 2668 4353 sanguinem
2703 4305 2884 4352 meum,
2918 4304 3016 4339 non
3045 4287 3283 4341 habebitis
3311 4291 3382 4340 vi-

1856 4365 1977 4426 tam.
2008 4355 2171 4406 Durus
2201 4366 2270 4406 est
2292 4357 2370 4426 hic
2398 4372 2558 4408 sermo
2577 4398 2589 4416 ,
2611 4361 2785 4425 etquis
2806 4357 2981 4426 poterit
3021 4371 3132 4407 eum
3167 4358 3385 4411 audire?

1861 4422 1922 4473 Et
1945 4425 2272 4497 scandalizati
2299 4425 2452 4492 ferme
2481 4422 2792 4497 septuaginta
2807 4422 2916 4478 duo
2943 4426 3168 4497 abierunt
3198 4439 3382 4480 retror-

221 4484 312 4569 llis
349 4483 554 4569 duobus
595 4483 920 4568 temporibus
963 4483 1337 4557 temperantior
1359 4509 1454 4569 aer
1495 4483 1582 4546 est
1616 4511 1643 4546 ε
1670 4512 1748 4548 ca-
1786 4507 1987 4569 Deum.
2033 4490 2189 4569 Pt-trti
2234 4483 2356 4569 vero
2406 4483 2573 4569 mollis
2613 4483 2906 4569 ΔΙιῖεεενιιιο
2946 4495 3111 4569 lactus
3141 4505 3242 4569 est,
3277 4513 3379 4569 non

221 4552 379 4613 lore;
420 4561 473 4605 et
521 4555 640 4620 quia
689 4559 1038 4629 vespertinum
1071 4552 1144 4629 ἐι
1191 4562 1497 4612 matutinum
1549 4572 1756 4629 tempus

217 4631 436 4694 propter
463 4636 602 4673 aurae
629 4626 968 4678 mutationem
1013 4628 1370 4694 navigantibus
1401 4639 1452 4683 et
1497 4631 1613 4683 aliis
1645 4626 1761 4686 tali-

218 4691 657 4765 busprosperum
698 4693 834 4765 solet
879 4707 1016 4765 esse.
1060 4691 1468 4750 Et'annuntiabo
1498 4703 1657 4754 etiam
1694 4703 1757 4754 ad

218 4760 501 4832 utilitatem
530 4761 748 4832 proximi
783 4761 834 4832 iu
859 4764 1094 4827 meridie,
1126 4765 1172 4816 id
1202 4777 1314 4832 εμι,
1345 4770 1395 4821 in
1426 4768 1758 4825 adversitatis

220 4827 458 4902 fervore.
501 4831 645 4893 Quod
678 4831 995 4904 est_diccre:
1025 4834 1131 4887 Nec
1160 4827 1328 4900 erigar
1372 4837 1425 4892 in
1471 4841 1754 4904 prosperis,

215 4900 610 4972 amputantem,
636 4912 731 4951 nec
757 4900 1243 4972 lrangaradversis,
1271 4907 1397 4972 quin
1427 4900 1752 4962 annuntictn.

218 4962 290 5014 Et
324 4963 439 5016 ideo
470 4968 748 5029 Dominus,
778 4962 902 5021 cuni
923 4971 986 5023 ad
1013 4987 1130 5024 eum
1160 4962 1487 5035 clani'avero.
1527 4977 1758 5030 exaudiet

213 5044 388 5081 uocem
408 5047 597 5093 meam;
621 5045 668 5107 et
693 5037 790 5089 hoc
813 5041 966 5091 modo
988 5041 1245 5105 exaudiet,
1274 5042 1390 5107 qliia
1416 5044 1622 5095 redimet
1645 5047 1758 5097 ani-

215 5114 356 5149 mam
384 5116 561 5180 meam,
588 5105 727 5180 prius
755 5117 972 5170 positam
999 5108 1051 5158 in
1073 5125 1209 5175 pace,
1235 5105 1412 5173 idest,
1431 5114 1548 5178 quia
1579 5128 1754 5180 pacem

212 5170 450 5244 servavit
474 5170 608 5249 inter
635 5173 872 5249 odieutes
921 5170 1118 5249 pacem,
1154 5195 1248 5232 nec
1274 5170 1408 5233 inter
1436 5170 1750 5249 persequen-

223 5249 312 5290 tes
331 5238 870 5316 ρηιιειιειιεειιοηειη
893 5238 951 5316 ab
977 5248 1072 5307 Itis,
1105 5238 1152 5298 id
1174 5255 1282 5308 est,
1312 5265 1338 5300 a
1367 5238 1622 5316 poiestate
1652 5267 1702 5303 et
1725 5267 1753 5304 ει

214 5303 637 5384 οοιιῐοτιηειιυηε
662 5322 841 5384 eorum
868 5315 951 5378 qui
976 5303 1378 5384 appropinquani
1413 5322 1554 5381 mihi,
1584 5303 1631 5371 id
1654 5303 1754 5382 est,

218 5377 315 5442 qui
344 5376 617 5454 es_vicino
663 5376 1197 5454 adversantur'inihi,
1237 5376 1368 5454 quia
1417 5398 1472 5441 et
1515 5376 1756 5442 c'ontives

216 5455 366 5522 sunt.
418 5445 481 5497 Et
533 5446 819 5522 ideo.diCo
863 5445 1286 5522 appmpinqnant',
1343 5460 1575 5522 quoniam
1631 5461 1758 5509 inter

216 5514 433 5575 multos,
476 5515 764 5569 secundum
811 5514 1030 5571 ordines
1073 5514 1427 5576 iii—stitutorum
1466 5537 1524 5578 .et
1577 5540 1755 5578 sacra-

216 5593 542 5646 uientorum,
591 5596 729 5637 erant
778 5600 985 5637 mecum.
1037 5586 1202 5640 llabet
1250 5592 1349 5644 alia
1400 5593 1695 5646 Trauslatio
1740 5614 1753 5647 :

218 5651 474 5712 Quoniam
513 5656 641 5706 inter
665 5657 836 5721 paleas
862 5663 1000 5707 erant
1029 5671 1234 5719 mecum,
1258 5662 1392 5723 quod
1424 5664 1609 5714 melius
1639 5665 1756 5716 huic

214 5724 497 5774 sententia:
526 5728 748 5780 accedit.
778 5725 867 5779 Vel
911 5730 1057 5781 aliter
1091 5742 1101 5775 :
1144 5727 1264 5780 Ideo
1293 5732 1645 5785 necessarium
1676 5742 1756 5785 est

1866 4568 2035 4633 tamen
2071 4564 2188 4627 quia
2239 4563 2423 4633 Petrus
2471 4565 2570 4633 hoc
2612 4565 2952 4633 intelligebat,
2998 4564 3090 4616 sed
3133 4565 3254 4632 quia
3295 4567 3381 4633 pie

1859 4628 2055 4702 dictum
2079 4641 2154 4683 est
2183 4632 2449 4683 credebat.
2487 4631 2672 4683 Molliti
2699 4628 2833 4695 sunt,
2864 4632 3096 4702 inquam,
3128 4628 3378 4687 sermones

1859 4698 1986 4764 ejus,
2015 4709 2064 4749 et
2107 4715 2206 4750 non
2239 4715 2437 4765 parum,
2481 4707 2569 4752 sed
2602 4717 2748 4768 super
2784 4698 2965 4760 oleuni,
2997 4699 3046 4751 id
3085 4712 3186 4764 est,
3221 4715 3381 4768 super

1857 4781 2062 4818 onmem
2133 4770 2382 4832 liquorc-m
2456 4768 2817 4821 lltttilleblllllllll
2873 4779 2924 4821 et
2992 4769 3370 4824 tenuissimum.

1857 4835 2036 4887 Oleum
2064 4834 2197 4885 enini
2230 4838 2290 4885 ait
2323 4851 2382 4888 ea
2412 4840 2567 4889 molle
2604 4849 2656 4890 et
2688 4851 2838 4890 tenue
2868 4847 2981 4902 est,
3011 4837 3148 4904 quod
3185 4838 3374 4893 dicitur

1855 4917 2044 4968 corpus
2072 4914 2378 4969 penetrare;
2405 4921 2673 4959 settuones
2703 4921 2825 4958 vero
2856 4907 2938 4959 isti
2977 4908 3146 4960 adhuc
3177 4909 3378 4962 mollio-

1856 4987 1938 5042 res
1967 4984 2104 5042 sum,
2136 4975 2253 5038 quia
2281 4986 2549 5037 penetrant
2582 4990 2744 5042 usque
2771 4977 2835 5028 ad
2873 4975 3118 5028 animam.
3160 4977 3221 5030 Et
3254 4979 3378 5032 licet

1855 5040 1937 5113 ita
1959 5041 2142 5113 molles
2185 5043 2305 5093 lat-ti
2352 5045 2489 5106 sint,
2520 5040 2670 5096 vires
2697 5058 2867 5098 tamen
2918 5061 3019 5097 non
3060 5047 3370 5113 amiserunt,

1854 5108 1968 5178 quia
1997 5111 2089 5175 ipsi
2127 5119 2243 5160 sunt
2279 5113 2475 5178 jacula,
2510 5115 2556 5164 id
2586 5122 2686 5178 est,
2716 5121 2920 5166 armant
2942 5124 2993 5167 et
3019 5119 3253 5166 muniunt
3283 5108 3376 5168 εοὲ

1854 5177 1919 5228 ab
1951 5179 2182 5229 hostibus
2211 5195 2223 5240 ;
2253 5177 2304 5230 et
2335 5183 2428 5248 ipsi
2470 5177 2679 5234 mittunt
2704 5197 2795 5234 eos
2830 5184 2968 5234 Velut
2996 5181 3211 5247 sagittas
3246 5199 3376 5238 acu-

1860 5254 1954 5304 tas.
1987 5249 2141 5298 cortla
2172 5251 2515 5313 tiansieutes,
2542 5261 2594 5302 et
2623 5252 2929 5303 ctiaritatein
2960 5251 3306 5306 imeudentes.

1922 5314 2075 5388 Jacta‘
2107 5332 2254 5378 super
2294 5318 2558 5370 Dontinum
2605 5335 2777 5370 curam
2821 5333 2970 5378 tuam,
3017 5330 3060 5369 et
3107 5321 3244 5388 ipse,
3275 5335 3378 5374 etc.

1857 5383 1948 5435 llic
1977 5385 2222 5454 majores,
2262 5401 2484 5452 quorum
2520 5403 2617 5439 vox
2648 5399 2746 5447 est,
2791 5388 2839 5438 in
2873 5391 2967 5438 hoc
3011 5383 3377 5454 psalnio'hor-

1858 5461 2027 5523 tautur
2059 5453 2334 5507 inferiores
2362 5471 2503 5508 suos.
2527 5456 2681 5522 Quasi
2713 5456 2848 5506 dicat
2874 5473 2884 5505 :
2914 5455 2977 5508 Ut
3007 5455 3150 5508 vobis
3171 5474 3374 5523 quoque

1858 5522 2192 5594 interioribus
2223 5526 2522 5578 molliantur
2550 5538 2818 5577 sermones
2849 5524 2958 5587 Dei,
2992 5525 3110 5577 ideo
3140 5535 3190 5576 ιιι
3219 5522 3377 5594 quili-

1857 5592 1942 5640 bet
1963 5593 2105 5656 jacta
2145 5605 2316 5642 curam
2358 5604 2509 5655 tuam,
2557 5593 2604 5645 id
2636 5604 2738 5654 est,
2778 5603 2919 5646 tuum
2965 5609 3170 5654 curare,
3203 5592 3379 5659 reputa

1857 5660 1982 5710 nihil
2021 5659 2112 5729 tibi
2161 5666 2428 5725 prodesse,
2468 5666 2556 5714 sed
2609 5663 2777 5729 ipsum
2823 5662 3004 5715 salutis
3055 5669 3152 5712 ture
3201 5677 3378 5716 curam

1855 5742 2058 5795 gerere.
2087 5728 2238 5780 Juxta
2269 5734 2404 5797 quod
2434 5732 2556 5782 alibi
2587 5728 2782 5786 dictum
2805 5741 2884 5785 est
2915 5747 2925 5781 2
2963 5733 3167 5788 Omnem
3191 5729 3380 5783 sollici-
