3898 6226
575 362 677 413 ’779

1056 356 1251 413 ΒΕΒᾸΞ
1293 358 1737 413 VENEBADIIJS
1773 358 1919 412 DPP.
1962 357 2134 413 PARS
2173 358 2236 411 11.
2276 357 2465 412 SECT.
2510 358 2569 411 ll.
2598 387 2668 399 —
2728 358 2928 415 DUBIA
2970 358 3054 413 ΕΤ
3092 360 3359 415 SPURIA.
3695 361 3775 412 τυ

530 448 533 449 ν
569 489 745 527 norum
776 473 1006 539 perfectio
1035 480 1204 531 restat,
1234 472 1349 537 quia
1380 486 1491 522 cum
1519 470 1583 539 ad
1613 471 1777 537 ipsum
1806 469 2080 521 venerimus
2106 508 2122 530 ,
2156 470 2200 528 Α
2228 468 2329 539 dici
2363 468 2555 539 fugisse
2580 506 2595 530 ,
2625 467 2829 521 scilicet
2852 509 2867 533 ,
2898 468 3017 533 quia
3049 469 3100 521 in
3137 477 3340 521 tantum
3373 481 3564 539 passus
3609 482 3691 523 est
3730 490 3771 522 ιε

570 547 693 598 nihil
722 538 1089 605 ultraqntrrere
1110 556 1233 609 opus
1255 539 1513 592 habemus.
1536 538 1615 609 Ne
1636 542 1899 605 disperdas
1924 539 2085 590 David
2108 555 2123 590 :

575 612 855 679 prohibetur
884 626 914 660 η
943 610 1096 661 Saule
1121 609 1366 679 disperdi,
1394 610 1479 676 qui
1507 626 1539 660 a
1568 608 1782 659 Domino
1808 610 1970 675 fuerat
1998 623 2128 679 pric-

571 676 774 751 paratus
799 679 865 751 ad
886 692 1117 746 regnum.
1147 676 1209 729 In
1233 679 1365 751 tituli
1391 680 1717 751 inscriptione
1742 694 1758 731 :
1779 680 1872 730 hoc
1896 694 1996 751 non
2023 677 2126 728 Da-

566 748 671 817 vid,
705 752 791 804 sed
824 749 1036 800 Domino
1067 748 1313 808 convenit,
1344 764 1403 800 ne
1434 750 1657 817 videlicet
1686 750 1897 813 scriptus
1922 748 1972 799 in
2004 764 2124 813 pas-

568 816 705 875 sione
731 822 908 872 titulus
932 828 1231 881 mutaretur,
1265 820 1351 869 sed
1389 818 1506 885 quia
1540 816 1702 868 David
1735 818 1918 869 (.hristi
1951 832 2125 884 perso-

562 910 683 947 nam
728 898 925 956 gestat,
972 888 1063 956 hoc
1095 903 1225 937 nunc
1266 888 1326 938 de
1358 891 1467 954 ipso
1511 889 1695 937 dicitur
1722 927 1734 945 ,
1768 888 1899 953 quod
1942 896 2045 937 erat
2075 888 2127 937 in

571 954 757 1014 Christi
786 954 1015 1022 passione
1046 956 1357 1023 faciendum,
1388 972 1449 1008 ne
1472 958 1844 1017 disperderetur
1879 957 2039 1007 David
2066 959 2128 1008 de

568 1046 723 1099 regno
752 1032 986 1097 deputata
1012 1041 1029 1077 :
1059 1036 1183 1099 sicut
1224 1042 1313 1078 nec
1350 1027 1441 1077 illa
1475 1028 1674 1099 Domini
1705 1027 1862 1099 potuit
1892 1028 2027 1099 tituli
2050 1028 2127 1076 iu-

570 1096 776 1165 scriptio
803 1096 1098 1149 commutari
1125 1138 1137 1157 ,
1183 1111 1298 1147 cum
1339 1100 1529 1164 fugeret
1556 1112 1585 1145 a
1615 1096 1742 1161 [acie
1784 1096 1911 1147 Saul
1935 1098 1987 1147 in
2013 1112 2125 1161 spe-

572 1164 743 1224 lunca.
796 1167 939 1220 Sicut
984 1166 1209 1219 Saulem.
1243 1168 1437 1231 fugiens
1494 1164 1659 1217 David
1704 1167 1754 1216 in
1794 1168 2030 1229 spelunca
2076 1179 2129 1216 se

566 1238 835 1300 condidit,
887 1240 957 1289 ita
1001 1236 1191 1287 Christi
1230 1236 1465 1286 divinitas
1496 1247 1565 1287 est
1611 1254 1639 1283 a
1690 1237 1892 1299 per/idis
1932 1232 2127 1285 Judais

568 1313 703 1362 intra
730 1308 971 1371 templum
998 1305 1220 1370 corporis
1249 1306 1559 1356 abscondita.
1591 1304 1762 1355 Potest
1793 1314 1838 1354 et
1881 1306 1953 1355 ita
1992 1306 2123 1365 dici,

568 1381 689 1447 quia
724 1379 967 1429 Dominus
994 1378 1057 1447 ad
1094 1373 1187 1424 hoc
1218 1391 1373 1447 usque
1402 1390 1581 1440 passus
1610 1376 1670 1447 sit
1701 1374 1940 1435 Juda’os,
1971 1377 2127 1447 donec

572 1444 878 1501 monumenti
907 1445 1196 1513 speluncam
1229 1446 1471 1505 intraret,
1502 1444 1717 1495 maxime
1746 1458 1857 1493 cum
1902 1444 2125 1511 psalmus
2176 1498 2182 1505 κ

574 1520 654 1570 hic
685 1532 783 1567 non
815 1516 1093 1583 passionem
1125 1522 1319 1583 tantum
1346 1513 1503 1574 illius,
1530 1517 1612 1565 sed
1640 1522 1684 1563 et
1708 1513 2126 1565 resurrectionem

571 1580 823 1641 decantet.
850 1583 1092 1635 Dominus
1115 1580 1345 1634 Christus
1369 1584 1417 1633 in
1442 1584 1602 1647 prima
1622 1593 1765 1647 parte
1790 1584 1967 1645 psalmi
1989 1591 2121 1639 orat,

568 1658 810 1712 sollicitus
841 1655 1112 1706 secundum
1156 1654 1545 1713 humanitatem,
1578 1668 1677 1720 qua
1718 1666 1892 1719 passus
1920 1662 2013 1703 est.
2062 1651 2125 1702 lit

568 1728 789 1781 secunda
820 1723 1193 1774 resurrectionis
1238 1737 1343 1773 sua:
1373 1722 1586 1788 gloriam
1632 1731 2006 1773 commemorat.
2060 1720 2122 1771 In

570 1797 715 1849 tertia
747 1796 923 1845 laudes
952 1790 1093 1841 Patri
1120 1799 1230 1853 po:t
1273 1794 1683 1842 resurrectionem
1715 1794 1987 1850 decantat;
2016 1806 2126 1857 qua:

570 1866 791 1920 membra
845 1861 1238 1928 diopsalntzttutn
1289 1876 1481 1927 quoque
1523 1863 1895 1927 interpositione
1942 1862 2120 1911 distin-

568 1944 753 2005 guunt.

1127 2030 1546 2072 COMMENTARIUS.

640 2136 877 2188 Miserere
907 2133 998 2185 mei
1024 2173 1039 2197 ,
1074 2129 1205 2182 Deus
1229 2168 1241 2189 ,
1280 2129 1515 2179 miserere
1551 2127 1647 2177 mei
1670 2166 1685 2188 ,
1732 2129 1966 2189 quoniam
1995 2130 2045 2179 in
2076 2140 2121 2181 te

569 2209 773 2272 ron/iuit
806 2206 974 2256 anima
996 2217 1123 2252 mea.
1152 2198 1385 2251 Psaltnus
1414 2199 1619 2272 iste,de
1648 2199 1886 2272 passione
1916 2197 2118 2257 Domini

569 2266 801 2339 notatus,
833 2276 985 2325 docet
1015 2278 1267 2334 quantum
1302 2281 1396 2318 nos
1448 2266 1665 2339 diligere
1694 2268 1976 2339 debeamus
2006 2308 2039 2339 ,_
2067 2278 2119 2320 et

567 2359 757 2408 quanto
789 2335 856 2395 Sit
893 2339 1123 2409 perlecta
1176 2350 1419 2409 mensura
1464 2335 1801 2409 dilectionis,
1852 2352 1975 2409 qua;
2012 2335 2118 2409 Deo

573 2403 770 2479 placet,
801 2403 906 2478 quau
932 2410 1071 2461 nulla
1119 2407 1283 2472 major
1313 2412 1425 2479 est,
1463 2403 1589 2479 quia
1622 2405 1717 2455 iste
1746 2405 1811 2456 de
1842 2421 1903 2457 ea
1947 2406 2074 2479 dicit
2100 2423 2112 2458 ι

572 2474 831 2552 Μηλοτὲηί
872 2481 1159 2530 cltaritatetn
1208 2490 1350 2552 nemo
1382 2474 1744 2552 haben-gnam
1793 2485 1843 2525 ut
1864 2478 2114 2552 “animam

573 2542 712 2603 suain
745 2562 894 2615 ponat
924 2552 1029 2615 quis
1078 2563 1166 2609 pro
1196 2544 1370 2615 amicis
1402 2543 1524 2615 suis.
1568 2542 1674 2615 lloc
1707 2545 1818 2609 ipse
1864 2543 2114 2598 Dominus

570 2622 684 2688 ipse
719 2612 861 2681 fecit,
894 2612 990 2667 hoc
1010 2614 1285 2688 apostolos
1313 2626 1438 2688 suos
1467 2612 1666 2688 docuit,
1702 2615 1797 2688 hoc
1819 2624 1870 2688 et
1900 2628 1991 2688 nos
2025 2630 2115 2679 per

572 2680 1063 2752 :t'postolosdocuit.
1101 2686 1159 2733 lit
1189 2682 1231 2733 si
1277 2684 1391 2745 quis
1435 2680 1709 2753 attendens
1754 2685 2110 2753 inlirmitatent

572 2776 719 2810 suum
754 2755 927 2808 dt-licit
956 2758 1003 2804 iu
1036 2761 1295 2818 prtccepto
1320 2790 1334 2812 ,
1369 2751 1707 2801 cnulirmetttr
1752 2752 1800 2800 itt
1849 2751 2109 2815 exemplo.

572 2829 635 2880 Et
663 2840 737 2879 cst
773 2841 868 2876 Vox
901 2825 1106 2889 capitis,
1135 2824 1201 2873 ita
1236 2832 1408 2872 tamen
1442 2827 1499 2869 ut
1540 2834 1640 2869 non
1683 2834 1987 2883 separemus
2016 2835 2111 2869 vo-

572 2915 682 2947 ttcttl
715 2897 969 2960 corporis,
1001 2894 1116 2959 quia
1151 2891 1318 2942 noluit
1346 2890 1626 2960 separatim
1652 2889 1811 2960 loqui,
1838 2890 1924 2955 qui
1949 2890 2112 2943 noluit

570 2982 597 3017 a
632 2954 849 3032 corpore
878 2954 1126 3028 separari.
1162 2960 1315 3032 Juxta
1356 2954 1493 3025 quod
1523 2957 1681 3032 dicit:
1733 2954 1865 3007 Ecce,
1898 2975 1988 3032 ego
2026 2974 2108 3009 vo-

576 3028 754 3087 biscum
780 3050 889 3085 sum
916 3032 1141 3083 omnibus
1171 3030 1342 3079 diebus
1370 3041 1523 3093 usque
1547 3030 1613 3077 ad
1641 3028 2108 3079 consummationem

573 3106 761 3155 swculi.
796 3102 956 3167 tittths
984 3102 1162 3149 titulus
1200 3109 1309 3148 est:
1343 3094 1406 3147 In
1434 3098 1581 3157 finem
1608 3110 1666 3145 ne
1691 3110 1980 3167 corrumpas
2014 3096 2110 3149 Da-

568 3142 899 3231 iiiiltuindi‘tu’lli
927 3168 1281 3233 inscriptione,
1333 3142 1447 3214 cuni
1478 3171 1723 3233 lugeretga
1750 3163 1878 3229 facie
1893 3142 2034 3217 Γδαιιι
2055 3168 2105 3215 in
2134 3142 2180 3204 (δ

568 3248 873 3304 speluncam.
903 3238 1051 3303 Quod
1080 3231 1204 3287 tltcd
1246 3247 1308 3304 ne
1336 3247 1625 3304 corrumpas
1659 3231 1817 3304 David
1839 3272 1852 3294 ,
1882 3236 1941 3304 in,
1974 3234 2107 3286 tituli

570 3301 1037 3376 inscriptionepnon
1061 3314 1244 3376 potest
1259 3301 1414 3376 David
1441 3301 1689 3353 liiSloriali
1713 3303 1965 3376 adaptari.
1986 3304 2105 3369 quia

573 3372 745 3430 nullos
776 3380 959 3429 titulus
988 3376 1172 3440 legitur
1201 3372 1247 3424 ei
1279 3373 1506 3436 scriptus
1533 3410 1547 3431 ,
1586 3383 1741 3440 quem
1774 3372 1898 3422 Suul
1926 3386 2106 3423 curru-

575 3462 725 3513 ιρι-ιι,
758 3450 833 3500 vel
863 3436 1061 3511 aliquis
1078 3448 1472 3513 persecuturum
1504 3440 1637 3513 ejus.
1664 3436 1728 3487 Et.
1754 3440 1998 3513 quianon
2031 3442 2108 3513 in-

576 3507 778 3569 i'enit'ur
801 3519 849 3568 in
880 3507 1115 3571 historia,
1141 3518 1349 3577 oportet
1371 3516 1427 3571 pt
1451 3507 1743 3557 inveniatur
1766 3508 1814 3577 in
1840 3508 2102 3573 allegoria.

576 3589 783 3647 Legitur
812 3584 948 3636 enim
981 3582 1190 3646 quidam
1215 3577 1471 3647 titulusin
1497 3578 1735 3647 passione
1760 3576 1960 3629 Domini
1983 3593 2107 3630 con-

576 3644 802 3718 scriptus
830 3693 843 3715 ,
891 3663 947 3702 ut
992 3644 1337 3718 exprobraret
1389 3645 1587 3718 (rantes
1634 3644 1969 3718 Judzeoruut,
2003 3648 2105 3718 qui

576 3715 760 3774 manus
788 3735 907 3772 snas
937 3733 963 3769 a
996 3732 1114 3785 rege
1144 3732 1243 3767 non
1278 3715 1657 3785 abstinuerunt.
1702 3717 1869 3777 Quem
1901 3716 2105 3767 titulum

572 3794 738 3844 .ludm't
766 3794 993 3856 legentes
1024 3786 1207 3839 odensi
1235 3792 1375 3846 sunt,
1400 3784 1905 3856 et_i_ttdtgttati_tal_cm
1933 3800 2104 3849 regem

570 3882 625 3913 δυ
656 3852 865 3921 [tant-re,
899 3870 1050 3924 quem
1080 3862 1292 3920 possent
1319 3854 1620 3924 cruciﬁgere
1641 3891 1654 3907 ,
1684 3852 1746 3901 ad
1776 3852 1993 3924 Pilatum
2024 3856 2106 3904 di—

571 3942 775 3993 xerunt,
794 3945 873 3981 cut
893 3922 1046 3980 etiam
1066 3924 1327 3979 Christum
1351 3922 2105 3993 obtulerittttcrucillgendutn:

572 4002 693 4052 Noli
714 3989 874 4067 regem
897 3996 1129 4058 scribere,
1148 3992 1232 4044 sed
1257 3993 1411 4041 scribe
1434 3990 1597 4067 ipsum
1618 3989 1819 4050 dixisse,
1846 4004 1945 4067 non
1968 4004 2103 4067 esse.

575 4072 677 4120 Sed
709 4057 830 4135 quia
858 4066 1230 4135 prophetatum
1252 4069 1396 4113 erat:
1433 4057 1513 4111 Ne
1544 4073 1836 4135 corrumpas
1872 4059 2005 4135 tituli
2032 4064 2105 4111 in-

566 4128 884 4203 scriptionem
908 4174 923 4196 ,
960 4128 1171 4185 'l‘ilattts
1222 4132 1427 4203 iratus,
1476 4128 1740 4203 respondit
1770 4128 1849 4203 eis
1880 4130 2065 4203 dicens
2092 4146 2102 4180 ε

576 4194 717 4267 Quod
750 4194 945 4267 scripsi,
976 4205 1169 4269 scripsi.
1208 4204 1279 4251 Ac
1308 4200 1351 4250 si
1383 4200 1580 4249 diceret
1607 4211 1616 4245 ξ
1663 4194 1727 4269 Ut
1769 4197 1889 4259 quid
1916 4212 2109 4269 sugge-

570 4265 682 4327 litis
710 4265 1014 4323 falsitatem?
1038 4265 1133 4334 ego
1158 4284 1257 4319 non
1286 4280 1565 4330 corrumpo
1588 4267 1877 4315 veritatem.
1914 4265 2105 4317 Horum

573 4343 845 4395 stultitiam
879 4340 1156 4407 providens
1184 4336 1415 4403 Spiritus
1442 4346 1692 4407 saueius,
1726 4335 1829 4385 ituo
1855 4340 2105 4385 saevitiam

570 4425 619 4464 ιιι
653 4402 903 4463 insaniam
932 4451 944 4471 ,
998 4402 1245 4460 admouet
1274 4417 1365 4455 eos
1397 4418 1488 4469 per
1517 4402 1827 4467 Propltetattt
1876 4418 1939 4453 ne
1985 4418 2105 4455 cor-

2230 538 2333 590 illis
2352 538 2628 600 occultari,
2661 547 2718 589 ttt
2744 539 2793 589 in
2822 553 2978 592 cruce
3018 548 3338 599 moreretur,
3370 546 3427 591 et
3457 538 3509 590 in
3536 542 3773 603 sepulcro

2230 617 2533 672 poneretur.
2583 607 2656 659 De
2693 623 2798 675 quo
2843 609 3085 674 sepulcro
3115 610 3350 660 surrexit
3400 610 3771 674 incorruptus,

2227 676 2366 729 sicut
2397 677 2553 728 David
2584 679 2650 730 de
2686 677 2932 739 Spelunca
2974 677 3193 730 recessit
3239 678 3439 728 illaesos
3464 716 3481 740 ,
3513 680 3773 731 accolunt

2228 760 2285 799 se
2312 748 2554 809 inimicis,
2586 757 2637 799 et
2661 745 2999 798 manifestans
3025 761 3081 799 se
3103 749 3356 799 membris
3382 749 3515 799 suis.
3543 751 3769 811 Atto-toi:

2229 816 2367 868 enim
2399 816 2514 883 ejus
2537 818 2768 868 membra
2792 825 3166 875 tractaverunt,
3192 817 3314 882 quia
3339 830 3460 867 eum
3487 822 3771 872 surrexisse

2228 885 2585 937 crediderunt.
2618 884 2825 938 Titulus
2851 886 2927 936 sic
2951 888 3303 937 construitur:
3355 884 3479 938 Haec
3511 888 3672 939 terba
3702 904 3770 940 re-

2230 954 2465 1007 feruntur
2488 956 2541 1007 in
2571 954 2721 1019 finem
2746 994 2760 1017 ,
2808 955 3070 1020 proposita
3101 956 3163 1005 ad
3212 955 3313 1007 hoc
3338 993 3353 1016 ,
3399 970 3463 1005 ne
3501 966 3553 1007 tu
3598 959 3771 1023 aliquis

2229 1039 2523 1089 corrumpas
2558 1025 2719 1075 David
2739 1061 2755 1086 ,
2784 1023 3016 1076 offensus
3054 1025 3104 1075 in
3138 1025 3269 1076 tituli
3298 1026 3627 1093 inscriptione
3655 1027 3768 1077 lactt

2228 1108 2346 1145 cum
2379 1096 2579 1162 lugeret
2598 1093 2787 1151 David.
2838 1093 2985 1145 hunc
3033 1094 3096 1145 ad
3142 1096 3401 1162 psalmum
3441 1096 3765 1149 accedamus.

2234 1162 2341 1215 Vox
2375 1175 2452 1215 est
2482 1164 2665 1227 capitis
2694 1165 2773 1231 (ut
2798 1162 3163 1228 praodiximtts)
3197 1176 3291 1226 pro
3315 1178 3376 1215 se
3404 1172 3456 1214 et
3486 1179 3577 1231 pro
3616 1181 3768 1216 mem-

2231 1232 2337 1284 bris
2368 1233 2477 1285 suis
2504 1234 2725 1285 orantis.
2756 1232 2885 1283 Orat
2913 1233 3027 1297 pius
3060 1234 3339 1300 magister,
3373 1245 3425 1282 ut
3466 1250 3559 1285 nos
3597 1234 3770 1288 doceat

2229 1317 2414 1363 orare;
2446 1304 2535 1367 qui
2566 1301 2685 1353 ideo
2717 1314 2901 1364 passus
2930 1311 3010 1352 est
3036 1342 3047 1357 .
3081 1311 3137 1353 ut
3167 1316 3263 1354 nos
3296 1301 3399 1363 pati
3429 1304 3682 1363 doceret;
3726 1317 3768 1356 et

2232 1372 2537 1435 resurrexit,
2580 1380 2635 1421 ιιι
2664 1372 2814 1422 nobis
2843 1383 2987 1435 spem
3015 1372 3319 1437 resurgentli
3358 1372 3523 1423 daret.
3562 1372 3629 1424 Et
3656 1374 3769 1425 dicit

2230 1439 2333 1491 ita:
2370 1440 2506 1492 Deus
2546 1450 2692 1506 pater
2720 1480 2733 1499 ,
2782 1441 3011 1491 miserere
3046 1442 3139 1491 mei
3164 1479 3179 1501 ,
3212 1441 3540 1492 restituendo
3570 1458 3655 1494 me
3685 1446 3767 1493 int-

2230 1511 2565 1569 mortalitati,
2592 1520 2647 1561 et
2674 1510 2906 1560 miserere
2947 1511 3045 1561 mei
3070 1550 3083 1569 ,
3134 1511 3183 1561 id
3215 1520 3317 1569 est,
3360 1524 3597 1561 meorum
3645 1528 3765 1564 nunc

2232 1593 2323 1644 per
2373 1580 2673 1631 interiorem
2727 1582 3206 1641 resurrectionem,
3261 1593 3536 1646 quousque
3582 1591 3634 1632 et
3686 1599 3765 1641 per

2229 1650 2563 1701 exteriorem.
2616 1648 2679 1699 Et
2728 1648 2941 1715 dignum
2990 1656 3069 1699 est
3114 1658 3167 1698 ut
3210 1649 3309 1698 hoc
3338 1650 3518 1709 tactas,
3547 1652 3763 1713 quoniam

2228 1719 2397 1768 anima
2426 1734 2535 1769 mea
2557 1727 2609 1770 et
2631 1730 2866 1769 meorum
2896 1717 3101 1782 conﬁdit
3127 1719 3179 1767 in
3208 1727 3256 1767 te
3287 1718 3480 1777 solum,
3503 1719 3627 1771 nihil
3647 1737 3762 1784 pra:-

2230 1788 2486 1840 Sumendo
2515 1788 2581 1839 de
2611 1800 2687 1838 se.
2737 1786 2803 1838 Et
2829 1800 2930 1837 non
2963 1795 3159 1837 tantum
3192 1800 3333 1837 nunc
3374 1787 3427 1836 itt
3456 1797 3508 1839 te
3552 1789 3760 1849 Conﬁdo,

2230 1859 2321 1908 sed
2360 1857 2517 1908 etiam
2565 1869 2773 1920 semper
2800 1856 3061 1921 sperando
3091 1855 3140 1907 in
3182 1858 3337 1914 meis,
3371 1856 3423 1905 in
3453 1858 3622 1907 umbro
3658 1859 3758 1907 ala-

2224 1942 2339 1975 rum
2369 1936 2588 1985 tuarum,
2633 1926 2731 1976 hoc
2754 1932 2856 1985 est,
2899 1926 3018 1990 quia
3048 1927 3181 1976 sicut
3210 1924 3393 1976 umbra
3428 1938 3759 1979 rnaternarunt

2224 1997 2421 2047 alarum
2455 2004 2681 2062 protegit
2711 1993 2904 2061 pullos,
2961 1996 3029 2045 ita
3088 2004 3141 2045 tu
3187 2005 3432 2059 proteges
3460 2010 3543 2047 me
3571 1998 3615 2046 itt
3646 2011 3761 2048 unas

2225 2065 2673 2117 obumbraculum.
2701 2065 2899 2122 dando,
2950 2077 3016 2114 ne
3054 2064 3121 2114 ab
3162 2072 3295 2114 testu
3346 2063 3631 2129 iniquitatis
3657 2081 3759 2117 are-

2221 2148 2384 2186 scatu.
2421 2134 2482 2185 Et
2512 2134 2689 2185 tandiu
2717 2134 2946 2199 sperabo,
2976 2134 3131 2182 donec
3172 2141 3397 2183 transeat
3439 2136 3683 2194 iniquitas.
3716 2138 3755 2185 tu

2221 2213 2322 2263 est,
2367 2203 2600 2271 quandiu
2651 2199 2875 2253 mundus
2923 2202 3045 2271 erit.
3089 2202 3318 2253 Transiit
3357 2205 3468 2267 jam
3517 2206 3757 2269 iniquitas,

2220 2269 2472 2333 quantum
2518 2270 2581 2323 ad
2630 2281 2787 2336 caput
2812 2269 3021 2337 quidem
3060 2279 3113 2322 et
3139 2271 3399 2335 quosdam
3455 2284 3753 2331 sanctorum,

2219 2345 2309 2391 sed
2336 2352 2505 2393 tamen
2536 2355 2636 2391 non
2668 2340 2819 2406 periit
2845 2339 3109 2405 iniquitas.
3133 2340 3282 2391 Nunc
3314 2341 3459 2391 enim
3493 2342 3644 2395 fervet
3664 2346 3755 2393 tn;-

2218 2412 2411 2475 quitas,
2440 2420 2494 2461 et
2513 2424 2723 2477 semper
2753 2408 2973 2460 fervebit
2999 2410 3121 2460 dum
3152 2410 3382 2460 muudus
3413 2420 3533 2471 erit,
3558 2427 3664 2476 quia
3688 2426 3754 2461 st-

2215 2489 2303 2529 cut
2325 2480 2636 2545 quibusdam
2658 2478 2997 2529 morientibus
3022 2480 3207 2541 iniquis
3233 2480 3531 2530 succedunt
3558 2482 3635 2531 alii
3664 2484 3753 2530 int-

2214 2549 2323 2612 qui,
2359 2550 2427 2600 ita
2455 2548 2798 2599 morientibus
2825 2548 3134 2613 quibusdam
3168 2550 3326 2613 justis
3355 2561 3630 2600 nascuntur
3654 2551 3753 2600 alti.

2216 2608 2279 2667 Et
2317 2618 2392 2669 sic
2423 2631 2681 2682 nunquam
2726 2619 2774 2666 iit
2822 2608 3066 2667 Iiac’vita
3100 2608 3269 2669 deerit
3316 2615 3561 2684 iniquitas
3588 2633 3756 2671 uerse-

2214 2700 2397 2751 quetts,
2427 2695 2477 2737 et
2503 2684 2699 2752 justitia
2729 2698 2954 2749 pariens.

2285 2753 2520 2805 Ctamabo
2542 2757 2606 2803 ad
2634 2755 2789 2804 Deum
2814 2752 3130 2805 altissimum.
3159 2753 3293 2819 Quia
3318 2755 3541 2819 sperabo
3562 2759 3605 2807 in
3632 2755 3755 2811 Deo.

2212 2827 2439 2875 clamabo
2468 2828 2533 2874 ad
2569 2822 2747 2884 Deum,
2779 2825 2842 2874 ad
2871 2838 3023 2888 quem
3056 2828 3245 2875 metito
3273 2825 3615 2885 clamandum,
3641 2842 3758 2889 qDlJ

2213 2894 2496 2946 alti-simus
2523 2901 2622 2955 est,
2651 2898 2698 2945 id
2727 2902 2827 2953 est,
2859 2908 3017 2958 suprr
3036 2909 3206 2945 omnia
3240 2904 3345 2943 est.
3381 2894 3444 2944 Et
3469 2904 3630 2945 tamen
3663 2900 3757 2944 tnt-

2210 2962 2359 3013 serize
2403 2972 2595 3014 nostra:
2628 2964 2893 3026 prosimus
2938 2970 3037 3022 est,
3096 2962 3211 3027 quia
3264 2963 3402 3013 sicut
3428 2974 3502 3014 est
3532 2964 3665 3014 Deus
3697 2970 3760 3014 de

2212 3029 2383 3097 longe,
2410 3031 2479 3081 ita
2507 3041 2559 3081 et
2587 3033 2652 3082 de
2680 3045 2859 3098 prope.
2889 3032 3032 3082 Sicut
3058 3036 3195 3083 enim
3226 3032 3333 3081 alta
3360 3046 3409 3083 et
3465 3036 3679 3095 superba
3732 3048 3757 3081 a

2213 3098 2365 3165 longe
2406 3102 2693 3168 cognoscit,
2738 3104 2805 3151 ita
2842 3100 3052 3150 humilia
3082 3102 3148 3151 de
3179 3103 3353 3151 vicino
3384 3113 3605 3168 resptctt,
3639 3103 3755 3167 quia

2210 3184 2369 3236 proite
2395 3178 2475 3221 est
2501 3170 2747 3220 Dominus
2780 3169 2857 3220 his
2886 3174 2971 3235 qui
2994 3170 3323 3220 obtriveruut
3353 3184 3463 3221 cor.
3487 3172 3751 3231 Clamanti,

2210 3253 2441 3304 inquam,
2488 3240 2550 3290 ad
2582 3237 2877 3300 Dominum,
2919 3244 2972 3289 et
3002 3237 3111 3303 ipse
3137 3239 3425 3289 heuelaciet
3457 3251 3509 3291 et
3541 3243 3663 3290 utiht
3709 3254 3757 3290 et

2207 3321 2359 3374 mets.
2394 3306 2541 3358 Linde
2580 3310 3083 3374 experitnentodata
3110 3318 3190 3359 est
3233 3309 3357 3357 mitti
3399 3307 3607 3369 ﬁducia,
3640 3326 3754 3374 quia

2200 3373 2308 3440 jam
2344 3376 2599 3427 bettelecit
2628 3373 2751 3426 mihi
2785 3380 2832 3426 in
2878 3378 3029 3427 meis.
3063 3376 3115 3428 Si
3156 3376 3295 3428 enim
3328 3392 3461 3429 mets
3488 3373 3757 3443 antequam

2203 3458 2325 3495 eum
2380 3453 2756 3509 cognoscerent
2784 3443 3061 3507 bettelecit,
3094 3447 3350 3497 mittendo
3388 3461 3473 3499 me
3514 3449 3756 3513 propitia-

2208 3520 2373 3567 torem
2416 3523 2469 3564 et
2496 3514 2902 3574 consolatorem,
2927 3516 3013 3580 qui
3040 3525 3091 3566 et
3130 3529 3364 3566 morerer
3395 3529 3608 3579 propter
3645 3528 3758 3579 pec—

2205 3591 2320 3632 cata
2372 3597 2578 3642 eorum,
2635 3592 2689 3635 et
2718 3596 3044 3648 resurgerem
3075 3595 3292 3650 propter
3328 3583 3754 3649 justiﬂcattonem

2204 3664 2408 3714 eorum,
2438 3666 2609 3704 nonne
2640 3652 2883 3703 exaudiet
2914 3666 2998 3702 me
3022 3658 3362 3716 clamantem,
3393 3653 3445 3705 id
3495 3663 3595 3713 est,
3629 3656 3754 3704 irre~

2205 3722 2364 3771 misse
2393 3724 2523 3772 bene
2550 3732 2788 3783 agentem
2812 3721 2831 3769 l
2862 3723 3049 3783 Utique
3077 3720 3342 3772 exaudiet.

2278 3787 2414 3838 Misit
2459 3789 2522 3840 de
2572 3793 2711 3840 caelo.
2739 3786 3025 3849 Benefccit,
3060 3790 3293 3853 inquam,
3325 3788 3455 3843 meis
3502 3790 3550 3840 in
3579 3805 3686 3851 me,
3711 3803 3758 3842 et

2207 3866 2255 3906 ut
2291 3871 2380 3921 per
2406 3871 2489 3909 me
2514 3862 2859 3919 betteluccret,
2889 3859 3020 3909 misit
3047 3858 3275 3910 divinam
3308 3858 3589 3926 potentiam
3613 3874 3753 3910 suam

2206 3927 2269 3975 de
2297 3928 2438 3987 calo,
2488 3936 2533 3977 et
2583 3928 2803 3977 liberavit
2836 3942 2914 3976 me
2959 3928 3246 3987 hominem,
3291 3943 3564 3980 assumens
3591 3946 3674 3981 nte
3699 3936 3757 3980 de

2206 4004 2353 4046 utero
2380 4006 2431 4047 et
2458 3997 2739 4048 immunem
2771 4011 2799 4046 a
2844 4000 3071 4061 peccatis
3111 3998 3375 4057 faciendo,
3408 4010 3459 4049 et
3486 4014 3753 4049 asamnena

2206 4078 2289 4115 me
2335 4068 2398 4114 de
2450 4067 2689 4128 sepulcro
2734 4067 3091 4116 resurcuando
3142 4081 3245 4128 tne,
3303 4082 3398 4131 per
3431 4070 3568 4132 quod
3618 4072 3759 4117 dedtt

2202 4133 2306 4198 jam
2334 4133 2758 4196 disptisimtte,et
2780 4136 2996 4184 diturus
3023 4136 3173 4186 estin
3205 4138 3647 4197 re,conculca~tes
3664 4152 3751 4193 ne,

2206 4203 2253 4253 id
2286 4214 2386 4263 est,
2418 4202 2646 4261 Jutltcos,
2677 4205 2985 4254 tttbuluntes
3031 4220 3114 4256 nte
3154 4208 3204 4255 itt
3247 4207 3617 4270 opptobrtutn.
3652 4205 3752 4254 Ma-

2204 4285 2360 4336 gnum
2402 4285 2539 4321 enttu
2584 4276 2923 4337 opprobrium
2946 4283 3047 4331 est,
3080 4274 3216 4337 quod
3252 4275 3304 4322 in
3343 4273 3553 4323 civitate
3580 4278 3668 4324 illa
3711 4290 3755 4323 tu

2205 4355 2301 4404 qua
2336 4340 2500 4406 magis
2520 4343 2822 4402 Stcvierunt,
2851 4352 2903 4389 et
2930 4343 3319 4405 Superbicrunt,
3345 4358 3498 4392 omne
3526 4343 3611 4408 jus
3630 4358 3759 4393 amt-

2207 4418 2411 4470 seruut,
2440 4419 2490 4461 et
2518 4410 2636 4461 inde
2664 4409 2932 4471 etatltcati,
2965 4423 3015 4461 et
3045 4411 3239 4477 ubique
3263 4413 3486 4475 dispersi
3527 4426 3759 4463 euntem-

570 4492 811 4549 rttmpant
842 4479 1020 4538 David,
1048 4478 1102 4549 id
1130 4486 1231 4537 est,
1250 4544 1259 4549 _
1277 4488 1341 4525 ne
1384 4472 1575 4549 pellere
1601 4471 1769 4549 velint
1801 4484 1975 4522 verum
2010 4474 2109 4549 Da-
2140 4481 2186 4539 D
2213 4478 2420 4544 ptibiles
2442 4479 2683 4531 omnibus
2709 4490 2833 4531 aunt
2864 4481 3001 4549 lacti.
3021 4471 3300 4531 liocétiatn
3327 4471 3392 4530 ad
3418 4485 3753 4545 opprobrium

572 4555 651 4605 vid
673 4537 703 4612 ,’
728 4552 779 4605 id
806 4559 906 4609 est,
938 4547 1199 4600 Christum
1229 4544 1296 4597 de
1327 4537 1488 4612 regno
1514 4537 1612 4590 sibi
1647 4540 1895 4603 deputato
1923 4580 1944 4605 ,
1982 4546 2110 4595 sub-

574 4610 827 4675 ttttltendo
855 4633 912 4671 se
939 4614 1171 4682 regimini
1202 4612 1315 4679 ejus
1341 4610 1492 4682 ,_qui_
1518 4623 1654 4682 vere
1686 4623 1775 4682 rex
1796 4624 1997 4682 eorum
2029 4622 2108 4665 est

568 4694 718 4757 (quia
750 4678 1106 4757 omnium—rex
1133 4678 1281 4757 est),
1313 4678 1495 4731 offensi
1525 4680 1573 4757 in
1610 4679 1751 4757 tituli
1788 4679 2109 4757 inscriptione

574 4746 703 4811 ὶηὶιη
738 4758 836 4815 ipsi
869 4754 1051 4813 David,
1093 4765 1206 4802 cum
1236 4755 1425 4815 lugeret
1456 4763 1484 4795 a
1519 4748 1643 4811 {acie
1671 4746 1798 4799 Saut
1828 4750 1879 4799 in
1908 4758 2107 4812 spelun-

569 4845 697 4877 cant.
724 4816 833 4878 lloc
863 4836 915 4878 et
948 4822 1162 4876 historia
1192 4818 1369 4877 habet,
1400 4826 1452 4868 et
1480 4816 1741 4880 allegoria.
1788 4816 1939 4884 Fugit
1968 4822 2105 4871 enim

577 4894 859 4947 historialis
886 4894 1067 4952 David,
1102 4888 1309 4943 Saulent
1339 4893 1722 4952 persecutorem
1764 4885 2016 4940 immitem
2055 4897 2109 4941 et

570 4968 828 5030 ingratum
860 4962 1263 5030 inaspeltmcam,
1288 4959 1339 5008 in
1366 4968 1464 5019 qua
1490 4955 1867 5030 occultabatur,
1890 4968 1940 5030 et
1971 4966 2106 5009 terra

576 5024 861 5101 tegebatur.
899 5024 1050 5093 Fugit
1070 5041 1296 5101 _quoque
1341 5034 1681 5101 nuncuoster
1710 5024 1865 5101 David
1896 5027 1947 5078 in
1979 5040 2110 5101 spe-f

572 5092 798 5161 lttncattt,
828 5102 1033 5163 quando
1070 5095 1283 5147 Verbum
1314 5092 1450 5159 quod
1480 5094 1529 5143 in
1570 5094 1813 5161 principio
1842 5107 1943 5147 erat
1973 5097 2108 5162 apud

570 5172 731 5225 Deum
755 5209 770 5229 ,
823 5166 1168 5218 tnltrntitatem
1216 5174 1444 5215 nostram
1494 5170 1657 5231 tndutt
1680 5201 1695 5226 ,
1737 5166 1785 5215 itt
1817 5179 1919 5231 qua
1944 5182 1999 5217 se
2029 5165 2108 5217 his

571 5260 658 5307 qut
688 5255 777 5307 per
801 5238 925 5290 Saul
950 5235 1288 5307 designantur
1307 5270 1322 5293 ,
1355 5233 1403 5307 id
1442 5239 1562 5307 est,
1590 5230 1781 5284 iudicis
1808 5230 2103 5307 occultavit.

568 5299 853 5376 Ottttitebttt
882 5304 1019 5358 enim
1050 5299 1167 5354 eum
1193 5303 1269 5352 sic
1301 5299 1753 5376 tttLintelliget'etur
1784 5302 1966 5376 videri,
1989 5308 2109 5368 quia

568 5365 975 5447 si'coguovissent
1002 5412 1016 5437 ,
1050 5386 1297 5436 nunquam
1332 5365 1490 5420 Deum
1528 5365 2103 5447 gloriwfrnci/ixiss‘ent.

568 5437 737 5515 Quar'e
769 5447 1051 5515 Dominum
1070 5456 1169 5515 non
1198 5438 1591 5515 cognoverunt?
1619 5437 1745 5501 Quia
1775 5450 1965 5492 terram
1990 5455 2111 5491 ocu-

571 5508 633 5568 lis
665 5532 844 5569 eorum
870 5511 1193 5580 sttltjiciebat,
1225 5520 1276 5560 et
1300 5508 1623 5580 tuajestatetn
1647 5522 1793 5560 suam
1827 5518 1959 5580 terra
1983 5524 2107 5580 conf

570 5588 792 5649 tegebat,
825 5585 873 5635 itt
905 5577 1001 5649 qua
1033 5592 1166 5634 terra
1200 5587 1398 5630 tantum
1430 5578 1594 5643 potuit
1624 5582 1806 5639 teneri,
1854 5577 2105 5645 ﬂagellari

572 5666 624 5702 et
654 5656 901 5717 crttctl'tgi.
935 5652 1063 5703 Male
1092 5649 1446 5716 qttaareutibus
1472 5656 1663 5699 terram
1685 5658 1946 5713 opposuit,
1976 5650 2109 5699 bene

573 5724 924 5788 quatetttibus
954 5726 1105 5773 vitam
1140 5720 1445 5773 reservavit.
1494 5718 1660 5770 Aliter
1700 5732 1904 5784 quoque
1935 5725 2106 5783 pute~t

2213 4550 2454 4615 pertinet,
2499 4552 2636 4613 quod
2685 4550 2925 4612 capsarii,
2982 4548 3029 4599 id
3074 4560 3170 4609 est,
3205 4552 3401 4599 ttbrartt
3447 4562 3613 4601 nostrt
3642 4553 3755 4601 lactt

2210 4626 2351 4679 sunt,
2403 4618 2523 4682 quia
2565 4627 2773 4683 portant
2826 4618 2975 4667 nobis
3026 4617 3189 4669 libros
3226 4633 3368 4675 suos,
3416 4618 3548 4670 sicut
3594 4628 3761 4669 soteot

2208 4688 2344 4738 servi
2388 4694 2505 4748 post
2539 4687 2797 4737 dominos.
2839 4685 2939 4750 Ipsi
2979 4688 3116 4737 enim
3166 4686 3415 4738 delicium
3461 4697 3756 4750 portantes.

2208 4754 2487 4805 Christiani
2518 4753 2793 4819 proﬁciunt
2817 4756 3065 4819 legentes.
3095 4753 3159 4807 Et
3181 4758 3382 4807 similes
3401 4770 3541 4807 caeo
3563 4771 3655 4821 q-tl
3683 4764 3757 4807 lu-

2208 4824 2536 4875 cidissimum
2586 4823 2852 4888 speculum
2906 4835 3156 4890 portaret,
3204 4829 3253 4876 in
3290 4841 3394 4891 quo
3451 4840 3624 4892 imago
3668 4842 3757 4877 sna

2210 4891 2349 4954 aliis,
2378 4904 2431 4943 et
2474 4906 2574 4943 non
2616 4894 2737 4957 sibi,
2778 4898 3037 4946 eluceret:
3070 4908 3189 4960 quia
3218 4896 3311 4960 ipsi
3343 4891 3757 4958 twl’llnlitbﬂ”.

2212 4963 2263 5012 in
2294 4960 2483 5026 quibus
2510 4963 2679 5031 vultus
2706 4976 2912 5024 eorum,
2945 4964 3167 5023 scilicet,
3198 4964 3321 5029 Quid
3341 4978 3419 5015 ets
3442 4969 3757 5031 promissum

2212 5032 2413 5092 luisset,
2445 5030 2596 5083 nobis
2624 5034 2816 5093 elucet,
2841 5047 2917 5084 ets
2934 5046 3057 5083 vero
3079 5046 3181 5082 nun
3208 5030 3454 5100 apparet.
3474 5034 3756 5086 Iasium-

2211 5112 2383 5151 autem
2427 5109 2509 5151 est
2546 5102 2906 5170 opprobrium,
2942 5103 3077 5165 quod
3120 5101 3266 5154 illum
3308 5118 3467 5170 quem
3506 5119 3565 5155 se
3609 5119 3761 5169 pror-

2209 5183 2297 5220 sus
2330 5178 2643 5234 putaverunt
2687 5169 2965 5235 delevisse,
2997 5172 3213 5223 audiunt
3236 5169 3429 5241 ubique
3467 5173 3757 5225 exaltatum

2208 5252 2347 5291 €880.
3387 5270 3395 5285 ι

2280 5307 2429 5380 Misit
2468 5306 3043 5380 Deus__ntisericordiom
3086 5323 3247 5361 sum.
3313 5310 3473 5371 Iisit,
3520 5311 3757 5380 inquam,

2210 5373 2348 5427 Deus
2402 5374 2553 5427 Pater
2602 5375 2824 5427 Verbum
2880 5392 3031 5429 suum
3075 5389 3127 5430 ιιι
3159 5394 3242 5430 me
3289 5373 3759 5441 Ιιῦειιιτει;“αέωι

2209 5447 2366 5496 etiam
2395 5446 2457 5495 ad
2485 5448 2614 5497 alios
2634 5446 2953 5499 ltlieranduttt
2984 5462 3065 5500 me
3090 5449 3483 5499 misericordiam
3507 5466 3677 5511 suam,
3710 5456 3757 5504 td

2209 5523 2310 5575 est,
2345 5529 2427 5565 me
2459 5514 2686 5570 miseriis
2716 5517 2937 5568 aliorum
2966 5518 3396 5582 compatientem,
3451 5532 3503 5571 et
3549 5524 3759 5573 ιυιεετιο

2210 5585 2438 5633 cordiam
2467 5585 2821 5649 exhibentem,
2877 5597 2924 5638 et
2970 5602 3054 5637 me
3099 5595 3349 5636 veritatem
3375 5603 3540 5649 sum,
3578 5593 3631 5642 td
3658 5602 3755 5647 est.

2211 5666 2331 5702 veru
2355 5653 2647 5705 docentem.
2682 5656 2765 5706 Vel
2805 5655 3094 5717 potestdici
3118 5654 3183 5705 atl
3225 5656 3634 5711 sitntlttodtttem
3664 5660 3757 5711 hoc

2211 5720 2483 5787 legationis
2510 5724 2581 5776 ita
2605 5742 2614 5773 :
2649 5724 2782 5777 Misit
2816 5723 2949 5777 Deus
2978 5724 3130 5777 l'ater
3150 5724 3372 5779 Vortiqu
3397 5740 3447 5781 et
3472 5745 3554 5782 me
3587 5734 3755 5785 homi-
