3898 6226
154 393 248 446 781

877 389 940 442 ΙΝ
982 387 1390 443 PSALMORUM
1432 387 1683 441 LIBRUM
1725 385 1730 435 l

1836 383 2075 439 EGESIS.
2106 416 2173 427 —-—
2211 387 2450 441 l‘SALM.
2494 384 2646 438 LVII.

3257 383 3359 436 783

156 523 278 559 nctn
319 503 624 569 assumpsit.
673 501 811 556 Misit
836 516 1057 570 quoque
1086 481 1499 555 misericordiam
1537 513 1706 563 suam,
1741 500 1785 555 Α
1817 500 2080 562 tuendum,
2128 517 2225 569 ego
2253 515 2378 556 vero
2409 505 2470 554 ad
2501 499 2817 566 patiendum.
2854 497 2978 560 Quia
3011 508 3245 562 paratum
3284 513 3356 550 est

155 579 281 643 quia
311 573 726 643 misericorditer
755 586 958 643 mecum
991 573 1112 640 egit,
1146 584 1196 623 et
1228 574 1500 643 veritatem
1532 584 1704 643 suam,

157 639 284 710 quia
336 659 458 696 vere
511 641 771 702 promisit.
812 639 1216 695 Misericcirditer
1260 642 1402 694 enim
1455 639 1706 707 implevit,

159 715 303 778 quod
356 712 612 766 veraciter
658 712 914 774 promisit,
960 723 1007 763 et
1061 712 1244 776 eripuit
1273 711 1494 763 animant
1526 724 1711 778 meam.

163 786 308 839 Dixit
339 785 578 851 superius
602 782 824 834 liberavit
848 796 944 832 me.
981 782 1062 851 Ex,
1084 783 1182 833 hoc
1209 781 1364 833 modo
1393 780 1538 846 quasi
1571 777 1711 830 dice-

162 867 240 909 ret
259 871 277 908 :
307 850 570 908 Liberavit
612 867 714 914 me,
744 853 861 915 quia
903 850 1084 918 eripuit
1105 853 1326 902 animam
1357 865 1542 909 meam,
1569 861 1717 918 resu-

163 925 407 976 st-itando
446 939 529 975 nte
557 925 631 988 de,
648 921 810 973 medio
838 917 1116 972 catulbrum
1157 921 1378 980 leonum,
1420 920 1468 971 id
1526 925 1622 988 est,
1650 917 1718 970 de

165 994 346 1047 nredio
365 992 564 1046 ludaici
592 987 788 1058 populi,
834 1006 862 1042 a
897 990 1154 1054 leonibus,
1193 991 1240 1041 id
1271 999 1368 1052 est,
1402 987 1718 1056 principibus

167 1067 236 1117 ad
268 1064 682 1117 interficiendum
707 1077 788 1113 me
810 1061 1030 1113 seducti.
1050 1061 1147 1112 Per
1167 1060 1364 1111 catulus
1389 1059 1526 1111 enim
1553 1058 1722 1109 mino-

172 1151 284 1194 res,
319 1148 409 1198 per
442 1134 617 1185 leones
661 1145 787 1182 vero
813 1129 1038 1197 majores
1087 1129 1460 1198 intelliguntur,
1507 1128 1623 1198 quia
1670 1127 1719 1177 in

173 1195 407 1256 mortem
443 1203 561 1266 eius
591 1215 773 1253 omnes
802 1195 1249 1265 conspiraverunt.
1279 1196 1502 1265 Majores
1529 1195 1723 1264 quippe

174 1288 302 1325 eum
352 1273 738 1329 interfecerunt,
774 1273 1003 1322 minores
1034 1279 1207 1322 autem
1239 1274 1633 1322 consenserunt.
1661 1267 1725 1317 Et

175 1345 308 1407 quid
338 1357 470 1409 opus
501 1343 592 1393 fuit
619 1339 917 1404 ereptimiei
941 1340 1079 1403 ldeo,
1110 1337 1328 1402 scilicet,
1354 1337 1470 1405 quia
1493 1336 1723 1409 dormivi,

174 1413 233 1464 id
266 1407 616 1471 est,’mortem
647 1410 779 1464 subii
822 1425 938 1477 qua:
987 1422 1126 1462 mors
1169 1409 1337 1473 potius
1373 1407 1599 1477 dicenda
1640 1414 1721 1457 est

177 1483 437 1534 dormitio
464 1497 620 1549 quam
663 1494 823 1541 mors,
844 1475 973 1544 quia
1005 1491 1106 1530 tam
1154 1479 1304 1549 tacite
1330 1481 1394 1529 ab
1415 1492 1499 1549 ea,
1525 1475 1664 1528 velut
1697 1489 1724 1525 a

178 1567 375 1604 somno
419 1547 642 1612 surrexi,
684 1563 801 1613 ego,
842 1549 979 1611 dico,
1022 1548 1366 1600 conturbatus.
1419 1547 1729 1612 Repugnare

180 1624 398 1674 videtur
438 1623 578 1688 quod
607 1631 658 1674 et
681 1621 910 1672 dormiet
937 1627 990 1671 ει
1017 1621 1357 1671 conturbatus
1400 1624 1559 1688 eSset,
1607 1615 1726 1681 quia

173 1695 269 1759 qui
302 1686 665 1756 conturbatur,
688 1699 773 1740 aut
795 1689 981 1759 somni)
1011 1690 1287 1759 excitatur,
1310 1695 1399 1739 aut
1430 1700 1493 1739 ne
1516 1686 1565 1736 itt
1588 1698 1730 1759 som-
1761 1709 1765 1712 λ

176 1753 308 1813 nuto
334 1770 510 1830 vergat
539 1753 860 1826 prohibetur.
885 1757 991 1830 sed
1025 1760 1121 1810 hoc
1141 1757 1270 1830 dicit
1294 1764 1545 1830 quantum
1570 1755 1633 1806 ad
1661 1753 1728 1807 il-

175 1832 265 1884 tns
290 1832 376 1898 qui
401 1826 491 1895 ιςει·
506 1841 746 1889 mortem,
769 1844 923 1896 quam
942 1828 1372 1895 iucundissimam
1390 1826 1589 1887 habuit,
1606 1838 1731 1891 con-

178 1902 449 1955 turbatum
478 1917 592 1952 eum
627 1910 955 1966 putaverunt.

254 1969 384 2022 Filii
429 1964 703 2026 hominum.
753 1966 908 2031 Quasi
963 1966 1134 2020 dicat:
1176 1966 1273 2032 Qui
1297 1975 1348 2020 te
1375 1964 1733 2018 conturbave-

179 2041 344 2092 νηπιιῖ
365 2039 428 2094 R.
462 2040 572 2091 Filii
606 2040 870 2091 hominum
896 2038 1336 2092 conturbaveru-nt
1358 2051 1457 2090 me.
1490 2034 1735 2090 llocideo

170 2112 521 2168 determinat.
556 2119 610 2160 ut
646 2107 887 2161 ostendat
935 2108 1052 2159 illus
1084 2123 1186 2160 non
1237 2123 1356 2160 esse
1384 2103 1734 2167 excusabiles,

177 2180 271 2242 qui
307 2193 365 2232 se
389 2176 715 2233 excusabiles
743 2184 1058 2244 putaverunt
1085 2178 1318 2232 dicentes
1350 2177 1512 2229 Pilato
1543 2173 1737 2227 :Nobis

180 2265 286 2301 non
318 2250 428 2301 licet
457 2249 734 2314 interﬁcere
760 2263 1072 2315 quemquam.
1095 2248 1224 2301 Tale
1270 2248 1408 2300 enim
1440 2256 1540 2312 est,
1584 2244 1733 2311 quasi

184 2320 392 2372 diceret
413 2319 490 2371 eis
521 2317 799 2384 prepheta:
829 2317 881 2370 Si
915 2331 1017 2369 non
1055 2318 1170 2370 licet
1203 2319 1520 2377 interficere,
1547 2331 1646 2368 nec
1671 2317 1734 2367 li-

182 2399 277 2441 cet
303 2388 368 2440 ad
405 2387 815 2440 interﬁciendum
849 2388 1074 2438 trudere.
1113 2386 1174 2438 Et
1202 2388 1346 2452 quasi
1393 2389 1556 2438 dicat:
1594 2386 1738 2448 Quo-

186 2458 352 2509 modo
380 2469 430 2509 te
456 2457 924 2519 eunturbzwernut,
970 2459 1056 2522 qui
1088 2458 1286 2508 nullum
1330 2459 1377 2507 in
1426 2464 1475 2507 te
1514 2455 1740 2522 gladium

188 2526 559 2598 strinxerunt?
587 2527 743 2598 dicit:
774 2527 1044 2598 Linguam
1067 2541 1247 2598 eorum
1280 2526 1504 2592 gladium
1536 2523 1737 2598 aeripe,

188 2599 321 2664 quia
363 2596 551 2659 dentes,
585 2596 633 2648 id
674 2608 774 2659 est,
817 2596 1080 2648 mordacia
1132 2596 1285 2648 verba
1334 2611 1501 2646 eorum
1533 2594 1741 2647 fuerunt

186 2681 359 2729 ma,
391 2677 635 2729 quantum
678 2667 742 2718 ad
780 2667 1074 2727 consilium,
1128 2667 1264 2734 quod
1310 2666 1617 2716 invenerunt
1653 2678 1740 2716 oc-

190 2740 354 2789 culte.
391 2735 453 2787 Et
481 2737 697 2805 sagittae.
743 2746 991 2802 quantum
1021 2737 1082 2786 ad
1115 2738 1336 2787 volantia
1363 2737 1544 2796 verba,
1574 2736 1623 2785 in
1653 2748 1741 2785 ac-

183 2808 545 2858 cusationem.
579 2807 641 2857 Et
670 2806 872 2857 fuerunt
903 2805 1126 2870 gladius,
1160 2816 1409 2872 quantum
1433 2807 1496 2854 ad
1527 2812 1741 2856 senten-

186 2877 319 2926 tiam
370 2875 435 2928 de
482 2889 652 2928 morte
705 2889 823 2927 cum
856 2875 1097 2926 dixerunt
1133 2872 1460 2941 :Cruci/ige,
1502 2873 1742 2942 cruciﬁge

180 2960 325 2996 eum.

265 3013 515 3067 Exaltare
549 3029 698 3082 super
725 3013 892 3066 cenios.
921 3011 999 3066 Illi
1039 3011 1245 3082 quidem
1297 3020 1608 3079 putsvcmnt
1655 3026 1741 3065 me

182 3089 532 3144 conturbare,
584 3081 635 3138 tu
689 3095 888 3146 autem,
943 3082 1163 3135 Domine
1197 3081 1445 3145 Verbum,
1487 3083 1537 3134 in
1579 3096 1737 3135 cruce

188 3160 376 3217 homo,
409 3154 545 3207 Deus
573 3155 622 3206 in
649 3154 806 3217 cudo,
830 3153 1049 3205 exaltare
1078 3167 1161 3205 me
1205 3154 1413 3205 homine
1461 3152 1690 3204 exaltato
1715 3168 1727 3215 ;

187 3241 348 3291 super
378 3224 548 3286 caelos,
584 3240 685 3276 non
717 3225 883 3275 solum
921 3237 1078 3287 super
1117 3224 1436 3286 materiales,
1459 3219 1550 3273 sed
1575 3236 1732 3286 super

185 3309 387 3347 Omnes
415 3297 625 3346 ordines
650 3293 936 3360 angelicos.
975 3291 1037 3343 Et
1067 3294 1230 3360 gloria
1256 3303 1359 3354 tua,
1395 3293 1441 3344 id
1482 3300 1586 3357 est,
1627 3294 1732 3361 glo-

191 3364 372 3415 riosus
404 3374 541 3423 tuus,
572 3363 776 3416 scilicet
807 3377 903 3428 ego
930 3362 1252 3430 gloriﬁcattis
1273 3377 1298 3413 δ
1330 3373 1382 3414 ιε
1411 3377 1501 3428 ρει·
1527 3365 1738 3414 llltlltor-

191 3434 454 3486 talitatetn
508 3442 563 3484 et
609 3447 702 3497 per
758 3432 1192 3498 incorruptionem
1225 3473 1238 3494 ,
1291 3433 1586 3492 ex:iltetur,
1634 3447 1736 3485 non

189 3517 358 3569 super
405 3500 640 3554 Iudaeam
681 3501 894 3561 solum,
940 3500 1032 3554 sed
1083 3517 1236 3566 super
1291 3517 1487 3554 omnem
1531 3511 1734 3555 terram.

187 3572 349 3638 Quod
399 3582 450 3624 et
497 3572 689 3622 factum
738 3578 840 3631 est,
879 3584 995 3622 cum
1030 3584 1121 3638 per
1147 3576 1414 3638 apostolos
1447 3573 1495 3622 in
1524 3585 1735 3625 omnem

189 3643 384 3695 orbem
414 3641 724 3706 praedicatus
751 3647 850 3692 est.

270 3710 529 3776 Laqueum
554 3715 854 3777 parauerunt
880 3707 1088 3775 pedibus
1109 3709 1251 3763 meis.
1298 3708 1524 3762 Necesse
1561 3719 1642 3762 est
1685 3720 1736 3763 ut

195 3795 288 3834 me
316 3781 536 3843 exaltes,
566 3783 684 3848 quia
711 3786 832 3831 sunt
872 3779 958 3845 qui
999 3780 1298 3844 deprimunt
1347 3793 1454 3831 me.
1505 3780 1740 3847 Namque

193 3853 292 3904 lilii
326 3850 597 3913 hominum
623 3858 924 3916 paraverunt
965 3850 1236 3913 laqueum,
1285 3850 1334 3901 id
1363 3857 1478 3910 est,
1522 3850 1740 3917 impedi-

195 3927 437 3972 mentum
465 3919 671 3988 pedibus
709 3920 848 3970 meis.
905 3918 968 3970 Et
1011 3919 1190 3983 accipe
1234 3919 1391 3984 pedes
1447 3919 1611 3974 minas
1663 3922 1738 3974 vel

198 3991 604 4056 promissiuues,
637 3989 826 4056 quibus
855 3989 1090 4039 doctrina
1118 3991 1351 4040 veritatis
1381 3994 1634 4054 procedit,
1657 3996 1739 4045 vel

195 4068 421 4110 sanctos
447 4059 734 4122 apostolus,
763 4057 950 4124 quibus
989 4060 1100 4122 ipse
1131 4059 1380 4123 processit
1410 4060 1474 4110 ad
1504 4062 1738 4113 notitiam

192 4127 456 4202 gentium.
492 4129 550 4188 Et
591 4143 692 4185 non
724 4129 891 4183 solum
936 4127 1175 4199 laqueum
1228 4140 1538 4202 paraverunt
1570 4131 1692 4182 mihi
1725 4171 1738 4193 ,

191 4199 292 4256 sed
325 4213 372 4254 et
413 4205 628 4255 animum
659 4211 818 4256 meam
857 4210 912 4255 et
965 4214 1196 4253 meorum
1227 4199 1612 4253 iacurmweruut
1640 4243 1652 4264 ,
1690 4203 1739 4254 id

189 4285 302 4334 est,
339 4273 615 4326 incurvare
661 4283 715 4325 et
761 4273 1054 4336 deprimere
1082 4273 1377 4322 voluerunt.
1420 4270 1578 4322 Suam
1629 4274 1740 4340 qui-

191 4345 349 4403 dem,
383 4344 592 4407 quando
632 4343 876 4395 dixerunt
905 4357 914 4390 :
946 4341 1260 4394 ﬂamonium
1286 4341 1458 4403 habes.
1490 4349 1544 4393 et
1574 4359 1586 4394 :
1622 4343 1740 4395 Non

188 4421 272 4462 est
296 4413 378 4462 hic
406 4413 612 4482 homoia
636 4410 762 4473 Deo,
786 4424 838 4464 et
860 4413 1046 4463 similia
1074 4427 1088 4476 ;
1120 4427 1330 4465 suorum
1362 4429 1504 4478 vero,
1536 4415 1742 4482 quando

190 4494 296 4531 eos
320 4482 418 4531 sibi
449 4481 778 4533 conformare
805 4483 1096 4534 voluerunt.

1815 583 1899 618 cor
1925 586 2087 622 meum
2116 573 2164 622 itt
2197 585 2302 634 me,
2324 581 2376 623 et
2399 581 2626 636 paratum
2658 585 2739 619 σοι·
2768 584 2928 619 meum
2950 582 3024 621 εει
3053 570 3102 619 in
3129 570 3277 632 meis,
3310 575 3363 622 et

1817 637 1951 699 ideo,
1981 654 2012 690 0
2045 640 2181 693 Deus
2226 635 2405 704 Pater,
2441 641 2648 692 cantabo
2688 639 2777 690 tibi
2824 638 2872 689 in
2919 651 3000 689 me
3030 648 3083 690 et
3129 635 3178 690 itt
3229 641 3360 691 meis

1813 709 1974 761 corde
1991 720 2045 761 et
2070 723 2184 774 ore,
2214 722 2260 761 et
2289 712 2534 776 psalmum
2565 711 2723 760 dicant
2750 722 2926 772 opere.
2964 707 3025 759 El
3054 715 3108 759 ut
3139 708 3356 772 psallam

1816 788 1869 830 et
1913 789 2140 842 cantem,
2167 782 2313 846 quasi
2343 781 2482 834 dicat
2517 798 2526 830 :
2562 780 2763 832 Morere
2793 776 3072 845 ignominia
3119 792 3256 842 mea,
3311 779 3358 828 id

1813 856 1915 909 est,
1942 863 2064 901 caro
2086 865 2220 912 mea,
2247 850 2295 901 in
2321 852 2420 903 hoc
2441 851 2577 916 quod
2612 849 2865 912 mortalis,
2898 847 3035 915 qttud
3065 846 3358 912 passibilis;

1819 928 1874 972 et
1897 933 2119 986 exsurge
2149 928 2201 971 nt
2230 919 2393 987 gloria
2424 936 2556 983 mea,
2591 919 2771 987 idest,
2806 919 2855 970 in
2889 916 3278 971 immortalitate
3305 928 3359 969 et

1822 987 2233 1052 itnpassibilitate
2261 989 2568 1056 gloriﬁcata.
2603 989 2858 1055 Exsurge,
2889 987 3026 1046 dico,
3056 1001 3180 1038 caro
3219 1003 3358 1046 mea.

1820 1071 1914 1109 ens
1945 1060 2242 1122 psalterium
2278 1069 2340 1112 et
2366 1060 2588 1113 cithara.
2633 1058 2733 1110 Res
2762 1073 2861 1110 una
2892 1067 2990 1115 est.
3036 1065 3089 1109 et
3127 1059 3362 1111 continet

1821 1127 1924 1179 duo
1951 1130 2148 1180 musica
2186 1129 2555 1191 instrumenta,
2601 1130 2720 1194 quia
2752 1128 2802 1179 in
2847 1142 2946 1179 una
2976 1130 3135 1181 'carne
3167 1127 3361 1180 Christi

1823 1207 1943 1248 sunt
1965 1198 2115 1250 nobis
2137 1199 2366 1252 exhibita
2396 1201 2499 1252 duo
2522 1201 2725 1252 diversa
2755 1197 3010 1250 factorum
3035 1211 3246 1263 genera,
3275 1199 3368 1250 de-

1822 1268 2025 1331 signata
2060 1282 2149 1335 per
2178 1268 2281 1321 duo
2310 1268 2512 1323 diversa
2546 1272 2740 1322 musica
2772 1269 3135 1321 instrumenta.
3167 1267 3368 1320 Psalte-

1825 1337 1962 1407 rium
1987 1352 2209 1407 namque
2239 1341 2375 1407 quod
2407 1356 2434 1390 τι
2479 1341 2733 1406 superiori
2776 1347 2947 1400 sonat,
2987 1338 3243 1404 signiﬁcat
3273 1340 3372 1390 mi-

1824 1406 1999 1457 racula
2044 1405 2292 1460 divinitus
2337 1409 2484 1462 nobis
2529 1405 2790 1470 exhibita;
2821 1408 3017 1460 cithara
3051 1421 3194 1466 vero,
3232 1411 3368 1469 quod

1825 1476 1890 1526 ab
1914 1475 2149 1530 inferiori
2171 1490 2344 1541 sonat,
2368 1480 2723 1532 tribulationes
2741 1489 2788 1531 et
2815 1477 3142 1529 infirmitates
3166 1488 3371 1530 nostras

1829 1546 1879 1596 in
1931 1560 2153 1614 corpore
2182 1549 2376 1605 Christi
2417 1550 2681 1602 exhibitas
2734 1548 3012 1616 signiﬁcat.
3065 1547 3370 1600 Psalterium

1827 1627 2002 1679 sonat,
2036 1619 2159 1669 εωεί
2191 1618 2384 1680 vident,
2417 1620 2586 1671 claudi
2623 1618 2911 1677 ambulant,
2958 1625 3015 1670 et
3047 1618 3264 1679 similia;
3294 1617 3370 1679 ci-
3399 1648 3405 1654 -

1829 1685 1978 1736 tbara
2003 1701 2127 1739 vero
2148 1699 2318 1749 sonat,
2353 1690 2543 1741 famem
2575 1691 2781 1754 patitur,
2813 1685 3006 1740 dormit
3035 1695 3087 1739 ct
3117 1688 3369 1748 triStatur,

1830 1765 1884 1808 et
1908 1755 2118 1809 similia.
2154 1753 2278 1810 Dico
2302 1775 2524 1824 exsurge.
2559 1753 2624 1811 Et
2667 1773 2844 1811 revera
2879 1760 2945 1809 ita
2970 1758 3096 1819 erit,
3128 1763 3244 1824 quia
3277 1772 3373 1825 ego

1761 1850 1806 1909 Β
1835 1841 2118 1909 exsurgant.
2150 1827 2356 1909 Et_ideo
2377 1829 2523 1909 dicit,
2557 1837 2612 1909 ut
2643 1843 2733 1909 per
2765 1828 3216 1909 hecfco‘mprobet,
3253 1828 3378 1909 Vet-

1838 1896 1959 1948 bum
1993 1897 2334 1962 personaliter
2359 1899 2458 1951 sibi
2487 1897 2842 1964 coniunctum,
2874 1896 3013 1948 Patri
3041 1898 3305 1963 cmequale
3325 1911 3378 1950 ct

1833 1968 2313 2032 consubstantiale;
2359 1970 2475 2036 quia
2507 1972 2646 2021 enim
2691 1968 2840 2020 Pater
2865 1976 2918 2020 et
2948 1966 3172 2019 Verbum
3216 1983 3373 2018 unum

1833 2046 1973 2098 sunt,
2005 2047 2060 2090 et
2101 2037 2253 2092 Pater
2281 2053 2402 2091 eum
2451 2038 2802 2096 resuscitavit.
2848 2047 2899 2090 et
2940 2037 3048 2103 ipse
3092 2038 3379 2091 secundum

1839 2104 2066 2161 Verbum
2097 2122 2154 2159 se
2197 2109 2546 2162 resuscilavit.
2591 2107 2827 2160 Diluculo
2861 2107 3003 2170 ponit
3049 2105 3185 2165 ideo,
3219 2109 3295 2160 vel
3329 2123 3377 2158 ιιι

1837 2184 1980 2228 notet
2003 2188 2208 2244 tempus
2233 2179 2655 2241 resurrectionis,
2679 2193 2793 2243 qua:
2817 2191 2970 2228 inane
2995 2176 3123 2228 facta
3152 2185 3263 2237 est;
3302 2179 3381 2234 vel

1835 2245 1954 2311 quia
1998 2248 2136 2315 sicut
2162 2247 2451 2300 diluculum
2486 2257 2602 2314 pust
2646 2248 2889 2300 tenebras
2936 2248 3137 2312 iugatas
3165 2246 3390 2315 dicitur,

1838 2326 1906 2386 tta
1939 2316 2081 2378 tunc,
2114 2313 2302 2386 fugatis
2335 2313 2563 2370 tenebris
2595 2317 2934 2384 inﬁdelitatis,
2969 2316 3236 2369 luce-cere
3273 2332 3355 2371 Cu:

1840 2385 1912 2453 pit
1944 2385 2116 2438 lumen
2151 2385 2266 2439 tidei
2297 2393 2349 2438 et
2373 2388 2630 2442 \erilatis.

1908 2455 2192 2522 Cou/‘itebor
2221 2459 2307 2510 tibi
2331 2461 2380 2509 in
2411 2457 2628 2522 populis,
2665 2457 2891 2510 nomine.
2927 2455 3055 2520 Quia
3087 2470 3377 2524 exsurgant.

1841 2525 1977 2586 ideo,
2021 2526 2251 2588 Domine,
2282 2527 2556 2594 conﬁtebor
2583 2528 2670 2578 tibi
2701 2527 2751 2578 in
2801 2527 3010 2590 psalmis
3038 2525 3284 2578 Judaieis.
3316 2525 3380 2579 Et

1842 2598 2088 2660 psalmum
2113 2597 2280 2648 dicam
2308 2598 2412 2658 tibi,
2439 2597 2658 2650 laudabo
2683 2608 2731 2649 te
2761 2611 2852 2661 per
2881 2609 3036 2662 opera
3068 2594 3098 2647 b
3120 2609 3198 2646 una
3221 2594 3378 2648 etinn

1839 2667 1889 2715 in
1915 2665 2163 2734 gentibus.
2208 2667 2268 2719 Et
2297 2670 2484 2719 merito
2513 2668 2735 2719 laudabo
2765 2676 2834 2729 te,
2868 2668 2985 2731 quia
3013 2679 3112 2731 ego
3139 2680 3239 2716 non
3286 2678 3376 2718 so-

1843 2736 1946 2798 lum
1978 2736 2228 2788 dicendus
2259 2738 2581 2797 misericors,
2609 2738 2697 2788 sed
2727 2736 2834 2803 ipsa
2867 2746 2950 2786 tua
2995 2735 3374 2787 misericordia.

1840 2808 1938 2868 Qui
1964 2821 2081 2857 cutn
2129 2815 2314 2872 potens
2343 2820 2534 2868 essem,
2565 2807 2724 2859 miser
2762 2806 2949 2867 factus,
2996 2815 3049 2856 ut
3087 2806 3376 2863 remedium

1841 2875 2135 2927 conferrem
2188 2876 2411 2929 miseriis
2443 2877 2687 2928 aliorum.
2725 2877 2782 2927 lit
2830 2875 2914 2940 qui
2964 2890 3077 2925 sum
3129 2875 3377 2926 dicendus

1843 2945 2032 2996 veritas
2082 2953 2187 3008 tua,
2220 2947 2338 3012 quia
2389 2961 2480 3011 per
2527 2960 2611 2997 me
2649 2945 2842 2996 mundo
2871 2944 3040 2995 omnis
3081 2943 3272 2995 veritas
3299 2956 3375 2996 est

1842 3021 2076 3078 ostensa,
2106 3029 2220 3065 sum
2250 3015 2629 3082 magniﬁcatus,
2655 3015 2701 3064 id
2726 3022 2823 3078 est,
2849 3013 3110 3066 exaltatus
3133 3027 3292 3080 usque
3313 3015 3376 3066 ad

1844 3083 2006 3136 cmlos
2036 3084 2447 3148 constituendos,
2481 3094 2533 3136 et
2561 3099 2726 3148 usque
2755 3085 2818 3134 ad
2851 3085 3014 3134 nubes
3051 3086 3375 3136 COItslitttell—

1846 3155 1960 3207 das.
1987 3154 2051 3205 Et
2069 3156 2246 3222 accipe
2269 3169 2356 3217 per
2382 3157 2571 3207 coelum
2595 3163 2647 3207 ct
2670 3167 2758 3220 per
2781 3156 2964 3215 nubes,
2990 3153 3378 3217 prwdicatiires.

1836 3224 1935 3276 Per
1963 3227 2153 3277 caelum
2200 3238 2320 3276 vero
2350 3225 2596 3290 majores,
2633 3234 2688 3276 ut
2730 3223 3040 3290 Apostolus;
3078 3229 3175 3287 per
3215 3223 3380 3277 nubes

1836 3308 1961 3345 vero
1992 3293 2283 3347 inferiores.
2322 3294 2414 3347 Vel
2442 3296 2615 3350 aliter.
2648 3294 2862 3346 Vidrltlr
2889 3293 3283 3346 cooveuientius
3315 3305 3371 3346 ut

1835 3364 2026 3416 veritas
2052 3361 2338 3416 referretur
2374 3364 2437 3416 ad
2464 3365 2644 3424 cmlus,
2677 3374 2731 3416 et
2771 3363 3128 3416 misericordia
3165 3362 3226 3414 ad
3278 3378 3399 3415 ηιιο·

1837 3433 1948 3496 bes,
1982 3435 2098 3499 quia
2144 3436 2262 3486 caeli
2311 3443 2433 3485 sunt
2478 3434 2666 3500 angeli,
2700 3433 2787 3500 qui
2836 3443 3029 3497 quanto
3058 3433 3286 3493 altiores,
3319 3445 3372 3484 et

1838 3505 2042 3555 veritati
2074 3502 2372 3566 viciniorcs,
2405 3512 2546 3556 tanto
2579 3501 2854 3569 perfectius
2897 3503 3009 3553 sine
3039 3500 3260 3568 cdigine
3292 3502 3368 3553 vi-

1836 3574 1998 3625 siunis
2027 3587 2172 3638 spem
2203 3575 2436 3626 veritatis
2468 3574 2730 3625 intuentur
2753 3582 2805 3624 et
2835 3573 3062 3634 laudant,
3096 3572 3367 3623 dicentes:

1838 3643 2073 3705 Sanctus,
2105 3643 2340 3708 Sanctus,
2370 3643 2603 3697 Sanctus.
2633 3645 2803 3695 bubes
2828 3658 2949 3693 vero
2975 3642 3213 3694 dicuntur
3245 3656 3373 3705 prte-

1836 3712 2096 3764 dicatores
2125 3723 2337 3778 propter
2367 3719 2696 3765 tenebrosam
2725 3726 2959 3770 carnem,
2990 3726 3086 3779 qua
3113 3721 3374 3774 teguntur,

1841 3781 1961 3833 licet
2014 3782 2259 3834 Dominus
2309 3796 2400 3846 per
2443 3796 2534 3833 eos
2595 3784 2793 3834 intonet
2835 3781 3008 3847 mittis,
3043 3787 3095 3832 ct
3140 3794 3383 3834 coruscet

1841 3851 2121 3904 imraculis.
2155 3851 2218 3905 Et
2246 3856 2367 3918 quia
2410 3852 2460 3903 in
2491 3853 2590 3904 eis.
2606 3860 2687 3904 est
2726 3852 2953 3911 miseria,
3002 3850 3119 3903 ideo
3149 3851 3384 3918 indigent

1841 3923 2218 3975 misi-ricurdia.
2248 3923 2510 3987 Quare'ad
2543 3924 2707 3974 nubes
2751 3924 3013 3987 pertinere
3051 3920 3252 3972 videtur
3284 3923 3352 3976 mi

1839 3993 2144 4058 sericurdia,
2177 4001 2232 4045 et
2277 3994 2339 4045 ad
2384 3991 2547 4049 cados
2595 3994 2805 4060 veritas.
2856 3991 2919 4045 Et
2972 4001 3141 4060 tamen
3181 3991 3415 4060 veritas,

1840 4064 2046 4129 quidem
2074 4057 2342 4131 praepollet
2365 4063 2413 4114 in
2443 4063 2664 4130 angelis,
2696 4057 2787 4114 sed
2820 4064 3066 4131 Dominus
3096 4057 3236 4114 dedit
3263 4073 3377 4112 eam

1839 4136 1995 4184 etiam
2038 4129 2280 4186 nubibus.
2325 4134 2390 4186 Et
2417 4129 2536 4199 quia
2567 4132 2734 4195 angeli
2768 4146 2868 4183 non
2889 4129 3146 4198 "indigent
3176 4131 3378 4185 miseri-

1840 4204 2041 4265 cordia,
2076 4205 2191 4255 ideo
2234 4203 2482 4255 Dominus
2513 4201 2810 4254 misericors
2842 4200 3106 4254 hominum
3140 4203 3376 4255 miserias

1842 4274 2140 4334 miseratus,
2170 4273 2312 4325 dedit
2337 4271 2413 4324 eis
2443 4271 2878 4336 misericordiam,
2910 4282 2962 4324 et
2995 4289 3082 4340 per
3121 4273 3377 4325 clarifica-

1844 4344 2038 4396 tionem
2082 4344 2500 4405 resurrectionis,
2533 4355 2584 4396 et
2614 4343 3019 4409 incorruptiuuis
3065 4342 3260 4408 angelis
3282 4358 3381 4402 eos

1842 4415 2151 4478 cotequarit.
2185 4412 2249 4466 Et
2276 4415 2612 4466 ideo'dictutn
2641 4424 2721 4465 est
2748 4423 2923 4464 reete‘.
2960 4411 3207 4475 Quoniam
3236 4414 3379 4465 mise—

1843 4479 2061 4538 ricordia
2110 4488 2202 4537 Dei
2235 4484 2553 4552 mugniﬁcata
2597 4491 2667 4532 est
2713 4497 2863 4547 usque
2903 4486 2969 4530 ad
3012 4481 3156 4531 stelas
3188 4487 3386 4552 εοιιδιι·

273 4547 538 4600 Fuderunt
563 4560 676 4623 ante
708 4552 882 4615 [aciem
913 4565 1092 4623 meam.
1123 4550 1250 4623 lloc,
1299 4553 1506 4618 inquam
1532 4591 1546 4614 ,
1579 4553 1732 4605 modo
1771 4547 1822 4606 D
1848 4561 2090 4618 tuendus,
2126 4561 2245 4623 quia
2277 4547 2370 4623 per
2400 4547 2809 4609 misericordiam
2843 4553 3080 4601 homines
3111 4551 3228 4602 lacti
3260 4564 3381 4602 sinit

191 4626 520 4684 paraverunt
547 4620 670 4670 mihi
698 4623 937 4684 laqueum
963 4658 976 4682 ,
1009 4618 1126 4683 quia
1155 4622 1387 4687 [oderunt
1416 4625 1609 4690 foveam
1632 4659 1646 4682 ,
1682 4625 1728 4675 id

189 4698 302 4750 est,
338 4700 650 4754 paraverunt
681 4690 1038 4754 deceptionem
1062 4697 1114 4740 et
1144 4701 1362 4741 mortem
1397 4692 1522 4744 mihi
1544 4736 1556 4754 ,
1585 4698 1730 4755 quasi

188 4758 459 4831 nescienti
491 4761 868 4831 reputationem
896 4773 1111 4831 eorum;
1164 4761 1254 4810 sed
1296 4772 1463 4831 tamen
1493 4772 1606 4813 ante
1655 4765 1732 4831 [u-

189 4829 328 4879 ciem
368 4843 528 4880 meam
557 4830 680 4891 fuit,
709 4828 756 4879 id
779 4836 878 4888 est,
909 4827 1240 4881 manifestum
1270 4829 1391 4882 mihi
1432 4827 1729 4886 corieort‘un

187 4899 539 4969 cognoscenti
566 4898 677 4950 fuit.
708 4897 794 4949 Vel
829 4911 919 4963 per
948 4896 1148 4948 foveam
1196 4913 1469 4963 possumus
1495 4905 1730 4969 accipere

191 4964 540 5021 manifestam
568 4969 914 5021 damnationis
940 4971 1275 5032 sententiam,
1308 4972 1425 5035 quia
1451 4987 1498 5022 In
1530 4964 1727 5025 ιιιιιίυιιι

190 5048 324 5086 eum
352 5037 713 5110 neglexerunt,
745 5038 880 5106 quod
912 5045 1030 5089 ante
1063 5038 1242 5110 faciem
1274 5042 1386 5102 ejus
1406 5080 1420 5102 ,
1454 5042 1501 5091 id
1531 5055 1607 5093 est
1631 5087 1648 5110 ,
1679 5046 1727 5095 in

193 5106 510 5172 prtesentia,
541 5107 786 5160 damnare
808 5123 924 5160 eum
957 5121 1057 5159 non
1097 5108 1464 5159 dubitaverunt
1490 5150 1504 5170 ,
1551 5106 1729 5164 dicen-

193 5187 280 5226 tes
312 5190 325 5224 :
532 5187 600 5247 est
625 5178 819 5247 mortis.
838 5179 916 5247 ibt
941 5177 1231 5229 inciderunt
1262 5175 1309 5226 in
1332 5178 1541 5247 foveam
1569 5219 1582 5240 ,
1610 5183 1725 5247 quia

187 5243 442 5308 quisquis
476 5245 575 5313 _a‘ii
621 5246 1002 5298 damnationetn
1035 5256 1218 5310 parat,
1267 5245 1410 5311 prius
1457 5263 1512 5298 se
1562 5243 1727 5313 ipsum

189 5318 444 5367 damnat.
473 5311 624 5368 Prius
654 5315 790 5365 enim
823 5316 871 5366 in
899 5330 956 5366 se
986 5325 1181 5378 peccat,
1225 5331 1378 5382 quam
1411 5317 1458 5366 in
1483 5311 1722 5370 alterum.

195 5386 263 5434 lit
291 5397 508 5452 semper
538 5382 733 5452 felicior
763 5393 843 5434 est
869 5383 1076 5435 tristitia
1115 5389 1357 5450 patientis
1383 5424 1396 5446 ,
1430 5400 1579 5451 quam
1633 5387 1726 5439 ini-

192 5467 299 5518 qua
336 5454 513 5505 laetitia
553 5451 837 5504 inferentis.
871 5453 996 5505 Item
1031 5469 1042 5502 :
1078 5453 1256 5507 Omnis
1287 5467 1524 5506 sententia
1561 5456 1728 5522 inique

193 5526 320 5573 data
347 5525 551 5574 damnat
579 5534 829 5586 auctorem
851 5536 996 5573 suum
1020 5561 1034 5585 ,
1067 5525 1205 5588 quod
1248 5528 1430 5577 attinet
1467 5526 1530 5576 ad
1559 5535 1730 5591 poste-

195 5590 395 5644 riorem
421 5593 486 5644 de
517 5594 661 5644 fovea
688 5592 1017 5660 sententiam.
1169 5653 1176 5660 ι,

272 5662 519 5712 Paratum
547 5677 633 5712 cor
657 5675 818 5713 meum
845 5659 999 5722 Ileus,
1033 5671 1265 5725 parafum
1286 5678 1372 5715 cor
1398 5678 1577 5726 meum,
1609 5679 1731 5714 cau-

195 5733 310 5783 tabo
338 5740 384 5782 et
417 5732 663 5794 psalmum
698 5731 859 5781 dicam
899 5729 1130 5780 Domitio.
1165 5731 1282 5800 ipsi,
1316 5735 1545 5800 inquam,
1580 5748 1728 5798 para-

199 5810 387 5854 terunt
419 5800 642 5864 foveam,
673 5813 768 5866 ego
801 5813 922 5855 vero
965 5798 1292 5866 patientiam;
1331 5798 1425 5871 ipsi
1463 5802 1525 5854 ad
1555 5803 1728 5870 depri-

1834 4628 1976 4686 cmli,
2011 4627 2058 4677 id
2108 4639 2211 4688 est,
2238 4622 2429 4693 πει-ιι,
2463 4635 2515 4676 ει
2543 4625 2729 4683 veritas
2762 4637 2924 4692 usque
2952 4624 3014 4674 ad
3062 4622 3225 4677 nubes
3254 4635 3378 4672 cou-

1833 4698 2147 4760 sutueudas,
2179 4701 2294 4761 quia
2331 4697 2761 4763 praedicatoribus
2784 4697 3018 4747 veritatis
3039 4695 3263 4761 cegtutio
3288 4705 3384 4744 suo

1835 4767 1988 4818 modo
2019 4767 2134 4817 data
2162 4774 2261 4820 est.

1904 4835 2142 4889 Exultare
2181 4853 2328 4904 super
2359 4836 2506 4888 (celos
2538 4833 2689 4896 Deus,
2725 4845 2770 4887 et
2805 4849 2950 4900 super
2974 4847 3166 4884 omnem
3193 4843 3373 4903 terram

1831 4914 1997 4976 gloria
2029 4917 2132 4958 tua.
2173 4907 2236 4960 Ut
2268 4911 2444 4974 populi
2478 4915 2530 4957 et
2575 4917 2753 4972 gentes
2793 4905 3154 4976 conﬁteantur.
3192 4905 3276 4976 Vel
3317 4915 3373 4954 ut

1833 4973 2191 5030 iniseric0rdia
2223 4973 2278 5029 et
2308 4986 2497 5028 veritas
2529 4975 2944 5041 magniﬁcenter,
2976 4975 3092 5025 ideo
3128 4982 3199 5034 tu,
3239 4973 3372 5025 Dens

1836 5048 2275 5111 \"erbunt,‘ltumo
2300 5046 2350 5097 itt
2379 5060 2552 5106 cruce,
2604 5056 2732 5095 licus
2766 5049 2815 5095 iit
2850 5048 3005 5107 Catio,
3039 5043 3258 5094 exultare
3287 5058 3370 5093 nte

1828 5118 2041 5183 quidem
2070 5118 2296 5168 cxaltatu
2324 5131 2472 5182 super
2501 5128 2682 5165 uiunes
2710 5117 2879 5176 αιτιοι,
2912 5127 2963 5165 et
3017 5114 3229 5183 reliqua.
3266 5113 3368 5164 ιιυο

1833 5181 2010 5249 petttto
2035 5192 2113 5238 est
2137 5201 2238 5236 non
2255 5199 2320 5236 ex
2345 5185 2653 5238 necessitate
2683 5185 2962 5249 narrantis,
2986 5183 3075 5236 sed
3099 5181 3372 5234 allectiiiiie

1830 5266 2049 5308 01⁵211115-

2300 5345 2361 5398 1N
2403 5344 2720 5400 PSALMUM
2761 5346 2909 5400 LVII.

1833 5463 1883 5516 In
1929 5465 2103 5527 finem,
2139 5477 2202 5516 ne
2230 5463 2500 5530 disperdas
2532 5461 2694 5516 David
2739 5464 2787 5515 in
2840 5462 2971 5513 tituli
3016 5462 3372 5528 inscriptione.

2430 5588 2798 5627 ABGUMENTUI.

1903 5667 2185 5718 Crescente
2211 5663 2262 5714 in
2293 5661 2403 5714 dies
2429 5661 2586 5722 fama,
2611 5669 2663 5712 et
2690 5662 2901 5713 victoria
2933 5661 3367 5719 Much-ulmorum.

1835 5738 2041 5802 quidam
2091 5747 2146 5784 se
2194 5734 2293 5783 illis
2338 5730 2531 5802 inimici
2580 5731 2888 5780 fraudulenti
2923 5731 3304 5802 admiscebint,
3345 5751 3370 5779 ιι

1836 5800 2025 5872 quibus
2067 5814 2116 5856 et
2147 5802 2394 5854 lenatbas
2436 5801 2716 5863 διιιιοιιίίυθ
2745 5814 2859 5850 cum
2891 5800 3008 5848 litits
3040 5813 3160 5848 sunt
3216 5816 3374 5853 mter-
