3898 6226
169 329 290 386 739

864 339 929 393 IN
971 337 1382 394 PSALMORUM
1423 338 1672 394 LIBRUM
1716 337 2050 394 EXEGESIS
2115 368 2178 381 —
2216 339 2458 395 PSALM.
2501 341 2673 396 LVIII.

3281 339 3384 396 790

163 453 236 502 ad
273 455 451 510 Deum
485 458 811 516 placandum.
855 456 1145 509 Excusatur
1171 454 1364 522 quippe
1392 461 1654 522 peccator,
1682 463 1737 506 ct
1769 457 1812 510 Δ
1844 451 1961 504 ideo
1989 453 2175 506 merito
2200 467 2256 505 es
2287 451 2419 503 Deus
2446 469 2582 504 meus
2610 461 2661 504 et
2692 466 2949 514 meorum,
2980 452 3027 503 id
3060 462 3158 514 est,
3187 457 3372 510 merito

163 525 432 602 culpatur
459 527 715 602 Creatorn
1089 594 1102 602 _
1212 592 1224 602 _
1281 601 1287 602 γ
1447 593 1459 602 ,
1549 591 1566 602 .
1628 591 1640 602 .
1696 593 1708 602 .

243 593 621 648 Conrertentur
651 594 720 648 ad
759 608 1032 662 vesperam.
1089 592 1379 662 lstndrtam
1429 593 1492 643 de
1542 591 1740 644 Judreis

167 675 348 726 quam
380 667 451 718 de
475 666 716 730 gentibus
747 674 917 732 potest
944 661 1181 730 intelligi.
1219 661 1387 732 Nunc
1416 673 1588 732 autem
1622 663 1739 732 pri-

166 746 331 785 mum
384 731 761 798 prosequamur
806 735 871 788 de
915 732 1146 792 .ludaeis,
1201 731 1390 784 deinde
1436 731 1620 783 ordine
1671 731 1737 783 de

161 804 472 872 ﬂentibus:
508 806 734 865 pertinet
782 802 1277 872 prrrdictargregia
1322 800 1570 872 iniquitas
1603 815 1738 864 pra!-

164 870 344 932 Ciptie
391 874 456 924 ad
503 874 732 929 Iudaeos.
765 870 933 925 adhuc
963 870 1308 922 defendentes
1352 885 1407 921 se
1451 870 1517 920 de
1567 879 1736 922 morte

169 941 402 994 medici.
440 942 835 996 Continuabitur
859 952 1029 993 autem
1057 942 1163 990 sic:
1192 939 1320 991 Dico
1348 954 1413 991 ne
1438 942 1737 992 miserearis

163 1007 386 1064 .Iudmis
415 1013 737 1077 iniquitatem
771 1009 1192 1069 defendentibus,
1224 1016 1277 1061 et
1312 1008 1361 1058 in
1395 1023 1452 1059 ea
1489 1023 1736 1069 perseve-

165 1081 449 1135 rantibus.
501 1082 855 1145 Quorumdam
888 1088 1059 1131 autem
1094 1081 1179 1143 qui
1225 1091 1319 1129 nec
1364 1087 1731 1142 persiwerant,

168 1162 278 1198 nec
325 1166 386 1204 se
426 1151 734 1210 defendunt,
780 1149 1103 1204 miserearis.
1138 1157 1194 1198 Iit
1223 1156 1616 1198 Convertuntur.
1672 1146 1737 1198 Et

167 1218 244 1268 ita
277 1221 385 1272 erit
406 1261 422 1281 ,
455 1223 571 1285 quia
606 1229 952 1273 convertentur
977 1218 1042 1268 ad
1074 1232 1348 1277 vesperam,
1383 1216 1429 1266 id
1458 1225 1557 1274 est,
1587 1231 1736 1266 sero-

171 1287 290 1337 tina
320 1293 692 1344 conversione.
726 1287 1032 1343 Delmissrnl
1065 1286 1204 1338 enim
1234 1288 1281 1334 in
1313 1299 1464 1336 mane
1488 1285 1732 1337 conversi

167 1357 371 1418 fuisse.
408 1360 459 1412 id
491 1372 602 1419 est,
639 1361 842 1412 medico
883 1367 1178 1420 pr:c~cnte;
1225 1354 1314 1407 sed
1344 1355 1461 1412 quia
1493 1356 1733 1406 conversi

166 1440 281 1476 non
319 1439 465 1485 sunt.
497 1431 612 1494 quia
646 1430 903 1481 medicum
936 1425 1291 1477 necessarium
1321 1423 1554 1494 sibinou
1588 1436 1731 1485 puta-

167 1507 394 1557 verunt,
423 1492 577 1565 quem
600 1497 990 1555 cruciﬁxeruut,
1009 1502 1352 1572 convertentur
1373 1492 1437 1572 ad
1463 1508 1730 1572 vesperam,

167 1576 296 1616 post
330 1563 453 1630 ejus
479 1567 919 1621 resurrectionem
950 1575 1003 1617 et
1032 1563 1435 1626 ascensionem;
1480 1563 1614 1629 quod
1662 1564 1731 1614 ita

165 1634 376 1686 factum
418 1645 522 1690 est.

242 1703 538 1772 Postquam
576 1706 716 1760 enim
746 1709 890 1757 viros
933 1703 1155 1764 idiotas,
1200 1700 1250 1754 id
1292 1711 1411 1772 est,
1453 1701 1725 1764 apostolos
1764 1738 1770 1744 .

1838 523 1999 586 gratis
2029 532 2079 574 te
2108 535 2245 582 amo,
2289 523 2448 587 gratis
2480 533 2529 575 te
2555 522 2672 574 colo
2704 531 2758 574 et
2789 522 2962 574 laudo.
3021 523 3082 574 Et
3111 533 3376 580 convertit

1837 604 1896 642 se
1920 589 1982 643 ad
2009 606 2127 649 nos.
2170 600 2226 643 ιιι
2249 599 2302 643 ει
2328 605 2420 642 nos
2446 593 2613 654 ipsum
2642 592 2804 643 Deum
2833 601 3066 643 nostrum
3097 591 3369 651 faciamus.

1836 659 1992 730 Quasi
2039 660 2215 712 dicat:
2269 659 2387 713 Ideo
2435 660 2552 712 dico
2597 661 2733 728 quod
2780 661 2852 712 sis
2885 659 3015 712 Deus
3065 677 3220 725 meus,
3254 667 3370 730 quia

1838 728 2180 780 misericordia
2206 731 2312 794 ejus
2343 731 2606 793 prteveniet
2632 730 2739 798 jam
2770 741 2824 783 et
2850 744 3058 792 semper
3077 728 3376 793 praeveniet

1839 813 2003 850 meos.
2035 798 2170 852 Nihil
2200 800 2338 852 enim
2365 800 2636 854 attulimus
2660 815 2756 858 ego
2784 808 2839 852 et
2868 800 2966 852 mei
2999 810 3206 865 prepter
3229 807 3365 864 quod

1839 870 2002 917 nostri
2037 871 2391 932 misereretur,
2421 876 2473 920 et
2497 883 2590 918 nos
2609 869 2939 933 justilicaret,
2961 869 3053 921 sed
3077 871 3188 922 sola
3215 874 3368 926 mise-

1839 937 2060 989 ricordia
2092 939 2205 1002 ejus
2235 939 2366 990 sicut
2398 940 2647 1000 prmvenit
2685 954 2769 991 me
2798 949 2851 990 ut
2877 953 3045 992 essent
3065 979 3079 1003 ,
3114 939 3183 993 ita
3213 944 3366 995 etiam

1839 1007 2117 1072 pra'veuiel
2152 1024 2234 1057 tuo
2263 1016 2316 1058 ttt
2344 1008 2512 1058 bonus
2539 1009 2659 1059 sim.

1908 1074 2043 1126 Dens
2074 1078 2287 1128 ostendit
2316 1077 2459 1130 mihi.
2510 1076 2633 1129 Ideo
2672 1077 2827 1128 etiam
2869 1077 2987 1129 dico
3030 1077 3163 1131 Deus
3205 1094 3370 1141 mens,

1839 1144 1956 1205 qttia
1993 1145 2125 1196 Deus
2157 1146 2279 1197 mihi
2315 1145 2452 1196 facto
2483 1146 2534 1197 in
2566 1161 2646 1196 me
2679 1157 2730 1197 et
2759 1145 2806 1197 iu
2842 1146 2997 1208 meis,
3033 1163 3180 1209 super
3209 1150 3377 1201 inimi—

1803 1212 2109 1277 ‘cosmeos,
2144 1213 2192 1264 id
2225 1223 2333 1273 est,
2376 1215 2598 1266 collecto
2641 1216 2742 1268 illis
2786 1215 3016 1282 rejectis,
3061 1219 3232 1270 electo
3274 1221 3376 1272 illis

1836 1283 2090 1347 repulsis.
2125 1284 2359 1344 ostendit,
2392 1284 2437 1334 id
2467 1293 2568 1345 est,
2596 1284 2950 1337 ostensionetn
2980 1285 3121 1347 fecit,
3148 1288 3371 1348 scilicet.

1838 1359 1891 1400 ut
1920 1366 2292 1418 cognoscerem
2321 1353 2524 1404 divitias
2552 1354 2732 1421 gratiae
2757 1356 2891 1419 ejus.
2922 1369 3012 1420 per
3038 1371 3158 1408 vasa
3193 1358 3282 1408 ira:
3315 1359 3366 1410 iu

1835 1421 1972 1472 vasis
2015 1422 2411 1474 misericordiae.
2462 1421 2616 1485 Quasi
2646 1424 2817 1474 dicat:
2853 1424 3097 1476 Conferat
3141 1441 3233 1479 vas
3284 1427 3373 1479 ira:

1835 1490 1970 1541 vasis
2003 1492 2400 1554 misericordiae,
2424 1493 2682 1562 collectus
2711 1493 2934 1558 rejectis.
2963 1493 3158 1546 electus
3189 1509 3374 1562 repro-

1838 1562 1990 1617 batis.
2022 1571 2073 1611 et
2099 1571 2380 1626 cognoscat
2403 1561 2613 1612 divitias
2638 1563 2816 1627 grati-te
2844 1562 2976 1627 eius,
3001 1578 3128 1628 quas
3152 1561 3369 1617 offendit

1837 1642 1928 1692 per
1957 1643 2077 1680 Vasa
2109 1631 2198 1681 ira:
2228 1630 2282 1682 in
2312 1631 2449 1697 vasis
2483 1630 2871 1682 misericorditc.
2908 1632 2981 1684 Ex
3010 1638 3372 1697 persecutione

1834 1688 1972 1748 enim
2009 1701 2264 1750 malorum
2297 1688 2628 1766 cognoscitur
2662 1700 2915 1763 perfectio
2946 1688 3224 1755 bonorum.
3267 1688 3369 1757 Ini-

164 1767 426 1828 viderunt
459 1785 595 1827 tanta
629 1776 876 1828 miracula
907 1773 1178 1831 facientes.
1206 1782 1312 1822 tam
1344 1770 1472 1822 mira
1496 1773 1725 1846 loquen-
1763 1790 1801 1846 Β
1835 1768 1999 1846 inicos
2031 1767 2082 1844 in
2103 1770 2210 1846 hac
2249 1767 2515 1846 Sententia
2536 1767 2743 1846 Judaeos
2771 1770 2990 1836 accipit;
3013 1780 3094 1846 _et
3131 1776 3370 1846 quamvis

164 1852 272 1900 les.
318 1858 433 1905 post
467 1846 690 1911 Spiritus
717 1846 882 1896 sancti
914 1841 1237 1899 missionem,
1272 1849 1392 1890 tunc
1421 1841 1628 1903 quidam
1660 1854 1725 1892 ex

164 1914 581 1967 erucillsorihus
613 1914 804 1966 Christi
835 1923 1102 1975 peccatum
1137 1924 1290 1962 suum
1320 1919 1721 1973 cognoscentes.

161 1993 444 2034 venerunt
475 1989 538 2035 ad
572 1983 836 2048 apostolos
869 1983 1103 2034 dicentes
1131 1997 1142 2032 :
1178 1979 1310 2043 Quid
1341 1978 1599 2048 faciemus.
1634 1980 1724 2030 viri

160 2050 408 2113 fratres?
463 2054 523 2104 Et
559 2052 880 2116 respondens
927 2053 1111 2101 Petrus
1153 2049 1318 2100 dixit:
1374 2047 1724 2100 Paenitentiam

158 2123 326 2188 agite,
354 2130 424 2188 iet
471 2121 744 2188 baptisetur
786 2121 1123 2187 unusquisque
1168 2127 1383 2169 vestrum
1429 2117 1482 2167 in
1527 2119 1724 2188 nomine

156 2185 294 2265 J_csu_
332 2185 541 2265 Christi;
571 2190 891 2265 Qitasi_il_icat
921 2185 1385 2265 eis_:_S;mgui_nem
1411 2201 1566 2265 quem
1594 2187 1724 2265 effn-

161 2259 333 2309 distis
362 2261 660 2318 saevientes.
693 2259 851 2312 bibite
883 2258 1224 2311 conlidentes.
1261 2256 1323 2307 Et
1345 2256 1408 2307 de
1437 2257 1515 2304 his
1545 2256 1724 2318 primi-

166 2337 255 2378 tus
301 2330 575 2381 conversis
625 2330 722 2381 hoc
769 2326 1129 2392 accipiendum
1159 2338 1257 2377 est.
1316 2323 1718 2387 Convertuntur,

165 2396 395 2456 inquam
418 2443 432 2458 ,
483 2408 527 2449 et
576 2399 817 2451 conversi
849 2398 1101 2463 patientur
1130 2397 1331 2463 famem.
1365 2395 1551 2463 idest,
1586 2394 1721 2444 avidi

162 2477 330 2518 erunt
363 2467 504 2520 vorbi
539 2469 625 2520 Dei
657 2477 708 2520 et
735 2461 946 2533 gratim,
995 2461 1145 2517 entes
1185 2474 1237 2514 ut
1279 2479 1456 2523 canes,
1506 2461 1554 2514 id
1601 2473 1716 2525 est,

163 2549 555 2596 cognoscentes
599 2552 656 2589 se
697 2537 898 2589 medico
939 2548 1097 2602 egere
1137 2535 1273 2586 sicut
1315 2548 1494 2594 cauos,
1541 2533 1588 2582 id
1619 2543 1717 2595 est,

162 2605 402 2668 gentiles
427 2605 678 2659 immundi
721 2615 772 2659 et
814 2603 1122 2661 idololalrae.
1146 2603 1264 2680 quia
1297 2609 1615 2680 cognoscent
1640 2615 1719 2680 se,

165 2686 265 2725 nec
313 2689 410 2738 per
449 2691 594 2726 sinam
642 2675 892 2740 iustitiam
933 2689 1026 2726 nec
1071 2689 1162 2737 per
1203 2673 1366 2738 legem
1410 2672 1720 2736 jnslilicatos

161 2756 314 2818 e~s_e,
349 2745 638 2818 quiaillum
669 2746 754 2809 qui
803 2744 890 2818 lus
931 2753 1022 2818 est
1056 2742 1184 2807 legis
1227 2752 1293 2818 et.
1324 2741 1716 2818 prophetarum,

161 2808 397 2872 sciliCet,
427 2808 708 2877 Christum,
746 2829 844 2864 non
879 2812 1250 2865 intellexerunt
1283 2812 1332 2861 in
1369 2811 1498 2873 lege.
1552 2808 1615 2860 Et
1665 2809 1716 2860 hi

164 2881 305 2933 tales
334 2886 596 2944 Conversi,
631 2893 682 2934 ul
714 2892 767 2933 ιιι
797 2883 890 2940 ipsi
920 2880 1052 2932 alius
1081 2889 1408 2940 convertant,
1437 2878 1718 2930 circuibunt

162 2950 441 3010 civitatem,
479 2951 524 3004 id
557 2961 657 3016 est,
701 2952 929 3004 fidi-lium
973 2951 1387 3009 correctionem,
1433 2948 1512 2999 vel
1557 2949 1714 2999 etiam

165 3023 340 3071 totius
385 3021 596 3072 humani
642 3022 846 3084 generis
891 3019 1276 3070 tnultitiuliuetn
1304 3056 1319 3078 ,
1371 3032 1486 3084 qua:
1531 3016 1716 3068 civitas

163 3087 367 3141 dicitur
399 3103 609 3152 propter
636 3089 1084 3142 circumstantiam
1115 3086 1413 3139 Jmlzeortnn
1434 3129 1447 3150 ,
1479 3087 1564 3150 qui
1598 3086 1708 3137 tibi-

161 3171 268 3234 que
321 3159 542 3234 dispersi
571 3168 730 3234 _sunt.
786 3160 846 3211 Et
892 3173 1004 3234 ecce
1054 3157 1221 3232 (quasi
1249 3153 1426 3234 Idical)
1477 3155 1712 3234 aquuid

166 3228 516 3279 circuibunt?
567 3229 799 3292 Scilicet,
843 3228 902 3278 ad
948 3229 1064 3286 hoc,
1097 3229 1214 3292 quia
1242 3225 1523 3290 loquentur,
1558 3225 1605 3275 id
1637 3234 1716 3277 est

163 3297 535 3356 prmdicabunt
561 3300 613 3349 in
642 3314 726 3349 ore
755 3315 864 3360 suo,
897 3297 943 3347 in
974 3311 1066 3349 ore
1094 3296 1268 3355 avido,
1294 3295 1340 3346 id
1372 3303 1473 3358 est,
1501 3295 1565 3344 ita
1589 3309 1713 3346 con-

162 3371 376 3416 stanter
407 3378 459 3417 et
489 3368 836 3429 impudenter,
888 3369 1021 3417 sicut
1050 3367 1294 3417 convenit
1343 3364 1442 3414 illis
1488 3379 1710 3430 quorum

161 3447 221 3482 os
251 3435 400 3487 verbi
446 3437 532 3488 Dei
563 3436 858 3489 famelicum
890 3446 988 3487 est.
1044 3434 1107 3487 Et
1149 3437 1196 3484 in
1229 3435 1374 3484 labiis
1402 3449 1573 3483 eorum
1613 3435 1711 3485 erit

163 3502 394 3569 gladius,
422 3505 486 3557 de
514 3520 615 3562 nuo
642 3506 835 3556 dictum
868 3513 981 3555 est:
1020 3503 1079 3553 lit
1105 3503 1303 3572 gladius
1329 3504 1552 3563 spiritus,
1579 3503 1712 3568 quod

160 3582 234 3622 est
269 3576 471 3625 uerbum
492 3572 721 3626 Domini.
773 3574 964 3626 Eorum
990 3572 1108 3624 dico
1138 3574 1415 3624 diciintium
1451 3573 1537 3631 ita,
1569 3574 1708 3636 quia,

165 3653 426 3705 quantum
467 3645 529 3695 ad
577 3647 671 3695 hoc
700 3644 837 3708 quod
870 3644 1104 3705 cupiunt,
1139 3641 1284 3706 pauci
1316 3652 1706 3693 convertentur.

167 3708 425 3773 Domine,
460 3713 648 3765 frustra
695 3714 1024 3774 laboramus,
1069 3712 1312 3776 quoniam
1356 3725 1456 3761 non
1504 3720 1583 3762 est
1623 3711 1708 3776 qui

163 3782 355 3832 credat
397 3781 596 3834 anditui
641 3793 835 3836 nostro.
891 3780 1030 3834 Nam
1057 3785 1168 3848 quis
1199 3798 1293 3833 nos
1323 3781 1533 3839 audivit,
1584 3794 1710 3832 aure

163 3850 393 3920 ιιι-ᾕρει,
422 3852 707 3920 audiendi?
738 3853 920 3904 Nullus
950 3854 1116 3920 (quasi
1144 3851 1341 3916 dicant)
1372 3866 1464 3901 nos
1492 3850 1706 3901 audivit.

234 3915 305 3968 Et
339 3934 420 3977 tu,
469 3919 707 3981 Domine.
753 3915 1002 3973 deridebis
1023 3937 1126 3973 eos.
1181 3921 1336 3984 Quasi
1382 3920 1558 3971 dicat:
1606 3920 1705 3984 lp~i

161 3988 380 4051 quidem
430 3988 603 4040 dicent
650 3991 755 4049 sic,
804 3990 948 4056 quasi
998 3989 1321 4055 impossibile
1372 3997 1704 4056 reputantes.

161 4057 304 4119 Quod
360 4060 560 4120 possint
588 4058 743 4126 aliqui
774 4055 1006 4112 coiivcrti
1036 4075 1049 4121 ;
1101 4066 1145 4108 et
1179 4069 1349 4110 tamen
1383 4067 1456 4119 tu,
1492 4055 1705 4110 Domine

161 4126 416 4177 deridebis
445 4142 548 4188 eos,
597 4129 645 4180 id
694 4138 794 4190 est,
841 4127 1107 4178 derisione
1153 4126 1339 4191 dignos
1386 4127 1544 4178 facias
1590 4141 1703 4189 eos,

160 4197 282 4261 quia
312 4191 467 4248 facile
496 4199 734 4256 perﬁcies
759 4197 892 4261 quod
923 4195 1248 4261 impos-sibilo
1274 4197 1345 4248 illi
1371 4199 1703 4254 reputabant.

160 4260 403 4334 Namque
448 4266 659 4317 deduces
700 4260 868 4317 omnes
906 4260 1096 4334 gentes,
1146 4265 1194 4316 id
1237 4275 1347 4326 est,
1392 4266 1594 4330 aliquos
1637 4269 1705 4320 de

160 4337 409 4386 omnibus
454 4339 693 4404 gentibus
719 4337 786 4388 ad
829 4334 1076 4396 nihilum,
1127 4334 1205 4404 in“
1231 4334 1329 4386 hoc
1371 4335 1506 4398 quod
1553 4344 1705 4387 erant

161 4414 372 4465 gentes,
398 4401 567 4470 idest,
592 4407 854 4470 gentiliter
881 4408 1134 4455 viventes.
1165 4401 1314 4456 Verte
1340 4407 1467 4454 enim
1498 4406 1699 4471 intpios,

1827 1837 2002 1906 (dicit)
2045 1837 2284 1889 inimicos
2331 1853 2422 1890 eos
2469 1839 2712 1901 dixerim,
2765 1847 2960 1902 tamen,
3012 1838 3253 1906 Domine,
3306 1860 3368 1896 ne

1824 1905 2043 1964 occidas.
2077 1905 2126 1957 id
2158 1914 2260 1966 est,
2296 1921 2360 1959 ne
2386 1907 2552 1960 occidi
2589 1908 2857 1970 permittas
2885 1924 2966 1960 eos
2997 1905 3363 1973 corporaliter.

1824 1975 1893 2024 ila
1928 1976 2154 2039 scilicet,
2197 1988 2246 2027 ut
2282 1983 2553 2031 transeant
2582 1976 2632 2030 iu
2661 1978 2790 2029 ritus
2829 1979 3085 2041 gentium.
3119 1980 3368 2044 Quamvis

1825 2045 1962 2096 enim
1996 2059 2023 2096 a
2055 2045 2171 2096 Tito
2209 2054 2262 2098 et
2294 2046 2614 2111 Vespasiano
2645 2046 2868 2109 dispersi
2900 2047 3026 2108 sint,
3060 2065 3160 2100 non
3192 2061 3366 2105 tamen

1824 2115 2294 2184 antiseruntritum
2329 2131 2504 2180 suum,
2538 2116 2655 2183 quit
2689 2116 2861 2168 adhuc
2889 2119 3359 2184 circumciduntur,

1824 2192 1875 2232 et
1903 2198 2092 2247 agnum
2125 2183 2427 2248 immolant,
2477 2194 2528 2237 et
2561 2186 2721 2238 multa
2754 2186 2940 2238 similia
2975 2187 3186 2240 faciunt.
3243 2183 3361 2242 Ideo

1822 2251 1940 2322 dico
1969 2269 2030 2302 ne
2056 2254 2254 2304 occidas
2280 2270 2360 2304 eos
2389 2256 2753 2316 corporaliter.
2779 2271 2840 2307 ne
2866 2255 2938 2306 illi
2967 2259 3159 2322 populi,
3189 2257 3237 2309 id
3261 2270 3361 2321 est,

1822 2319 1986 2372 Juda-i
2023 2322 2166 2386 prius
2199 2338 2331 2374 unus
2365 2323 2608 2387 populus.
2651 2324 2818 2382 modo,
2843 2339 2932 2384 per
2961 2319 3359 2388 dispositionem

1825 2392 1996 2454 populi
2029 2391 2255 2449 diversi.
2295 2393 2494 2458 quando
2525 2393 2644 2460 (pro
2675 2392 2976 2460 aliquando)
3005 2395 3359 2448 obliviscantur

1821 2461 1936 2521 mei,
1989 2461 2038 2512 id
2089 2474 2187 2521 est,
2241 2463 2368 2527 legis
2417 2478 2578 2524 meo;
2628 2461 2720 2514 sed
2771 2477 2978 2527 semper
3004 2477 3211 2517 servent
3241 2481 3355 2519 eam

1822 2531 2095 2602 memoria,
2147 2531 2246 2583 etsi
2280 2547 2380 2583 non
2415 2531 2464 2584 iu
2499 2532 2622 2602 vita.
2675 2532 2739 2584 Et
2793 2542 2915 2602 stitit
2947 2533 3137 2600 (quasi
3187 2534 3322 2587 dicat
3353 2539 3369 2602 >

1819 2599 2041 2666 capsarii
2075 2614 2332 2664 nieorum,
2369 2609 2423 2652 ut
2452 2599 2589 2666 apud
2622 2603 2762 2665 ipsos
2793 2599 3037 2666 habeant,
3070 2603 3206 2657 unde
3234 2599 3363 2656 alios

1821 2665 2064 2719 inimicos
2097 2683 2221 2721 suos
2254 2669 2589 2723 convincunt.
2645 2668 2738 2723 Vel
2787 2672 2984 2725 aliter:
3027 2665 3113 2724 Ne
3157 2676 3364 2725 occidas

1820 2750 1912 2807 eos
1955 2739 2321 2805 corporaliter,
2367 2753 2434 2791 ne
2462 2739 2672 2805 quando
2721 2740 2793 2791 illi
2841 2743 2926 2807 qui
2973 2752 3092 2793 sunt
3141 2746 3364 2798 oleaster

1819 2804 2065 2870 insertus,
2095 2804 2671 2875 obliviscanturpopuli
2702 2810 2839 2862 illius
2859 2804 3012 2877 prius
3036 2813 3160 2874 mei,
3188 2814 3234 2863 id
3259 2829 3359 2872 εει,

1817 2888 2029 2945 sctitper
2059 2882 2349 2936 attendant,
2369 2881 2488 2941 quia
2519 2881 2783 2930 naturales
2813 2883 2938 2931 rami
2965 2882 3109 2932 fracti
3134 2893 3273 2945 sunt,
3308 2895 3361 2937 et

1817 2943 1893 3015 sic
1924 2961 2024 2998 non
2056 2947 2472 3015 alluntsapiant,
2505 2949 2596 3000 sed
2630 2948 2864 3008 timeant,
2896 2952 3123 3002 scientes
3155 2943 3271 3015 quia
3317 2955 3360 3005 si

1820 3011 1955 3065 Deus
1996 3014 2316 3066 naturalibus
2381 3017 2540 3068 rantis
2581 3031 2682 3068 n0u
2729 3018 2978 3084 pepercit,
3033 3034 3127 3071 nec
3173 3011 3364 3076 parcet

1819 3086 2067 3137 oleastro.

1745 3125 1790 3186 Ο
1822 3125 2137 3222 ”’”ῡξὲῥὲἓρε
2165 3152 2298 3206 illos.
2335 3153 2410 3207 Νε
2454 3154 2664 3207 occidas
2689 3193 2703 3215 ,
2754 3155 2986 3220 inquam,
3020 3171 3131 3220 eos,
3158 3159 3247 3211 sed
3282 3160 3362 3212 fac

1818 3221 1894 3272 eis
1925 3224 2061 3294 quod
2082 3221 2380 3294 merentur,
2412 3225 2627 3286 scilicet,
2653 3225 2882 3294 disperge
2910 3227 3024 3277 illos
3056 3243 3146 3292 per
3176 3243 3360 3282 onmes

1815 3301 1996 3357 gentes
2022 3293 2076 3364 in
2102 3293 2279 3344 virtute
2318 3305 2403 3344 tua
2428 3334 2440 3353 ,
2490 3293 2738 3354 Domine,
2763 3293 2881 3362 quia
2915 3310 3360 3364 prtesunipserunt

1815 3364 1880 3433 de
1910 3375 2000 3433 sua
2033 3362 2241 3433 virtute,
2275 3373 2318 3414 et
2348 3364 2541 3429 depone
2565 3379 2646 3415 eos
2671 3365 2736 3415 de
2764 3367 2925 3432 gloria
2956 3365 3056 3418 loci
3087 3362 3354 3433 ei'geutis.

1814 3428 1912 3500 Tu,
1947 3430 2084 3492 dico,
2116 3429 2329 3484 Domine
2350 3442 2601 3498 protector
2656 3428 2814 3497 mens,
2856 3434 2904 3484 id
2936 3445 3034 3499 est,
3069 3428 3302 3490 mco‘rum
3340 3482 3354 3500 ,

1819 3499 1870 3549 in
1909 3503 2025 3562 hoc,
2061 3502 2180 3566 quia
2212 3504 2633 3567 persecutoribus
2664 3503 2764 3554 illis
2803 3502 3011 3556 auferes
3046 3499 3352 3568 potentiam.

1817 3568 1878 3617 Et
1908 3570 2027 3634 quia
2054 3580 2315 3631 protector
2343 3586 2417 3634 es,
2453 3573 2588 3631 ideo,
2620 3574 2855 3633 nomine,
2889 3573 3092 3634 depone
3120 3575 3355 3628 delictum

1814 3639 1913 3707 oris
1965 3653 2172 3699 eorum,
2224 3654 2275 3693 et
2297 3641 2499 3707 depone
2524 3657 2796 3693 sermonem
2827 3643 3072 3694 labiorum
3110 3645 3353 3707 ipsorum.

1814 3705 2066 3782 Dolictuiu
2089 3710 2266 3772 accipe
2294 3705 2433 3776 quod
2462 3711 2706 3763 dixerunt
2730 3728 2744 3764 :
2770 3711 2887 3782 Non
2920 3705 3158 3764 habemus
3188 3730 3351 3782 regem

1812 3777 1907 3826 nisi
1937 3775 2214 3835 Cesarem:
2272 3793 2542 3831 sermones
2592 3794 2717 3832 vero
2772 3780 3022 3832 labiorum
3059 3798 3070 3833 :
3111 3775 3349 3836 ltens'est

1814 3846 2004 3918 mortis,
2032 3856 2096 3918 et
2111 3846 2322 3918 similia.
2356 3848 2504 3911 Quod
2540 3857 2703 3918 totum
2740 3850 2873 3904 Deus
2905 3853 3056 3903 Pater
3085 3852 3347 3918 deposuit,

1815 3915 1865 3966 id
1891 3927 1990 3978 εει,
2035 3916 2348 3979 falsilicavit,
2386 3934 2503 3969 cum
2539 3917 2806 3972 Christum
2868 3922 3201 3973 resn-citavit
3229 3963 3243 3984 ,
3295 3915 3348 3976 et

1810 4000 1986 4106 rsegetn
2019 4001 2122 4036 non
2173 3988 2342 4038 solum
2399 3987 2722 4052 JudiBUI‘tllII,
2749 3991 2840 4042 sed
2873 4001 2924 4041 et
2947 3992 3180 4056 gentium
3208 3993 3344 4047 fecit.

1851 4065 2056 4106 eouttur
2083 4070 2093 4103 :

1851 4065 2056 4114 equitur
2083 4070 2093 4103 :

1880 4120 1944 4173 Et
1972 4123 2461 4184 comprehendantur
2492 4125 2543 4176 in
2571 4124 2803 4190 superbia
2829 4141 2941 4180 sua.
2974 4126 3048 4180 Ac
3087 4127 3133 4181 si
3163 4129 3302 4183 dicat
3337 4153 3348 4185 :

1812 4191 1936 4244 Dico
1968 4194 2339 4267 utAdiSpcrgas,
2373 4203 2418 4244 et
2451 4194 2646 4267 depone
2672 4211 2774 4267 eos,
2824 4206 2870 4246 et
2915 4206 3088 4250 tamen
3139 4201 3346 4267 quidam

1807 4276 1991 4335 eorum
2022 4262 2073 4314 in
2094 4265 2330 4326 superbia
2359 4278 2454 4313 sua
2487 4264 2606 4316 inde
2636 4263 2684 4318 in
2719 4266 2837 4328 hoc,
2871 4269 3006 4330 quod
3036 4262 3262 4335 superbe
3294 4272 3343 4325 iu

1807 4333 2068 4384 medicum
2090 4346 2146 4385 se
2175 4343 2450 4385 erexerunt
2483 4344 2534 4385 et
2563 4337 2726 4396 ipsum
2757 4335 3081 4397 occiderunt,
3105 4333 3345 4401 compre«

1807 4401 2109 4471 liendantur,
2138 4403 2184 4453 id
2208 4412 2307 4461 est,
2327 4413 2699 4471 recognoscant
2730 4405 2925 4455 nullum
2952 4405 3190 4458 allectum
3225 4411 3344 4466 inde

163 4463 205 4522 ‘e:
235 4489 341 4524 non
362 4463 535 4525 ierunt.
556 4463 565 4470 ’
587 4463 649 4526 Et
682 4477 777 4527 hoc
808 4475 974 4542 (quasi
1007 4473 1165 4543 dicat)
1197 4474 1355 4525 facies
1387 4489 1475 4536 per
1503 4463 1701 4540 fortitul
1735 4463 1778 4518 D
1808 4463 2232 4534 subsecutuinm,
2265 4463 2576 4543 necaliquid
2600 4471 2697 4524 sibi
2731 4472 2968 4524 relictum
2997 4489 3187 4538 praeter
3220 4463 3341 4543 pec;

161 4541 332 4592 dinem
365 4558 544 4603 meam,
575 4544 622 4594 id
652 4557 750 4606 est,
785 4541 1038 4602 meorum,
1084 4542 1132 4592 id
1163 4553 1262 4602 εει,
1309 4557 1400 4606 per
1429 4543 1549 4604 hoc,
1581 4545 1702 4607 quia

162 4619 473 4663 constantes
508 4614 665 4663 facies
709 4627 854 4664 meos
886 4613 934 4662 in
967 4609 1386 4677 pratdicationem
1415 4626 1429 4672 ;
1478 4625 1698 4675 quorum

162 4679 438 4744 fortitudo,
470 4683 587 4746 quia
623 4682 670 4733 itt
716 4695 793 4733 eis
831 4696 966 4744 sum,
1016 4690 1096 4731 est
1127 4695 1262 4730 mea.
1319 4679 1699 4733 Fortitudinem

159 4747 299 4811 dico,
320 4764 474 4811 quam
499 4752 594 4816 ipsi
620 4751 745 4803 mihi
770 4751 1172 4812 conservabunl,
1192 4747 1308 4811 quia
1335 4759 1434 4800 noti
1465 4749 1698 4803 referent

159 4832 276 4868 eam
311 4820 378 4870 ad
415 4835 471 4872 se
503 4821 636 4872 sirut
656 4820 817 4872 fortes
841 4820 979 4873 male
1008 4820 1289 4884 supradicti
1316 4818 1569 4880 fecerunt,
1606 4821 1699 4872 sed

163 4889 523 4940 refcrenteam
540 4892 603 4942 ad
619 4901 687 4952 te,
709 4891 796 4941 tibi
820 4905 934 4943 eam
951 4890 1294 4949 ascribeutcs,
1313 4889 1429 4953 quia
1446 4890 1693 4956 quidquid

163 4958 282 5008 boni
321 4959 551 5021 habent,
601 4961 712 5012 sive
743 4960 793 5011 ili
825 4975 1067 5023 corpore,
1111 4958 1221 5008 sive
1255 4960 1303 5006 itt
1335 4961 1526 5019 anima,
1574 4974 1603 5010 a
1650 4968 1700 5011 te

162 5026 377 5080 habent.
411 5028 538 5078 Nam
567 5038 621 5081 et
649 5032 691 5082 si
720 5028 892 5080 anima
922 5027 1177 5094 intelligat
1205 5036 1256 5077 et
1280 5026 1562 5089 discernat,
1593 5043 1694 5079 non

161 5107 337 5150 tamen
364 5110 393 5148 a
422 5110 480 5148 se
503 5099 680 5165 habet,
703 5099 792 5150 sed
817 5107 896 5149 est
919 5097 1155 5164 quaedam
1185 5111 1329 5162 regio
1359 5097 1698 5148 immutabilis

160 5166 433 5228 veritatis,
480 5170 542 5217 ad
586 5183 742 5234 quam
773 5182 891 5219 cum
922 5165 1154 5229 accedit,
1207 5166 1597 5234 corrohomtur,
1645 5179 1697 5218 et

162 5236 522 5300 illuminatur;
565 5233 682 5288 cum
712 5251 839 5288 vero
867 5237 933 5288 ab
962 5251 1022 5288 ea
1055 5233 1277 5294 recedit,
1307 5234 1615 5288 obscuratur
1644 5248 1697 5288 et

156 5307 539 5360 obtenebratur
562 5316 617 5357 et
645 5305 953 5358 infirmatur.
989 5307 1232 5370 Sequitur
1258 5321 1268 5353 :

226 5376 367 5439 Quia
396 5376 526 5427 Deus
556 5385 808 5442 susceptor
835 5389 972 5426 meus
998 5393 1065 5426 es.
1097 5375 1278 5427 Merito
1303 5371 1364 5423 ad
1397 5385 1446 5425 te
1474 5372 1694 5427 referam

160 5441 518 5497 fortitudinem
549 5441 738 5508 meatu,
771 5444 888 5509 quia
922 5451 974 5495 lu
1010 5443 1142 5495 Deus
1171 5455 1427 5506 susceptor
1458 5459 1591 5493 meus
1620 5461 1692 5505 es,

158 5524 206 5566 et
234 5527 495 5577 meorum,
526 5517 574 5566 id
601 5527 701 5574 est.
723 5514 993 5577 suscepisti
1028 5529 1109 5563 tne
1142 5517 1405 5564 hominem.
1436 5527 1525 5576 per
1562 5513 1693 5564 Ver-

160 5583 275 5634 bum
313 5593 458 5632 ltttttu
489 5584 555 5636 de
586 5600 753 5636 tnaSSa
788 5582 1168 5647 perdendurnnt
1194 5623 1207 5646 ,
1255 5593 1307 5635 et
1351 5596 1495 5634 tneos
1539 5591 1694 5633 etiam

159 5651 438 5718 Slls‘m’pisli
462 5653 526 5704 de
554 5655 726 5706 medio
754 5654 1031 5704 malorum.
1063 5648 1183 5702 Scio
1205 5655 1343 5704 enim
1367 5651 1504 5703 unde
1527 5666 1692 5712 erant,

157 5733 206 5776 ct
235 5723 376 5775 unde
407 5735 492 5774 mc
518 5724 831 5793 susceperis,
865 5729 917 5775 et
945 5728 1136 5788 quanta
1164 5721 1289 5774 mihi
1312 5721 1604 5784 dimiseris,
1636 5733 1689 5773 et

1804 4547 2000 4601 catum,
2029 4551 2082 4593 et
2110 4543 2184 4592 sic
2214 4540 2574 4604 humilientur,
2606 4553 2658 4592 et
2691 4552 2958 4606 pectzatuut
3007 4558 3157 4596 suum
3211 4540 3339 4596 cou-

1804 4609 2068 4661 liteantur.
2113 4609 2174 4660 Et
2217 4621 2270 4660 nt
2316 4610 2831 4677 comprehendantur
2857 4612 2918 4664 de
2958 4616 3294 4667 exsecratione
3323 4657 3336 4675 ,

1802 4679 1976 4739 idest,
2010 4681 2075 4729 de
2107 4688 2272 4748 uiortc
2297 4678 2514 4746 Christi,
2545 4697 2699 4747 quem
2735 4683 2845 4748 ipsi
2885 4684 3256 4737 exsecrabilem
3287 4697 3341 4737 et

1802 4748 2156 4818 maledictum
2183 4747 2495 4814 habuerunt,
2534 4746 2587 4803 et
2614 4746 3149 4818 Cotti'prehendanlur,
3182 4765 3226 4806 et
3271 4757 3338 4809 de

1799 4816 2079 4878 mendacio,
2109 4815 2160 4867 id
2189 4826 2286 4878 est,
2319 4818 2384 4869 de
2412 4821 2509 4871 hoc
2532 4822 2668 4885 quin]
2697 4815 2786 4885 per
2815 4823 3142 4874 mendacium
3164 4836 3338 4877 custo-

1799 4886 1920 4937 dum
1961 4887 2116 4938 vitatn
2151 4889 2471 4954 resurgentis
2500 4888 2770 4940 destruere
2809 4892 3101 4943 voluerunt.
3132 4892 3192 4944 Et
3219 4909 3340 4949 vere

1797 4955 2323 5020 comprehendenlur,
2355 4959 2473 5022 quia
2498 4959 2546 5008 iu
2576 4964 3050 5020 consummatione,
3082 4961 3129 5013 id
3152 4974 3252 5025 est,
3287 4966 3336 5016 in

1802 5025 2589 5098 perlectioneanuuntsabuntur
2615 5027 2754 5080 aliis.
2788 5028 2934 5083 Sicut
2986 5032 3124 5081 enim
3158 5048 3337 5098 super-

1798 5094 1878 5146 bia
1939 5097 2077 5161 prius
2140 5095 2453 5158 impedivit,
2520 5111 2586 5147 ne
2660 5094 3334 5160 consummarenturfita

1802 5166 2068 5216 humilitas
2100 5179 2200 5213 nou
2251 5163 2445 5214 Valebit
2499 5177 2553 5215 ut
2611 5171 2838 5230 perfecte
2886 5177 3332 5219 consummentur.

1796 5236 1924 5298 Quia
1957 5232 2500 5305 ubigsuperubundavit
2531 5236 2791 5299 iniquitas,
2845 5238 3264 5305 superabundavit
3288 5250 3329 5287 et

1796 5305 1977 5371 gratia.
2045 5303 2107 5354 Et
2161 5304 2278 5355 ideo
2323 5305 2713 5356 annuntiabitur
2739 5303 3120 5358 consuim’natio
3151 5321 3329 5358 eorum

1796 5372 1931 5435 aliis,
1978 5389 2042 5425 ne
2072 5372 2185 5439 quis
2219 5376 2460 5438 desperet
2490 5379 2554 5423 do
2608 5389 2820 5439 peccato
2854 5391 2949 5429 suo
2983 5417 2995 5437 ,
3049 5391 3165 5428 cum
3219 5378 3332 5430 ists

1799 5450 1996 5493 tantum
2032 5453 2296 5506 peccatum
2326 5447 2390 5492 sit
2424 5441 2697 5494 indultum.
2753 5444 3154 5497 Annuutiabitur
3179 5487 3192 5507 ,
3248 5448 3328 5498 iu-

1796 5525 1973 5575 quam,
2006 5511 2054 5560 iu
2088 5510 2616 5575 consummationem,
2649 5520 2702 5563 ct
2738 5513 2787 5565 iu
2840 5517 3285 5568 consummatione
3315 5557 3330 5578 ,

1798 5579 1932 5644 quod
1965 5578 2016 5629 itt
2044 5582 2121 5630 ira
2155 5581 2643 5643 consummationis,
2672 5582 2842 5644 idest,
2871 5587 3004 5647 quod
3031 5599 3123 5650 per
3152 5588 3281 5637 iram
3310 5630 3321 5648 ,

1798 5650 1843 5698 id
1871 5658 1968 5708 est,
2005 5663 2094 5713 per
2137 5651 2418 5703 vindictam
2448 5651 2813 5717 procedentem
2852 5665 2914 5703 ex
2961 5653 3034 5704 ira
3071 5651 3158 5705 Dei
3183 5694 3195 5715 ,
3229 5659 3329 5708 erit

1798 5733 1875 5770 cis
1904 5720 2286 5772 consummatio
2309 5723 2423 5782 ista,
2455 5721 2594 5787 quod
2621 5719 2887 5772 attondent
2913 5719 3325 5792 dispersio-icui,
