3898 6226
179 366 285 422 791

895 363 960 419 ΙΝ
998 362 1402 420 ΡδΑιιιοιιυιι
1446 361 1701 419 LIBRUM
1747 360 2093 420 EXEGESIS.
2131 393 2203 406 -
2239 365 2480 421 PSALM.
2522 366 2630 420 ωι.

3283 367 3381 424 793

180 487 309 537 dum
351 482 705 536 Christianum
751 493 939 534 nomen
985 480 1034 532 in
1075 480 1332 535 dedecore
1380 482 1591 536 mansit.
1611 458 1732 533 -Se-
1761 479 1808 535 Α
1835 494 2015 544 quam,
2042 481 2427 532 calceamentum
2451 496 2632 542 meum,
2654 482 2818 533 etiam
2849 481 2899 533 in
2932 479 3229 534 Idumteam.
3258 482 3382 546 Quis

219 558 395 608 uitur:

178 572 510 680 ﬂgitium
540 620 780 689 fortitudo
799 619 974 683 capitis
996 619 1109 670 mei.
1138 619 1381 684 Ephraim
1411 619 1737 688 fructiﬁcatio

183 693 585 758 interpretatur,
612 704 702 756 per
717 691 851 755 quod
870 689 1224 751 intelliguntur
1242 691 1289 739 in
1311 691 1458 741 bonis
1479 692 1734 755 operibus

183 762 590 820 fructificantes.
637 774 765 823 quos
796 759 1023 810 Ecclesia
1066 767 1214 808 vocat
1260 759 1617 811 fortitudinem
1646 775 1734 810 ca-

180 831 311 892 pitis
339 831 446 892 sui,
477 832 524 882 id
554 838 652 889 est,
683 827 872 879 Christi
905 827 967 876 ad
999 827 1409 879 similitudinem.
1433 828 1732 880 Sicutcnim

183 901 385 953 bonum
425 899 808 952 reclinatorium
847 897 1034 948 infirmi
1079 897 1262 959 capitis
1301 898 1536 964 quaedam
1590 895 1736 948 forti-

183 970 336 1031 tudo,
376 969 427 1020 id
453 979 558 1031 est,
589 970 843 1020 recreatio
880 977 980 1028 est,
1013 964 1086 1016 sic
1136 965 1268 1017 bene
1308 977 1585 1031 operantes
1611 975 1736 1018 sunt

183 1037 446 1092 fortitudo
494 1037 720 1095 Christi,
766 1036 883 1101 quia
937 1034 1020 1084 alii
1062 1035 1296 1088 videntes
1349 1049 1528 1087 eorum
1575 1051 1733 1099 opera

183 1107 354 1166 bona.
412 1107 705 1171 glorilicant
739 1105 918 1156 Deum.
953 1104 1027 1154 llli
1057 1119 1184 1156 vero
1241 1105 1290 1155 in
1333 1105 1519 1172 quibus
1550 1105 1735 1168 vulpes

183 1179 369 1230 foveas
401 1177 612 1234 habent.
646 1183 700 1227 et
725 1177 962 1227 Volucres
993 1174 1108 1224 ειειί
1140 1173 1305 1234 nidos,
1338 1189 1439 1224 non
1472 1184 1593 1225 sunt
1624 1175 1733 1224 l'or-

183 1246 356 1297 titudo
380 1246 516 1312 ejus,
547 1246 635 1295 sed
660 1243 933 1302 debilitas;
962 1242 1076 1304 quia
1109 1258 1206 1294 non
1258 1243 1407 1292 habet
1437 1246 1484 1295 in
1536 1243 1735 1312 hisubi

184 1311 488 1368 recumbat.
524 1314 613 1367 Vel
643 1316 796 1366 aliter
836 1328 928 1378 per
976 1313 1218 1378 Ephraim
1275 1311 1580 1377 intelligitur
1626 1311 1738 1362 fru-

181 1387 445 1438 Ctitleatio
475 1386 584 1439 illa.
615 1399 729 1447 qua:
771 1381 1020 1446 processit
1049 1381 1113 1432 de
1143 1396 1304 1442 grano
1358 1382 1448 1433 illo
1481 1384 1531 1432 in
1581 1395 1737 1433 cruce

184 1468 426 1518 mortuo,
456 1464 509 1508 et
550 1455 599 1505 in
643 1452 1025 1504 resurrectione
1050 1451 1352 1514 justiticatu,
1397 1453 1445 1502 id
1473 1462 1554 1504 est
1587 1464 1736 1510 seges

185 1524 663 1586 ubique-terrarum
685 1521 1026 1579 credentium,
1045 1521 1107 1570 de
1134 1536 1235 1584 quo
1261 1521 1454 1572 dictum
1480 1531 1590 1572 est:
1620 1519 1735 1572 Nisi

183 1609 410 1660 granum
440 1593 672 1659 frumenti
709 1591 888 1642 cadens
935 1590 986 1640 in
1039 1601 1219 1640 terram
1267 1601 1515 1640 mortuum
1562 1590 1736 1654 fuerit,

183 1667 357 1724 ipsum
388 1666 551 1713 solum
579 1672 740 1714 manet
765 1676 780 1721 ;
806 1661 845 1712 si
865 1673 1030 1711 autem
1057 1668 1305 1709 mortuum
1337 1663 1499 1721 fuerit,
1525 1664 1737 1710 multum

185 1730 413 1799 fructum
441 1729 604 1795 a/Tert.
633 1732 756 1796 Qum
788 1743 933 1799 seges
952 1740 1029 1780 est
1054 1729 1301 1799 fortitudo
1322 1729 1525 1795 capitis,
1557 1729 1603 1779 id
1633 1738 1733 1790 est,

1839 559 2011 600 autem
2037 550 2245 601 deducet
2274 566 2369 610 me,
2402 553 2479 602 vel
2512 560 2681 610 caput.
2727 551 2804 603 vel
2836 550 3141 609 Ecclesium,
3174 553 3227 602 in
3255 553 3375 603 civi-

1837 627 1985 669 tatem
2026 619 2286 677 munitam.
2332 619 2381 670 id
2425 627 2524 679 est,
2557 621 2604 670 in
2635 632 2838 688 gentem
2870 620 2998 671 adeo
3041 618 3280 672 diffusam
3330 632 3384 672 et

1838 689 2113 749 magnam?
2168 688 2438 740 Multitudo
2481 688 2619 740 enim
2652 689 2844 753 populi,
2882 690 3256 742 munimentum
3298 700 3382 743 est

1836 757 2076 807 civitatis.
2107 757 2233 822 Quis
2254 759 2472 810 deducet
2498 773 2598 818 me,
2634 758 2771 819 dico,
2803 773 2965 821 usque
2994 760 3055 810 ad
3104 758 3380 822 Idunueos,

1839 828 2062 878 terrenis
2088 826 2290 878 deditos
2315 838 2364 878 et
2396 827 2884 891 desperatissinios?
2919 826 3008 880 νμι
3035 830 3216 880 aliter:
3257 827 3385 890 Quis

1836 895 2058 946 deducet
2088 911 2169 947 uie
2201 898 2251 948 in
2276 896 2448 946 futuro
2481 898 2528 947 in
2559 898 2820 949 civitatem
2853 899 3124 960 munitam,
3158 898 3204 948 id
3230 899 3384 949 estin

1836 965 2102 1017 ctBleSlem
2153 965 2475 1026 Jerusalem,
2532 981 2648 1029 qua:
2687 976 2765 1017 est
2819 968 3002 1018 civitas
3056 967 3280 1024 munita,
3320 968 3386 1018 ad

1837 1047 2002 1103 quam,
2023 1036 2191 1086 nullus
2221 1036 2388 1086 hostis
2431 1037 2648 1091 acoedit,
2681 1044 2734 1087 et
2761 1053 2787 1085 τι
2819 1051 2917 1103 qua
2946 1035 3117 1087 nullus
3142 1035 3269 1086 civis
3300 1050 3384 1087 re-

1837 1101 2010 1154 cedit?
2053 1106 2173 1166 Quis
2200 1114 2251 1158 et
2281 1107 2332 1156 in
2376 1105 2614 1171 prazseuti
2646 1101 2852 1158 deducet
2897 1121 2972 1156 me
3009 1121 3162 1174 usque
3187 1107 3239 1156 in
3268 1103 3388 1156 Idu-

1831 1182 2010 1222 miram
2028 1173 2051 1225 Ρ

1912 1240 2090 1294 Nonne
2119 1251 2170 1292 tu
2204 1239 2337 1292 Deus
2361 1244 2445 1310 qui
2473 1243 2700 1298 repuliin
2729 1258 2838 1302 nos,
2873 1254 2921 1295 et
2970 1259 3064 1294 non
3116 1244 3388 1310 egredieris

1839 1308 1974 1361 Deus
1995 1313 2044 1362 in
2070 1313 2325 1363 virtutibus
2357 1308 2575 1362 nostris?
2603 1311 2675 1361 Da
2699 1312 2838 1364 nobis
2863 1314 3108 1364 auxilium
3139 1308 3199 1364 de
3223 1316 3381 1365 tribu-

1839 1381 2042 1446 latione,
2073 1391 2119 1432 et
2146 1398 2270 1432 vana
2299 1382 2433 1431 salus
2464 1381 2698 1432 Inmunis.
2742 1379 2800 1431 In
2832 1381 2931 1432 Deo
2957 1384 3194 1447 faciemus
3224 1386 3385 1432 virtu-

1841 1458 1954 1509 tem,
1982 1461 2028 1501 et
2056 1453 2160 1518 ipse
2184 1455 2248 1500 ad
2274 1453 2487 1501 nihilum
2517 1452 2721 1501 deducet
2751 1452 3042 1502 tribuluntes
3068 1468 3172 1502 nos.
3203 1451 3252 1502 ld
3282 1461 3386 1512 e~t,

1838 1522 2093 1584 repulisse
2135 1520 2364 1572 exterius
2411 1531 2464 1571 et
2514 1521 2892 1584 conteinpsi~se
2922 1523 3136 1571 videris.
3173 1520 3236 1570 Et
3264 1522 3383 1570 ideo

1839 1587 1956 1638 dico
1982 1586 2232 1654 repulisti,
2263 1590 2383 1654 quia
2423 1601 2475 1640 tu
2520 1587 2673 1646 Deus.
2699 1592 2785 1656 qui
2817 1600 2933 1640 cum
2982 1589 3212 1654 patrihus
3239 1605 3388 1656 egre.-

1840 1659 2100 1717 dieharis;
2161 1674 2283 1724 qua
2324 1669 2376 1709 tu
2426 1658 2713 1709 muniteslis
2760 1660 2920 1725 signis
2970 1661 3044 1708 eis
3087 1659 3290 1719 aderas,
3333 1667 3390 1709 ut

1843 1742 2076 1788 praesens
2105 1743 2221 1781 esse
2267 1727 2649 1790 ιιιιειιὶαιτενιε,
2694 1742 2794 1778 non
2823 1726 3089 1794 egredieris
3115 1730 3164 1778 in
3197 1730 3393 1780 virtuti-

184 1796 527 1859 augmentum
559 1811 610 1853 et
635 1799 878 1854 exultatio
901 1798 1110 1863 Christi,
1141 1803 1225 1861 qui
1271 1809 1423 1861 caput
1459 1808 1538 1850 est
1566 1799 1741 1850 Eccle-
1777 1808 1822 1867 Β
1848 1797 1955 1858 bus,
1989 1797 2036 1848 id
2060 1807 2158 1849 est.
2209 1796 2258 1846 in
2289 1796 2601 1867 exercitibus
2640 1799 2821 1846 nostris
2850 1800 3095 1855 exterius,
3127 1809 3180 1846 nt
3208 1813 3393 1856 corpo-

184 1873 302 1924 size.
325 1872 438 1930 Ipsa
457 1873 593 1922 enim
620 1870 912 1928 inlirtnitas,
931 1868 976 1919 id
1004 1878 1101 1930 est,
1137 1883 1274 1918 mors
1303 1869 1510 1926 Christi,
1543 1884 1743 1919 summa

187 1943 284 1992 luit
313 1940 588 1993 fortitudo:
634 1941 751 2005 quia
779 1938 912 2000 quod
939 1937 1194 2002 inﬁrmum
1221 1946 1293 1988 est
1325 1938 1438 1999 Dei,
1465 1939 1648 2002 [artius
1679 1949 1749 1988 est

187 2010 425 2061 omnibus
451 2008 746 2060 hominibus.
769 2006 829 2058 Et
852 2009 1118 2058 sciendum
1141 2006 1278 2072 quod
1302 2007 1587 2060 secundum
1612 2010 1745 2072 quod

189 2095 294 2130 vos
331 2078 523 2131 Christi
555 2089 655 2141 est,
686 2077 913 2128 dici-tur:
963 2075 1205 2143 Epitraim
1232 2088 1311 2130 est
1334 2079 1576 2146 fortitudo
1604 2080 1744 2147 capi-

185 2151 250 2198 tis
282 2150 400 2208 mei,
430 2150 514 2214 qui
538 2163 651 2201 sum
674 2156 844 2212 caput.

259 2216 408 2269 Judu
438 2234 523 2270 retr.
543 2233 699 2278 meus,
743 2216 889 2268 Moab
921 2216 1022 2267 olla
1051 2219 1154 2283 spei
1181 2233 1321 2270 metu.
1349 2218 1592 2283 Ephraim
1624 2219 1749 2282 Qni-

189 2288 315 2341 detn
346 2298 429 2339 est
453 2289 697 2339 fortitudo
741 2301 874 2348 mea,
906 2297 959 2338 et
1005 2285 1160 2348 Jurla,
1205 2289 1253 2337 id
1285 2298 1381 2348 est,
1414 2291 1500 2341 ille
1529 2287 1614 2357 qui
1658 2289 1750 2337 de-

193 2357 407 2409 scendit
441 2357 504 2408 de
529 2358 663 2408 tribu
696 2357 848 2417 Juda,
882 2357 961 2406 cui
1019 2357 1068 2406 io
1122 2361 1280 2422 figura
1332 2359 1520 2410 Christi
1552 2361 1746 2410 dietnm

190 2438 314 2479 est:
343 2425 507 2488 Juda,
535 2427 816 2478 benedicent
848 2439 891 2475 te
921 2425 1098 2491 fratres
1131 2428 1216 2476 tui.
1252 2426 1360 2487 Ille,
1395 2427 1626 2493 inquam,
1670 2437 1751 2478 est

189 2512 289 2548 rea:
319 2512 487 2556 meus,
521 2495 569 2545 id
599 2506 698 2558 est,
741 2493 871 2555 regit
902 2510 1002 2555 tne,
1033 2496 1150 2562 quia
1193 2495 1333 2562 prior
1365 2511 1542 2559 pas.~us
1566 2508 1665 2552 εει,
1697 2506 1750 2547 ει

189 2578 323 2616 vere
353 2565 605 2617 obediens
628 2562 742 2617 fuit.
786 2564 848 2616 Et
877 2567 994 2626 quia
1026 2565 1175 2615 talem
1207 2580 1379 2630 regem
1413 2566 1597 2626 habeo,
1631 2565 1748 2617 ideo

191 2632 352 2685 Moab
384 2643 465 2686 est
504 2636 604 2684 olla
644 2635 750 2698 spei
771 2649 910 2691 mew.
936 2633 982 2684 id
1012 2645 1110 2695 est,
1143 2633 1257 2694 ideo
1284 2639 1440 2686 etiam
1481 2650 1634 2701 spero
1664 2651 1746 2686 rc-

193 2701 277 2755 ﬁci
303 2703 370 2753 de
406 2703 734 2754 abutentibus
761 2704 890 2769 lege.
923 2704 1072 2768 Moab
1097 2705 1231 2754 enim
1275 2718 1343 2755 ex
1372 2720 1466 2754 avo
1495 2715 1546 2756 et
1570 2719 1750 2756 sorire

192 2775 386 2824 contra
437 2774 598 2838 legem
620 2781 776 2824 'natus
822 2782 938 2823 est:
970 2781 1022 2823 ει
1050 2774 1165 2823 ideo
1196 2775 1344 2823 Moab
1373 2775 1748 2834 interpretatur

192 2843 427 2894 abutens
448 2841 577 2910 lege.
613 2842 702 2893 Vel
728 2841 904 2893 aliter:
939 2841 1067 2905 Quia
1095 2842 1216 2893 mihi
1246 2843 1358 2892 talis
1380 2852 1459 2892 est
1492 2858 1599 2902 rex,
1633 2844 1749 2893 ideo

194 2911 493 2964 ferventem
527 2912 849 2977 iniquitatem
889 2925 988 2963 n0u
1034 2911 1248 2968 timebo.
1289 2914 1376 2962 sed
1405 2911 1747 2976 pmiusdloab

191 2995 293 3038 ens
341 2982 449 3033 olla
494 2981 806 3048 iniquitatis,
849 2989 928 3031 est
981 2980 1105 3033 milii
1159 2982 1260 3032 olla
1297 2984 1439 3047 spei:
1470 2983 1586 3047 quia
1658 2997 1749 3047 per

197 3051 376 3113 ipsum
426 3052 595 3115 potius
642 3065 797 3117 spero
829 3050 1097 3115 prolicere,
1129 3065 1280 3115 quam
1326 3053 1568 3102 deiicere.
1605 3051 1747 3103 Sicut

195 3120 343 3171 enim
381 3119 515 3173 bene
545 3122 654 3188 lege
677 3125 947 3179 utentium,
977 3122 1105 3169 bona
1136 3130 1253 3169 sunt
1282 3134 1462 3184 opera,
1505 3121 1579 3170 sic
1612 3124 1745 3171 male

195 3188 463 3242 utentium
497 3191 624 3254 lege.
656 3202 811 3254 Opera
837 3200 957 3241 sunt
989 3189 1142 3241 mala.
1186 3188 1248 3239 Et
1279 3190 1326 3238 bi
1361 3199 1738 3254 persequuntur

199 3259 494 3311 Ecclesium
547 3260 654 3311 Dei.
707 3258 851 3312 Unde
901 3272 989 3320 per
1029 3258 1349 3310 erchtelem
1389 3259 1581 3309 dictum
1627 3268 1735 3312 est:

209 3327 329 3378 Vidi
362 3328 517 3386 ollam
547 3332 809 3394 ferventem
849 3326 909 3380 ab
954 3329 1214 3394 Aquilone.
1266 3328 1375 3379 Olla
1429 3328 1635 3380 fervens
1678 3329 1742 3379 ab

197 3397 488 3460 Aquilone,
539 3398 783 3462 iniquitas
823 3395 1051 3458 fervens,
1097 3411 1345 3449 succensa
1377 3400 1440 3447 ab
1468 3399 1739 3462 Aquilone,

197 3466 289 3527 qui
333 3465 503 3517 dixit:
535 3463 728 3517 Ponant
769 3465 931 3516 sedem
963 3481 1121 3516 meam
1162 3468 1226 3516 ad
1253 3468 1563 3533 Aquilonem,
1589 3477 1633 3518 et
1663 3484 1744 3519 cro

198 3535 386 3585 similis
410 3534 679 3586 Altissimo.
711 3534 866 3598 Quasi
899 3534 1072 3586 dicat:
1114 3535 1165 3586 Si
1197 3534 1360 3587 fervet
1387 3539 1467 3586 illa
1501 3538 1743 3602 iniquita-

203 3615 271 3656 Its
299 3604 430 3667 olla,
450 3619 478 3656 e
507 3611 686 3657 contra
718 3604 1038 3656 ﬂammescat
1059 3605 1214 3656 ardor
1232 3603 1623 3656 cbaritatis.|lle
1644 3620 1742 3655 non

202 3682 412 3744 tantum
455 3675 642 3740 poterit
670 3673 1048 3744 persequendo,
1073 3684 1318 3739 quantum
1345 3689 1439 3744 ego
1462 3681 1642 3742 potero
1669 3675 1746 3726 di-

204 3742 420 3808 bgendo
441 3754 489 3796 et
519 3743 777 3806 patiendo.

281 3812 348 3864 Et
375 3823 622 3877 prmterea
652 3813 914 3864 extendam
941 3814 1320 3865 colceamentunt
1346 3830 1529 3877 meum,
1564 3813 1610 3863 id
1641 3823 1744 3877 est,

207 3878 555 3954 Evangelium
598 3885 792 3954 meum,
820 3881 956 3947 quod
998 3883 1194 3954 Calceat
1215 3895 1277 3954 et
1296 3885 1462 3935 munit
1488 3884 1644 3950 pedes
1673 3886 1751 3934 in-

205 3951 456 4016 teriores,
493 3961 539 4009 id
569 3967 668 4017 est,
698 3953 1020 4015 aﬁectiones,
1049 3951 1180 4008 sicut
1206 3953 1610 4005 calceamentum
1639 3970 1750 4004 tnti-

207 4028 285 4078 nit
316 4026 475 4088 pedes
503 4026 809 4093 exteriores,
829 4040 988 4094 usque
1017 4028 1069 4078 in
1092 4025 1450 4092 ldumwam,rd
1472 4039 1571 4090 est,
1589 4044 1750 4089 usque

203 4095 257 4148 in
286 4095 756 4163 desperatissimos.
1151 4094 1157 4106 '

280 4163 514 4237 ldnmaaa
534 4167 733 4237 quippe
763 4167 1129 4231 interpretator
1159 4176 1349 4219 terrena
1401 4169 1649 4237 voluptas,
1701 4179 1749 4220 et

209 4250 309 4300 per
350 4236 449 4287 hoc
503 4233 855 4295 signiﬁcantur
910 4247 1111 4287 terrena
1159 4233 1525 4303 appetentes,
1561 4248 1613 4291 et
1676 4239 1752 4291 eis

208 4305 444 4374 maxime
493 4302 828 4358 inhaerentes.
881 4304 948 4358 Et
980 4307 1109 4356 adeo
1134 4302 1378 4368 ex’tendo,
1427 4308 1563 4374 quod
1594 4308 1750 4359 etiam

207 4372 528 4443 alienigene,
571 4375 616 4424 id
646 4383 723 4426 est
746 4375 990 4442 allophyli
1021 4375 1141 4425 mihi
1169 4375 1350 4426 subditi
1388 4372 1525 4439 sunt,
1551 4378 1751 4429 scilicet

207 4452 266 4494 ut
323 4451 660 4496 revereantur
707 4446 886 4497 Saltem
935 4460 1037 4508 me,
1084 4444 1168 4509 qui
1201 4443 1378 4498 nolunt
1411 4447 1658 4510 proficere
1685 4448 1751 4498 de

215 4525 322 4564 n-e.
343 4512 494 4577 δεῖρε
524 4512 661 4563 enim
715 4513 832 4564 ntali
860 4512 1125 4579 snhjacent
1146 4513 1295 4565 bonis
1324 4530 1424 4566 non
1448 4517 1750 4576 amore,scd

212 4584 443 4651 timore._
475 4581 537 4632 Et
587 4582 852 4651 sciendum
897 4581 1033 4651 quod
1076 4580 1117 4632 si
1157 4591 1310 4647 caput
1355 4583 1464 4635 haec
1504 4585 1750 4651 loquitur,

214 4663 382 4712 pauca
414 4649 478 4701 de
510 4650 770 4716 praedictis
795 4650 1124 4702 mutsbimus.
1149 4651 1302 4714 Quasi
1326 4653 1490 4705 diCat'
1521 4649 1658 4703 ludo
1677 4664 1755 4705 est

210 4734 303 4770 res:
341 4734 496 4779 meus,
550 4717 598 4770 id
630 4730 726 4777 est,
768 4735 890 4772 vero
919 4721 1240 4779 confitentes.
1274 4730 1326 4772 et
1368 4736 1424 4773 se
1456 4723 1594 4787 ipsos
1626 4725 1755 4776 bene

214 4799 462 4855 regentes
486 4798 603 4840 sunt
627 4803 773 4855 reges
797 4791 918 4846 mei,
939 4789 987 4842 id
1012 4799 1109 4851 est,
1131 4804 1278 4859 reges
1300 4805 1559 4855 meorum,
1575 4808 1756 4859 regen-

215 4868 297 4910 tes
346 4871 440 4910 eos
467 4859 624 4910 verbo
673 4869 724 4910 et
769 4860 1027 4924 exemplo.
1060 4869 1112 4909 ut
1142 4856 1343 4920 Petrus,
1378 4859 1567 4913 Paulus
1596 4856 1753 4913 efalii

215 4927 368 4996 tales.
402 4925 466 4979 Et
509 4930 623 4979 ideo
663 4925 812 4980 Moab
839 4939 916 4980 est
942 4927 1043 4978 olla
1070 4929 1172 4993 spei
1195 4945 1336 4989 mea,
1379 4930 1426 4982 id
1467 4943 1566 4994 est,
1599 4935 1757 4996 ῇῖο

214 4994 377 5046 etiam
410 4997 548 5048 relici
574 4997 640 5050 de
667 4998 995 5050 abutentibus
1025 4995 1155 5063 lege,
1190 4997 1235 5047 id
1269 5009 1367 5059 est,
1409 5001 1472 5050 de
1515 4994 1758 5062 przevari-

212 5067 485 5116 caloribus
514 5070 800 5130 conversis,
833 5080 882 5129 et
915 5069 1010 5119 hoc
1037 5065 1177 5122 ideo,
1224 5071 1340 5130 quia
1371 5083 1466 5130 ego
1495 5072 1758 5120 extendam

214 5134 602 5185 calceamenturn
632 5151 827 5188 meum:
862 5138 909 5188 id
936 5145 1037 5193 est,
1072 5137 1348 5186 nmilicabo
1389 5137 1758 5189 incarnationis

216 5217 356 5273 tneze
392 5211 650 5255 secretum
692 5220 856 5272 usque
881 5207 934 5258 in
961 5204 1257 5262 lduniteam,
1292 5205 1340 5255 id
1368 5217 1466 5262 est.
1500 5221 1663 5273 usque
1694 5207 1758 5260 ad

218 5271 709 5341 maximeterrenis
749 5271 980 5327 deditos:
1026 5285 1078 5326 et
1119 5275 1214 5325 hoc
1252 5273 1298 5324 in
1356 5284 1549 5325 tantum
1574 5271 1589 5338 ,⁷
1622 5277 1757 5341 quod

216 5343 379 5393 etiam
407 5339 784 5414 alienigen¢,_id
810 5345 1167 5414 cst,a|lopbyli
1199 5344 1320 5395 mihi
1344 5344 1545 5405 subditi,
1563 5339 1762 5400 scilicet

217 5424 324 5461 non
356 5410 570 5472 amore,
585 5413 674 5463 sed
699 5410 906 5467 timore.
1033 5410 1042 5412 ⁷
1083 5455 1088 5461 .

292 5479 419 5538 Quis
441 5481 650 5533 deducet
671 5496 746 5532 me
773 5482 823 5532 iu
850 5483 1091 5535 civitatem
1114 5483 1388 5534 munitam:
1425 5485 1532 5548 quis
1560 5485 1762 5538 deducet

220 5564 297 5598 me
322 5563 473 5618 usque
499 5551 549 5600 in
576 5549 891 5604 ldumwam?
919 5551 1103 5603 Volunt
1131 5552 1336 5618 quidam
1364 5552 1502 5618 quod
1544 5552 1593 5605 id
1624 5568 1765 5605 mra-

217 5632 322 5687 que
355 5616 575 5687 lectione
600 5622 732 5672 istud
769 5629 962 5672 tantum
995 5635 1090 5672 vox
1120 5616 1354 5687 corporis
1382 5616 1480 5684 sit,
1514 5624 1604 5674 sed
1637 5625 1764 5675 nihil

220 5685 463 5750 impedit,
510 5689 632 5754 quin
663 5689 814 5741 etiam
845 5704 947 5741 vox
994 5689 1180 5752 capitis
1209 5685 1274 5742 sit
1303 5706 1465 5753 usque
1515 5691 1562 5741 in
1610 5693 1763 5744 linctn

223 5765 466 5822 respectu
496 5759 828 5826 corporis:et
848 5762 919 5812 sic
947 5759 1315 5814 continuatur:
1347 5760 1647 5826 Extendunt,
1681 5764 1762 5816 in-

1851 1869 2027 1918 raliter
2054 1871 2316 1918 vincmnos
2340 1884 2349 1915 ε
2383 1866 2474 1916 sed
2509 1866 2721 1916 interius
2754 1881 2846 1916 nos
2875 1867 3160 1918 consolaris
3180 1877 3232 1916 et
3261 1883 3391 1916 con-

1852 1939 2045 1994 tinuas.
2064 1949 2116 1990 et
2141 1937 2262 1989 lacis
2285 1938 2552 1990 cmlestetn
2575 1939 2788 2004 patriam
2811 1936 3110 1998 amabilem,
3129 1946 3390 1992 terrenam

1852 2022 1974 2058 vero
2005 2009 2397 2072 despicabilem.

1923 2078 1984 2129 lit
2008 2080 2126 2143 quia
2159 2079 2424 2128 nobiscum
2448 2091 2505 2130 es
2554 2077 2791 2140 interius,
2825 2078 2944 2129 licet
2970 2077 3221 2142 repuleris
3251 2086 3394 2128 exte-

1851 2145 1977 2205 rius,
2003 2147 2140 2211 ideo,
2173 2147 2408 2210 Domine,
2442 2151 2506 2198 da
2535 2146 2670 2197 nobis
2713 2148 2958 2198 aurilium
2992 2146 3224 2203 interius,
3256 2146 3390 2209 quod

1850 2216 1915 2266 sit
1963 2217 2023 2266 de
2069 2217 2426 2277 tribulatione,
2483 2217 2532 2267 id
2571 2225 2679 2278 est,
2731 2231 2940 2267 causam
3003 2216 3184 2265 haheat
3227 2222 3390 2264 tribu-

1851 2285 2135 2347 lationem,
2187 2285 2236 2335 id
2291 2294 2400 2347 est,
2461 2285 2539 2336 fac
2593 2295 2648 2336 ut
2704 2285 3001 2348 tribulatio,
3054 2299 3206 2348 quam
3250 2294 3393 2347 'pati-

1851 2369 1968 2405 m-ir
2003 2356 2265 2414 exterius,
2301 2366 2367 2405 sut
2395 2356 2456 2407 ad
2490 2354 2774 2422 profectum
2799 2395 2813 2414 ,
2861 2369 2960 2406 non
3015 2355 3077 2404 ad
3130 2353 3387 2404 deleCttNlt

1852 2424 2085 2476 interius.
2113 2425 2260 2486 Quod
2289 2425 2402 2476 ideo
2430 2426 2564 2482 dico,
2600 2424 2714 2490 quid
2748 2441 2872 2475 vana
2899 2436 2948 2474 et
2977 2423 3173 2474 inutilis
3201 2435 3279 2473 est
3307 2438 3389 2472 so-

1850 2493 1928 2543 lus
1951 2495 2160 2544 hominis
2183 2495 2430 2555 exterius,
2451 2504 2503 2545 et
2525 2509 2644 2546 vere
2667 2495 2808 2546 dabit
2834 2493 2970 2560 quod
2999 2507 3142 2560 rogo,
3160 2492 3276 2553 quia
3302 2507 3394 2544 nos

1852 2564 2089 2627 facimus
2128 2565 2352 2612 virtutem
2383 2565 2619 2620 interius.
2677 2564 2725 2612 id
2758 2575 2858 2625 est,
2909 2571 3210 2614 constantes
3238 2571 3287 2611 et
3319 2563 3394 2610 vi—

1853 2641 2024 2684 ctores
2048 2634 2241 2682 erimus
2269 2635 2318 2682 in
2345 2642 2392 2682 te
2418 2629 2541 2682 Deo.
2572 2630 2703 2683 Vere
2729 2633 2868 2682 enim
2913 2630 3224 2683 Laurentius
3250 2630 3389 2690 vicit,

1849 2704 1934 2767 qui
1966 2702 2119 2752 dixit:
2152 2704 2356 2752 Assatns
2378 2717 2507 2761 sunt,
2530 2701 2640 2768 jam
2670 2716 2806 2751 versa
2830 2711 2872 2751 et
2903 2702 3166 2752 manduca.
3196 2699 3395 2749 Eteon-

1850 2771 2004 2821 vertit
2031 2786 2084 2821 se
2116 2772 2178 2820 ad
2210 2786 2303 2821 nos
2332 2771 2393 2822 ad
2427 2781 2654 2821 nostram
2678 2770 3116 2830 exhortationem,
3148 2770 3292 2831 quasi
3318 2770 3392 2816 tli-

1849 2850 1963 2889 Cat:
2013 2842 2071 2888 Ιεῖι
2105 2841 2254 2904 hujus
2282 2842 2352 2889 rei
2382 2839 2746 2892 certitudinem
2777 2857 2866 2902 per
2896 2841 2992 2889 hoc
3043 2839 3226 2899 habet),
3271 2838 3390 2897 quia

1850 2910 1952 2976 ipse
2010 2908 2143 2958 Deus
2196 2910 2399 2960 deducet
2448 2913 2513 2957 ad
2545 2909 2776 2968 nihilum,
2819 2917 2875 2960 et
2913 2907 2998 2976 hic
3023 2915 3074 2958 et
3107 2911 3157 2956 in
3199 2907 3392 2976 futuro,

1849 2974 2141 3029 tribulantes
2173 2994 2278 3029 nos.
2311 2979 2441 3029 Ecce
2473 2977 2559 3028 Dei
2602 2979 2765 3044 gratia
2821 2978 2884 3027 ad
2933 2975 3148 3027 nihilum
3201 2974 3393 3026 redacti

1851 3058 1994 3107 sunt,
2056 3062 2151 3098 nec
2192 3059 2447 3112 apparent
2495 3061 2711 3112 usquam
2760 3046 2953 3098 inimici
2995 3045 3258 3100 bittclesiaz.
3296 3046 3392 3098 nisi

1854 3116 1989 3169 forte
2015 3117 2210 3168 ebriosi
2261 3118 2509 3171 calicibus
2568 3125 2966 3182 persequantur,
2996 3117 3130 3166 sicut
3157 3115 3279 3166 olim
3310 3115 3393 3163 fu-

1852 3188 1975 3239 riosi
2003 3187 2258 3252 lapidibus
2299 3203 2412 3238 eam
2447 3189 2910 3253 persetptebantur.
2945 3186 3185 3236 librinsos
3212 3182 3390 3253 accipe

1844 3260 1924 3306 vel
1960 3251 2065 3305 hac,
2097 3256 2231 3306 dulci
2262 3256 2383 3317 vita,
2425 3262 2504 3307 vel
2553 3251 2709 3308 etiam
2752 3259 2870 3307 vino
2898 3255 3180 3308 inebriatos
3205 3268 3218 3316 ;
3243 3251 3390 3320 quasi

1845 3326 2092 3376 ealicibus
2135 3325 2415 3376 Ecclesium
2461 3337 2862 3388 persequuntur.
2885 3327 3002 3390 quia
3025 3337 3166 3389 saepe
3194 3322 3388 3375 sanctis

1843 3396 1969 3446 viris
1993 3394 2218 3446 inferunt
2239 3404 2291 3445 ct
2313 3393 2693 3444 contradicunt.

2342 3505 2404 3558 lN
2437 3504 2745 3558 PSALMUM
2782 3503 2887 3555 LX.

2231 3619 2285 3672 lo
2315 3623 2466 3674 linem
2504 3619 2552 3670 in
2586 3620 2793 3688 hymnis
2830 3617 3007 3673 David.

2440 3725 2806 3762 ARGUMENTUM.

1923 3799 1994 3851 Et
2032 3815 2250 3865 persona
2303 3801 2486 3867 pepuli
2516 3801 2568 3851 in
2601 3800 2866 3868 llahyloue
2912 3787 3084 3866 positi,
3111 3815 3162 3856 et
3193 3818 3285 3868 pro
3308 3819 3395 3854 sua

1851 3871 2092 3923 libertate
2123 3872 2454 3932 deprecantis
2501 3871 2728 3935 psalmus
2768 3870 2866 3924 iste
2910 3873 3242 3936 coinponitur
3267 3913 3282 3937 ,
3314 3874 3396 3924 cui

1854 3949 2026 3993 tamen
2057 3954 2202 4012 apem
2235 3940 2481 3994 nutrierat
2513 3938 2824 3996 reversiouis
2846 3941 2894 3997 in
2924 3940 3162 4010 patriam;

2442 4048 2788 4088 εχριιιιητιο.

1927 4128 1978 4177 lu
2010 4126 2216 4192 hymnis
2239 4125 2469 4176 Gracum
2498 4135 2590 4187 est,
2616 4135 2661 4176 et
2682 4126 3034 4193 interpretatur
3055 4124 3105 4176 in
3134 4123 3391 4186 laudibus,

1854 4196 1984 4261 quod
2029 4207 2154 4246 totus
2209 4193 2446 4245 Psnlntus
2486 4195 2667 4246 Christi
2710 4198 2957 4262 prwconia
3002 4195 3297 4263 personabit.
3336 4193 3393 4244 lu

1854 4268 2014 4334 prima
2046 4275 2182 4329 parte
2209 4282 2240 4314 a
2269 4263 2450 4329 ﬁnibus
2473 4274 2616 4316 terra:
2642 4267 2932 4334 deprecatur
2964 4270 3176 4333 populus
3195 4265 3390 4334 ﬁdelis,

1855 4346 1906 4386 ut
1937 4336 2042 4404 ejus
2087 4336 2324 4386 audiatur
2353 4337 2530 4395 oratio,
2562 4346 2805 4402 quatenus
2837 4336 2898 4387 1in
2940 4347 3111 4385 saneta
3150 4333 3391 4404 Ecclesia

1858 4403 2169 4472 perseverans
2192 4404 2387 4454 alarum
2412 4404 2514 4468 ejus
2537 4404 3109 4472 velamineprotegutur.
3137 4403 3195 4454 In
3221 4421 3395 4454 ιιιεηιι-

1789 4495 1831 4552 D
1858 4471 1921 4524 da
1942 4475 2129 4541 gratias
2154 4475 2273 4548 agit,
2297 4473 2429 4552 quod
2446 4473 2599 4538 justi:
2630 4471 2972 4552 ltu'redttatem
3001 4490 3141 4549 suam
3169 4474 3324 4533 dedit,
3348 4482 3391 4522 et

1857 4559 2032 4594 nomen
2077 4558 2220 4593 suum
2250 4541 2300 4591 in
2331 4550 2564 4591 cateruam
2595 4541 2809 4608 gloriam
2843 4546 3163 4603 consecravit,
3194 4558 3256 4592 ex
3295 4558 3394 4608 qua

1852 4628 1905 4666 rc
1937 4613 2116 4665 laudes
2143 4627 2194 4664 se
2222 4611 2532 4662 redditurum
2553 4610 2742 4678 jugiter
2770 4612 2982 4663 Domino
3010 4613 3290 4676 pollicetur.

2407 4713 2826 4752 COMMENTARIUS.

1927 4791 2147 4852 Exaudi,
2181 4788 2332 4852 Deus,
2357 4789 2748 4851 deprecationem
2792 4804 2953 4842 nteant
2983 4804 3001 4842 :
3037 4790 3239 4841 intende
3264 4805 3394 4841 ora-

1857 4862 1981 4913 tioui
2010 4877 2150 4912 mete.
2178 4861 2378 4911 Titulus
2408 4869 2488 4910 est
2519 4877 2530 4910 :
2565 4858 2627 4911 In
2654 4861 2800 4922 ﬁnem
2829 4859 2878 4908 in
2909 4859 3123 4926 hymnis,
3157 4859 3390 4913 Psalmus

1857 4932 1952 4993 ipsi
1989 4928 2170 4981 David.
2203 4929 2333 4990 Quid
2366 4932 2432 4979 sit
2461 4929 2511 4980 iu
2556 4930 2732 4991 llnem,
2775 4941 2913 4991 Saepe
2958 4929 3151 4980 dictum
3198 4941 3295 4981 est.
3335 4931 3385 4981 In

1860 5002 2063 5065 hymnis
2095 5015 2215 5050 vero
2238 5001 2354 5050 ideo
2387 5001 2676 5063 appositum
2708 5007 2804 5058 εει,
2841 5008 2893 5047 ιιι
2923 4999 3034 5050 sive
3062 4999 3391 5053 exstilteums

1858 5082 1909 5121 et
1935 5070 2188 5132 laetemur,
2219 5073 2327 5119 sive
2353 5067 2656 5118 trtbulcmur
2685 5077 2736 5118 et
2767 5069 3138 5135 angustiemur,
3162 5069 3248 5120 ille
3275 5069 3381 5116 lan-

1858 5137 2061 5190 dandus
2090 5139 2173 5200 sit,
2199 5139 2282 5202 qui
2331 5147 2382 5186 et
2431 5138 2480 5186 iu
2513 5137 2929 5190 tribulationibus
2980 5138 3173 5196 erudit,
3232 5136 3382 5202 etin

1861 5207 2124 5274 prosperis
2153 5199 2453 5257 consolatur
2480 5207 2741 5258 homines.
2794 5206 2857 5258 Et
2887 5223 3016 5258 unus
3049 5207 3272 5271 loquitur
3303 5199 3387 5253 hic

1863 5273 1962 5328 non
1997 5290 2088 5337 per
2114 5289 2191 5335 se,
2220 5274 2310 5326 sed
2354 5289 2444 5340 per
2471 5278 2702 5328 membra
2727 5290 2852 5338 sua;
2882 5279 3000 5342 quia
3049 5275 3271 5340 loqttilttt‘
3302 5273 3387 5323 hic

1861 5346 2006 5411 quasi
2040 5359 2192 5403 unus,
2224 5360 2322 5394 non
2353 5356 2521 5396 autem
2552 5358 2681 5395 unus
2712 5354 2812 5404 est,
2843 5348 2931 5395 sed
2962 5356 3203 5410 tanquam
3231 5358 3385 5401 unus,

1866 5415 2037 5464 unitas
2077 5413 2160 5465 hic
2202 5415 2442 5476 loquitur.
2477 5416 2668 5465 Omnes
2719 5417 2859 5465 enim
2905 5415 2953 5464 in
2994 5413 3207 5465 Christo
3259 5426 3391 5462 unus

1865 5485 2022 5535 homo
2059 5497 2259 5545 sumus,
2290 5482 2440 5548 hujus
2490 5493 2678 5535 autem‘
2717 5482 2941 5533 heroinis
2985 5492 3140 5546 caput
3181 5483 3229 5532 in
3260 5484 3394 5532 coelo

1867 5564 1967 5611 est,
2000 5553 2228 5601 membra
2264 5566 2385 5602 vero
2415 5557 2462 5603 in
2494 5561 2628 5605 terra
2663 5552 2916 5603 laborant.
2959 5552 3019 5601 Et
3041 5551 3122 5615 qui
3154 5551 3390 5601 laborant

1868 5624 2040 5672 videte
2081 5619 2202 5684 quid
2257 5621 2449 5670 dit-ant.
2501 5619 2606 5673 Vox
2655 5631 2736 5673 est
2773 5621 3016 5672 Ecclesia
3060 5622 3255 5669 orantis
3304 5634 3396 5683 pro

1867 5692 2154 5742 Constantia
2200 5692 2246 5736 in
2290 5689 2620 5740 tribulatione
2666 5699 2718 5739 et
2758 5687 3139 5754 persecutione,
3201 5699 3250 5736 ut
3305 5703 3396 5749 per

1869 5762 1979 5813 lucc
2001 5761 2062 5810 ad
2088 5757 2325 5811 eumdem
2353 5756 2529 5823 linem,
2561 5759 2622 5811 ad
2651 5757 2801 5825 quem
2829 5766 2982 5824 caput
3003 5756 3113 5824 ejus
3132 5758 3388 5827 pervenit.
