3898 6226
525 339 628 394 805

997 331 1193 384 BED/E
1233 326 1670 383 VENER.\BIL|S
1691 329 1838 383 OPP.
1869 327 2040 382 PARS
2090 326 2152 378 ll.
2191 322 2382 377 SECT.
2415 322 2480 374 ll.
2509 349 2575 359 —
2600 318 2800 374 DUBIA
2840 314 2921 369 ET
2960 314 3226 370 SPUllIA.

3605 307 3709 362 806

526 450 746 506 xerunt,
788 438 997 508 quidam
1041 440 1225 492 saltem
1254 438 1588 508 cogitaverunt
1616 447 1644 486 s
1674 449 1758 486 me
1793 435 2034 508 repellere
2063 442 2107 496 Α
2145 441 2282 508 ιρι-υς
2311 438 2550 479 veterum
2583 436 2856 508 parentum
2887 433 3050 508 sunt:
3072 423 3158 508 Et.
3185 417 3707 508 ponitunainulkran-

525 505 737 585 pretium
764 505 922 562 meum
944 549 958 568 ,
988 507 1038 559 id
1067 516 1179 585 est_,
1211 509 1275 585 ad
1308 505 1680 585 impatientiam
1709 516 1789 582 me
1819 505 2034 585 incitare

529 571 832 643 voluerunt;
860 594 1005 644 quae,
1035 583 1091 627 ut
1118 577 1192 627 ait
1218 575 1515 644 Apostolus,
1546 571 1821 623 necessaria
1847 583 1950 633 est,
1981 578 2035 644 ut

523 641 827 718 reportamus
851 641 1264 718 promissionem;
1293 653 1346 718 et
1375 643 1452 718 sic
1492 645 1695 718 privare
1740 653 1823 691 me
1864 641 2034 718 pretio

530 709 646 772 tneo
671 727 724 770 et
762 709 1180 770 rett'iuneraliiitle
1225 715 1484 778 pzttietitite
1523 709 1816 778 voluerunt.
1868 709 1929 778 Et
1960 719 2036 758 ta-

525 804 642 840 men
691 801 787 853 ego
815 785 1012 836 cucurri
1070 777 1532 853 per'diviiiapraic
1568 789 1648 853 pta
1703 777 1817 853 sine
1848 777 2036 853 aliquo

523 847 895 923 iitipi-dinieiitii
920 847 1141 920 impleas
1165 866 1223 901 ea
1247 860 1340 923 ,_e_t
1367 850 1464 923 hoc
1491 851 1586 900 leci
1620 850 1671 897 iit
1701 847 1783 897 siti
1801 885 1814 904 ,
1842 847 1894 923 id
1925 856 2034 908 est,

523 921 749 978 sitiendo
779 933 828 975 ut
859 923 1098 986 exemplo
1126 933 1241 970 meo
1276 921 1388 970 illos
1417 921 1693 984 dirigerent
1713 953 1727 976 ,
1760 927 1810 986 et
1840 921 1890 964 in
1921 928 2035 966 cor-

525 1009 622 1060 pus
653 1007 820 1045 meum
854 982 1164 1060 trajiciiretn.
1196 986 1329 1039 Dii-it
1358 982 1544 1060 beatus
1570 982 1885 1050 Augustinus
1913 986 2034 1060 quia

527 1053 620 1115 nos
648 1062 851 1128 quando
880 1053 1081 1110 sitnnus
1100 1097 1114 1119 ,
1147 1059 1394 1128 liquorem
1425 1057 1513 1128 qui
1540 1066 1694 1128 extra
1708 1064 1787 1104 est
1817 1053 2038 1128 perspi-

528 1121 682 1184 ritum
714 1131 766 1182 iii
794 1127 980 1193 corpus
1003 1142 1150 1178 suum
1181 1121 1454 1193 trajiciunt.
1482 1124 1627 1193 Quod
1654 1121 1851 1193 Moyses
1877 1123 2038 1186 signi-

531 1200 733 1261 ﬁcavit,
782 1190 1071 1262 qui—iratus
1109 1205 1264 1261 caput
1309 1191 1452 1245 vituli
1480 1190 1753 1243 conllatiLs
1787 1192 1834 1241 in
1864 1193 2034 1262 ignem

531 1269 784 1329 niisit.,'et
802 1261 1000 1325 deinde
1027 1264 1363 1326 comminuit,
1393 1271 1446 1312 et
1470 1277 1597 1328 aqua
1628 1261 1953 1324 conspersit,
1975 1270 2037 1310 et

529 1339 715 1403 populo
761 1336 823 1386 ad
873 1335 1148 1403 bibendum
1196 1332 1361 1403 dedit.
1409 1331 1503 1383 l’er
1543 1331 1761 1403 Moysen
1815 1343 2037 1403 namque

529 1399 664 1460 Deus
702 1407 860 1458 Pater
903 1402 1228 1470 intelligitur,
1278 1399 1364 1467 qni
1409 1399 1552 1470 quasi
1603 1405 1763 1448 iratus
1795 1400 2034 1462 populum

526 1481 812 1536 "talorum,
860 1474 943 1538 qui
976 1468 1137 1531 caput
1187 1470 1326 1520 vituli
1371 1468 1701 1538 signiﬁcatur,
1732 1481 1822 1532 per
1863 1471 2036 1538 ignem

532 1536 888 1595 tribulationis
908 1541 1230 1605 plerumque.
1257 1547 1307 1589 ιιι
1331 1543 1426 1602 per
1454 1536 1690 1587 timorem
1723 1537 2038 1605 lnturi_igiiis

525 1612 768 1663 admonet
789 1649 805 1671 ,
835 1621 887 1661 et
911 1601 1067 1658 verba
1100 1601 1478 1673 pra-dicationis
1503 1613 1825 1657 comminuit.
1857 1601 1916 1654 Et
1949 1618 2038 1668 per

525 1695 711 1747 aquam
744 1677 1066 1747 baptismatis
1098 1676 1283 1747 populo
1309 1674 1586 1747 bibendum
1615 1675 1817 1747 tribuit,
1850 1674 1897 1723 id
1923 1681 2035 1747 est,

530 1744 588 1799 ιη’
609 1763 796 1812 corpus
828 1745 1054 1797 lidelinin
1086 1744 1304 1810 trajicit,
1334 1752 1387 1794 et
1413 1745 1488 1794 sic
1516 1744 1651 1793 sitim
1691 1746 1804 1805 ejus
1845 1744 2035 1794 restin-

525 1818 658 1883 guit.
705 1817 853 1867 Hane
899 1829 1107 1881 quoque
1154 1825 1290 1883 Sllllll
1344 1814 1527 1883 mulier
1567 1812 1652 1863 illa
1685 1812 2038 1883 Satiraritana,

523 1881 643 1952 quae
671 1901 812 1952 prior
843 1883 1119 1935 Dominum
1148 1882 1310 1952 sensit
1351 1882 1611 1952 sitientem
1635 1921 1649 1943 ,
1700 1892 1754 1929 et
1799 1881 2045 1952 Dominus

528 1950 1150 2006 bibit3e.t-nicredentem.
1183 1951 1329 2002 Nunc
1371 1950 1434 2000 ad
1479 1951 1703 2000 litteram
1748 1950 2041 2000 redeamus.

535 2025 639 2089 ligo
665 2023 873 2088 quidem
900 2021 1133 2072 sitiebant
1164 2020 1365 2089 illorum
1391 2019 1726 2074 salvatiotieni
1743 2055 1764 2089 ,_
1791 2017 1886 2089 ipsi
1914 2031 2040 2089 vero

536 2085 620 2144 υἷε
661 2085 752 2144 suo
797 2091 920 2142 milii
966 2088 1346 2148 benedicebant,
1392 2097 1436 2136 et
1480 2089 1627 2137 corde
1667 2085 2042 2137 maledicebant.

535 2163 646 2213 Bon
677 2160 842 2212 solum
876 2162 1022 2212 enim
1053 2158 1101 2208 lii
1129 2158 1212 2220 qui
1242 2166 1427 2223 gerunt
1455 2157 1572 2208 lidei
1602 2169 1924 2206 sacramenta
1943 2194 1958 2218 ,
1990 2165 2043 2206 et

531 2229 952 2290 oderunt-divina
985 2236 1273 2294 pitewpla,
1307 2227 1396 2277 sed
1427 2228 1580 2277 etiam
1625 2224 1788 2276 ιυιιιει
1821 2228 1900 2275 vel
1951 2239 2044 2290 pa-

535 2300 651 2365 gani
692 2298 924 2350 ﬁdelibus
961 2311 1054 2348 ore
1087 2296 1432 2357 benedicuiit,
1463 2297 1648 2359 quibus
1689 2305 1858 2345 tamen
1889 2295 2046 2346 corde

534 2368 912 2420 contradicunt.

618 2434 962 2485 Verumtamen
992 2431 1098 2484 Deo
1139 2431 1359 2498 subjecta
1394 2441 1529 2491 esto,
1559 2432 1727 2482 anima
1762 2445 1902 2491 mea,
1931 2446 2048 2494 quo-

541 2505 673 2554 niam
701 2502 766 2552 ab
792 2503 900 2570 ipso
926 2501 1159 2570 patientia
1185 2516 1312 2552 mea.
1341 2499 1440 2566 Ipsi
1467 2502 1670 2570 quidem
1703 2501 1895 2570 instant
1921 2500 2048 2570 inibi

539 2584 770 2638 tanquam
801 2568 971 2635 parieti
1001 2569 1238 2622 inclinato
1257 2609 1271 2630 ,
1305 2571 1354 2622 id
1383 2577 1461 2620 est
1480 2608 1493 2628 .
1521 2569 1675 2621 facile
1704 2568 1932 2620 vincibili
1957 2607 1970 2631 ,
2000 2579 2051 2620 et

543 2642 834 2692 nitet-licere
863 2655 944 2690 ine
973 2640 1182 2700 volunt,
1213 2647 1268 2690 et
1309 2639 1526 2703 pretium
1575 2652 1744 2690 meum
1794 2645 2047 2698 repelli-re

536 2709 787 2778 cogitant,
815 2722 864 2760 et
892 2722 1005 2760 cum
1033 2720 1126 2758 ere
1154 2709 1491 2767 benedicunt,
1520 2708 1678 2757 corde
1704 2707 2049 2778 maledicunt;

534 2777 625 2830 sed
662 2790 830 2830 tamen
859 2786 944 2839 ιιι,
973 2779 1143 2827 anima
1173 2791 1285 2827 mea
1309 2816 1322 2838 ,
1351 2785 1465 2828 esto
1492 2778 1692 2829 subdita
1736 2777 1838 2826 Deo
1858 2813 1874 2836 ,
1925 2785 1978 2826 ut
2023 2789 2051 2825 a

536 2861 653 2899 vera
688 2849 980 2911 obedientia
1009 2857 1061 2897 et
1093 2846 1337 2910 patientia
1369 2860 1468 2895 non
1499 2847 1727 2896 recedas.
1775 2844 1834 2895 Et
1867 2844 2051 2896 merito

537 2916 700 2975 debes
740 2917 786 2968 ei
829 2931 946 2969 esse
982 2915 1250 2980 subjecta,
1295 2915 1527 2980 quoniam
1570 2916 1806 2980 patientia
1849 2929 1956 2963 inea
1994 2917 2053 2963 ab

540 2986 681 3053 ipso,
711 2985 755 3036 si
787 2986 919 3036 inter
950 2985 1306 3035 triliulationes
1342 2994 1394 3034 et
1433 2987 1820 3047 persecutiones
1839 2985 2051 3053 patiens

542 3051 660 3105 esse
688 3067 840 3119 queo.
879 3053 989 3105 Hoc
1017 3066 1116 3109 non
1148 3062 1226 3103 est
1255 3066 1316 3102 ex
1350 3066 1431 3102 me
1454 3091 1467 3112 ,
1500 3053 1590 3102 sed
1618 3054 1682 3101 ab
1709 3067 1793 3103 eu.
1836 3051 1900 3102 Et
1929 3065 2050 3101 vere

539 3124 604 3172 ab
634 3122 763 3186 ipso.
794 3123 913 3187 quia
941 3124 1046 3185 ipse
1078 3120 1205 3171 Deut
1236 3135 1387 3180 meus,
1415 3133 1596 3170 creatis
1627 3133 1727 3179 ine,
1753 3130 1796 3170 el
1826 3121 2052 3172 Salvator

541 3205 675 3241 meus
700 3203 940 3241 recreans
965 3204 1046 3241 me
1068 3202 1083 3251 ;
1111 3190 1308 3256 adjutor
1330 3204 1462 3241 meus
1486 3200 1662 3241 contra
1693 3191 2051 3255 iiiipngnantes

539 3274 590 3310 et
636 3270 1039 3326 persequentes,
1089 3263 1377 3323 perducens
1422 3274 1502 3309 tne
1551 3259 1696 3320 illuc,
1749 3260 1797 3311 id
1844 3267 1954 3318 est,
1999 3273 2049 3309 iii

536 3327 801 3379 rmlesteni
845 3327 1167 3390 Jerusalem,
1217 3331 1350 3381 unde
1387 3327 1609 3394 amplius
1642 3343 1744 3378 rion
1781 3327 2047 3394 emigrabo.

536 3395 597 3447 Et
635 3412 750 3449 vere
785 3405 867 3450 est
903 3398 1134 3450 Salvator
1171 3413 1336 3460 meus,
1369 3403 1486 3460 quia
1518 3399 1568 3448 iit
1599 3397 1703 3448 Deo
1730 3407 1808 3448 est
1834 3401 2052 3447 salutare

535 3481 727 3531 meum,
776 3467 826 3517 id
874 3477 990 3528 est,
1037 3481 1204 3518 omnis
1245 3465 1544 3533 justilicstio
1583 3477 1634 3516 et
1677 3467 1890 3517 salvatio
1934 3479 2048 3516 mea

538 3549 707 3597 nunc,
735 3543 781 3586 et
812 3538 926 3601 ipse
957 3537 1160 3586 tandem
1189 3545 1289 3586 erit
1315 3538 1509 3600 gloria,
1541 3539 1627 3601 qui
1656 3538 1723 3586 ab
1750 3537 1862 3600 ipso
1889 3534 2048 3599 glori-

540 3607 733 3655 licabor
762 3603 1174 3663 resurrectione,
1215 3605 1604 3656 immortalitate
1630 3615 1681 3656 et
1710 3604 1971 3670 inipassmi
1998 3601 2044 3657 i-

540 3681 660 3723 tate.
707 3671 914 3724 Interim
940 3683 1111 3723 autem
1153 3671 1309 3736 quid?
1352 3675 1502 3724 Certe
1545 3673 1750 3725 interim
1794 3680 1874 3724 est
1918 3673 2051 3724 Deus

540 3740 746 3801 auxilii,
781 3742 830 3792 id
862 3750 967 3801 est,
1003 3743 1194 3805 prtebet
1221 3741 1345 3792 milii
1374 3742 1615 3793 auxilium
1662 3753 1842 3793 contra
1885 3743 2049 3792 inani-

541 3808 701 3861 festas
731 3821 1138 3874 oppugnationes
1165 3823 1346 3860 eorum
1377 3810 1463 3874 qui
1497 3814 1620 3861 luris
1650 3821 1803 3875 sunt,
1835 3820 1887 3861 et
1923 3825 2046 3862 coii-

547 3891 620 3928 ira
665 3880 908 3929 subdolus
954 3878 1242 3928 locutiones
1285 3877 1525 3929 falsorum
1574 3885 1807 3930 Iratruni.
1845 3879 1904 3929 Et
1935 3883 2052 3931 ideo

541 3947 726 3998 merito
746 3949 914 3998 omnis
945 3962 1051 3998 mea
1080 3960 1191 4011 spes
1216 3954 1297 3996 est
1325 3947 1373 3996 in
1403 3947 1544 4010 ipso,
1569 3949 1655 4013 qui
1684 3957 1762 3997 est
1789 3947 1942 4000 Deus.

609 4014 818 4078 Sperate
846 4020 897 4066 iii
923 4031 999 4066 eo.
1036 4018 1167 4066 Iscce
1196 4014 1488 4068 transiliens
1515 4017 1629 4078 iste,
1658 4020 1745 4083 qui
1776 4021 1858 4068 liic
1888 4019 2051 4085 loqui-

541 4094 642 4146 tur,
676 4087 973 4150 exiiequitur
1017 4085 1150 4149 quod
1197 4085 1248 4135 in
1293 4086 1438 4137 titulo
1468 4088 1656 4137 dictum
1686 4099 1797 4150 est,
1831 4088 2047 4151 scilicet,

541 4153 670 4223 alios
701 4163 756 4203 ut
784 4169 900 4223 enni
928 4164 1234 4219 sequantur,
1261 4163 1313 4205 et
1339 4157 1579 4223 exemplo
1602 4157 1714 4221 ejus
1742 4158 2049 4218 transiliaiit,

542 4221 787 4272 admonet
814 4221 1028 4272 dicens:
1060 4223 1186 4283 Quia
1216 4236 1310 4287 ego
1338 4221 1538 4275 lditlinn
1572 4228 1782 4291 spiritus
1830 4229 1878 4276 in
1923 4228 2048 4286 Deo,

543 4305 710 4342 omnis
757 4291 1085 4356 congregatio
1131 4294 1333 4356 populi,
1365 4294 1413 4343 id
1458 4304 1571 4358 est,
1601 4310 1785 4346 omnes
1815 4309 1931 4354 vos,
1963 4296 2049 4358 qni

539 4373 662 4409 vero
701 4367 887 4426 populo
929 4359 1078 4411 vultis
1115 4365 1376 4425 aggregari
1396 4404 1410 4424 ,
1440 4372 1632 4428 sperate
1661 4367 1713 4413 in
1741 4378 1823 4422 ea,
1857 4364 1906 4413 id
1937 4374 2047 4424 est,

2138 500 2253 548 dum
2285 511 2467 549 eorum
2501 488 2596 558 pro
2622 505 2848 554 caeteris,
2878 495 3055 543 dicens
3087 512 3098 541 ;
3136 489 3195 542 In
3227 492 3448 555 steteris,
3483 488 3702 538 subau-

2134 568 2271 618 dilnr
2300 575 2529 632 agentes,
2554 573 2604 614 ut
2645 567 2777 614 alios
2821 561 3110 632 decipiant;
3155 561 3245 632 δία
3292 562 3420 611 inliil
3465 574 3554 632 eis
3589 560 3694 632 line

2138 627 2380 700 prode-sl,
2415 635 2518 684 imo
2568 639 2749 700 obest,
2799 627 3056 695 quia’ipsi
3101 627 3449 693 decipiuntur,
3485 628 3558 677 de
3592 627 3694 675 liae

2133 699 2352 755 uanitate
2376 699 2702 754 tendentes'in
2729 701 2946 764 idipsum
2965 737 2979 758 .
3007 703 3054 749 id
3081 707 3190 758 est,
3222 713 3272 748 iii
3302 700 3445 748 illam
3477 704 3700 745 vanita-

2137 784 2263 832 tein,
2287 787 2404 838 quas
2431 784 2638 832 semper
2661 778 2739 819 est
2767 769 2899 833 ipsa,
2927 772 2973 819 id
2999 778 3096 829 est,
3122 782 3354 825 manetis,
3384 769 3435 816 id
3458 773 3574 823 est,
3603 765 3698 813 dr-

2134 842 2392 892 ducuntur
2420 855 2507 902 per
2530 842 2664 889 hanc
2690 849 2968 890 vanitatem
2997 840 3043 888 in
3067 847 3290 887 aiteiitas
3317 849 3503 898 pinnas
3528 852 3542 895 ;
3569 847 3697 900 qua:

2137 925 2238 960 non
2267 911 2382 960 ideo
2409 913 2649 960 dicuntur
2677 909 2894 968 vanitas,
2924 909 3041 972 quia
3072 919 3194 956 vere
3228 907 3388 956 malus
3424 905 3694 968 puniant,

2135 980 2226 1031 sed
2254 992 2501 1044 quantum
2531 977 2595 1027 ad
2629 989 3093 1028 remunerationem
3128 977 3404 1026 bonorum.
3443 975 3510 1024 Et
3562 988 3691 1037 qun

2135 1048 2382 1113 quidquid
2429 1062 2456 1096 a
2505 1060 2626 1097 vero
2671 1060 2787 1098 esse
2827 1059 3126 1113 separatum
3169 1053 3290 1103 est,
3324 1045 3448 1095 Illud
3483 1056 3691 1113 tiieriio

2134 1110 2291 1182 quasi
2313 1116 2439 1167 nitiil
2469 1125 2567 1166 est.
2604 1114 2688 1167 Vel
2717 1116 2865 1166 aliter
2890 1129 2904 1165 :
2938 1110 3056 1163 Filii
3084 1114 3338 1162 honinem
3366 1123 3483 1163 sunt
3517 1112 3646 1161 vani
3669 1151 3685 1169 ,

2134 1187 2255 1252 quia
2285 1188 2593 1236 iulia-rentes
2628 1187 2803 1246 vanis,
2836 1193 2889 1235 et
2913 1196 3032 1233 Sunt
3064 1184 3318 1232 mendaces
3345 1183 3394 1231 in
3427 1184 3644 1231 statuis
3667 1219 3682 1238 .

2135 1255 2367 1315 scilicet,
2399 1255 2516 1320 quia
2547 1256 2598 1304 in
2629 1254 2815 1304 trutina
2845 1269 2902 1304 se
2931 1266 3048 1302 cum
3077 1254 3190 1300 aliis
3221 1262 3416 1315 ponunt
3446 1261 3504 1320 et
3524 1265 3684 1300 coni-

2140 1337 2353 1389 pensant
2373 1361 2388 1383 ,
2415 1319 2466 1374 et
2498 1323 2809 1372 mendaciter
2838 1323 2950 1372 aliis
2985 1335 3042 1372 se
3073 1323 3354 1389 prieternnt
3377 1357 3392 1379 ,
3428 1319 3680 1370 volentes

2138 1388 2367 1444 Statuere
2396 1392 2648 1458 justitiam
2680 1405 2861 1452 suam,
2896 1391 3035 1440 velut
3065 1394 3149 1440 ille
3179 1388 3471 1440 Pbiirisvxus
3503 1389 3634 1438 fecit
3659 1428 3674 1447 ,

2137 1466 2221 1527 qui
2255 1463 2424 1513 dixit;
2457 1459 2656 1511 Gratias
2687 1461 2768 1509 tibi
2799 1474 2924 1527 ago,
2972 1458 3208 1518 Domine,
3256 1459 3372 1523 quia
3408 1471 3505 1506 non
3552 1472 3674 1506 sum

2136 1533 2262 1580 sicut
2308 1532 2472 1581 cwteri
2517 1529 2804 1590 hominum,
2852 1539 2903 1579 el
2950 1537 3158 1580 Caetera.
3207 1527 3270 1579 Et
3310 1531 3408 1578 hoc
3447 1527 3564 1577 ideo
3601 1537 3674 1573 la-

2140 1603 2319 1662 ciunt,
2370 1609 2423 1650 nt
2467 1612 2558 1662 per
2600 1603 2695 1648 lioc
2739 1597 3002 1663 decipiant
3044 1599 3193 1658 alios,
3225 1607 3279 1647 et
3310 1611 3398 1660 per
3429 1598 3524 1645 hoc
3575 1609 3678 1644 au-

2139 1677 2292 1731 geant
2344 1669 2666 1733 iniquitatem
2714 1682 2877 1717 suam.
2933 1669 3180 1718 Simulata
3227 1667 3366 1717 enim
3408 1675 3670 1729 aequitas.

2143 1740 2333 1802 duplex
2378 1750 2459 1788 est
2507 1738 2767 1800 iniquitas.
2818 1736 2950 1800 Ipsi,
2979 1737 3114 1795 dico,
3149 1736 3234 1799 qui
3279 1750 3573 1799 quanquam
3607 1735 3674 1783 de

2151 1809 2393 1857 varietate
2435 1805 2734 1868 OpiniOniini
2778 1818 2899 1856 sunt
2931 1821 2979 1854 ιιι
3010 1803 3242 1862 diverso,
3278 1813 3446 1853 tamen
3478 1804 3539 1851 de
3587 1817 3674 1850 iia-

2148 1880 2297 1926 nitate
2323 1889 2501 1926 oinnes
2528 1875 2744 1926 tendunt
2771 1875 2819 1924 in
2850 1873 3086 1939 idipsum.
3112 1874 3267 1935 Quasi
3299 1881 3430 1923 dicat
3455 1889 3466 1920 :
3496 1875 3678 1934 Quae-

2148 1960 2301 2008 quam
2334 1944 2643 2008 multiplices
2672 1951 2791 1994 sunt
2834 1957 3058 2002 eri-ores,
3103 1951 3273 1991 tamen
3321 1956 3371 1990 in
3419 1945 3517 1992 hoc
3543 1957 3676 1991 uois-

2151 2022 2391 2074 veniunt,
2422 2013 2556 2076 quod
2583 2026 2766 2064 omnes
2791 2013 2854 2062 ad
2889 2019 3138 2061 vanitates
3170 2012 3452 2060 intendunt.

2222 2083 2262 2132 Λ
2277 2086 2393 2132 alite
2433 2096 2631 2145 sperare
2659 2082 2708 2130 iit
2738 2083 2993 2144 iniquitate
3015 2122 3028 2143 ,
3061 2090 3105 2129 et
3136 2082 3338 2147 rupinas
3368 2081 3517 2128 nolite
3546 2093 3674 2127 cott-

2143 2165 2424 2216 cupiscere;
2448 2150 2635 2200 uiritim
2659 2153 2699 2198 si
2723 2150 2948 2216 affluant,
2971 2147 3119 2201 nolite
3145 2164 3229 2199 cur
3253 2163 3516 2216 apponere.
3551 2148 3674 2206 Vos,

2150 2222 2393 2286 inquam,
2441 2221 2526 2271 lilii
2577 2219 2873 2279 hominum,
2923 2223 3171 2270 hactenus
3220 2232 3334 2268 Vaut
3387 2217 3571 2274 Iutstis,
3622 2230 3675 2265 et

2151 2293 2446 2352 mendaces,
2495 2292 2684 2339 ainodo
2713 2301 2882 2339 autem
2914 2293 3062 2338 notae
3087 2304 3286 2355 sperare
3312 2291 3362 2336 iit
3391 2288 3671 2352 iniquitate.

2150 2359 2325 2409 l'otcst
2354 2374 2556 2424 quoque
2587 2361 2688 2409 huc
2714 2361 2891 2409 referri
2919 2361 2981 2406 ad
3014 2361 3177 2407 bonos
3198 2395 3211 2418 ,
3243 2373 3373 2423 quos
3414 2370 3550 2419 prius
3579 2357 3676 2404 ad-

2151 2428 2385 2484 monuit,
2431 2431 2652 2481 tilCCllS__:
2685 2426 2893 2489 Sperate
2933 2443 2982 2476 in
3023 2442 3112 2485 eo,
3160 2437 3214 2477 et
3253 2431 3469 2492 reliqua.
3513 2424 3674 2487 Quasi

2150 2498 2288 2547 dicat
2316 2513 2325 2545 :
2362 2494 2482 2552 Filii
2522 2496 2717 2560 quidem
2745 2497 2999 2546 hominum
3025 2507 3136 2546 sunt
3167 2498 3277 2545 uarii
3308 2506 3352 2545 et
3385 2503 3636 2543 mendaces
3656 2532 3670 2552 ,

2155 2579 2243 2616 vos
2272 2577 2442 2616 autent
2473 2580 2556 2629 qui
2588 2578 2744 2617 verus
2773 2568 2922 2615 vultis
2949 2581 3064 2616 esse
3105 2567 3343 2628 populus,
3380 2564 3535 2612 nolite
3561 2579 3674 2624 spe-

2145 2649 2263 2684 rare
2302 2636 2351 2684 in
2391 2635 2666 2699 iniquitate.
2710 2636 2984 2686 Possumus
3021 2645 3191 2684 autem
3233 2636 3552 2699 iniquitatem
3595 2633 3674 2681 vel

2155 2702 2237 2753 liic
2270 2704 2628 2754 universaliter
2665 2717 2902 2766 accipere
2949 2719 3040 2767 pro
3069 2704 3211 2754 omni
3257 2703 3563 2767 iniquitate,
3595 2699 3679 2755 vel

2157 2775 2512 2824 tantummodo
2550 2773 2599 2822 in
2645 2773 2925 2823 ambitione
2970 2787 3222 2836 pecuniae.
3274 2775 3402 2835 Quia
3439 2772 3558 2821 al.bi
3598 2777 3678 2821 di-

2155 2854 2291 2891 Clum
2321 2853 2399 2891 est
2427 2857 2436 2889 :
2473 2840 2644 2891 Omnis
2673 2842 2806 2891 dives
2834 2851 2921 2891 aut
2949 2841 3164 2903 iniquus,
3194 2851 3281 2890 aut
3312 2855 3470 2891 iiwres
3499 2843 3672 2904 iniqui.

2154 2911 2216 2960 Et
2237 2911 2420 2960 dividit
2443 2913 2557 2961 illos
2579 2927 2707 2975 quos
2729 2914 2936 2968 insimul
2959 2913 3042 2959 llic
3081 2912 3301 2972 aeuipit,
3329 2913 3379 2960 in
3404 2915 3529 2960 duas
3562 2914 3676 2971 par-

2157 2988 2255 3039 tes,
2280 2981 2497 3041 scilicet,
2530 2979 2581 3029 iii
2612 2994 2860 3044 panperes
2883 2989 2935 3031 et
2962 2979 3165 3030 divites.
3195 2982 3256 3029 Et
3283 2994 3425 3044 prius
3449 2982 3587 3043 ponit
3613 2981 3679 3028 de

2158 3052 2498 3112 pauperibus,
2527 3050 2705 3100 dicens
2734 3048 2801 3099 ita
2827 3064 2843 3098 :
2882 3051 2980 3099 \os
3013 3063 3262 3114 paupeies
3305 3049 3458 3097 nolite
3496 3062 3677 3096 coria-

2153 3119 2340 3181 piscerc
2367 3132 2605 3184 raptittu,
2655 3119 2703 3167 id
2752 3128 2864 3181 est,
2909 3117 3122 3186 ιιῲιδιςιδ
3170 3125 3461 3167 alienarum
3502 3131 3673 3166 rerum

2150 3188 2530 3248 subreptiones.
2599 3186 2915 3237 Daninusum
2982 3199 3124 3238 enim
3185 3188 3386 3236 lucrum
3441 3195 3553 3248 est,
3621 3196 3676 3234 ut

2149 3257 2387 3320 aequiras
2419 3254 2719 3320 pecuniam,
2751 3266 2802 3307 et
2832 3257 3012 3321 perdas
3043 3255 3411 3307 innocentiam.
3444 3257 3673 3318 minque

2149 3325 2272 3392 quid
2321 3328 2489 3386 rapias
2535 3326 2712 3383 Vides,
2755 3338 2783 3375 a
2831 3339 2933 3392 quo
2965 3339 3085 3377 vero
3115 3338 3337 3390 raptans
3364 3341 3471 3376 non
3504 3331 3665 3374 Hdca.

2150 3391 2263 3444 lVoli
2311 3406 2436 3459 ergo
2483 3406 2664 3457 rapere
2710 3408 2918 3460 propter
2947 3404 3305 3460 paupertatem
3343 3405 3525 3456 tuam,
3555 3409 3674 3457 quia

2148 3476 2234 3527 qui
2269 3461 2387 3512 fecit
2415 3471 2462 3513 te
2481 3503 2495 3526 ,
2530 3471 2703 3527 pascet
2733 3470 2798 3513 te.
2844 3467 2898 3515 Si
2928 3478 3064 3514 enini
3094 3474 3259 3526 pascit
3288 3477 3338 3514 te
3383 3467 3634 3513 latronem
3655 3501 3670 3523 ,

2150 3541 2315 3597 pascn
2367 3543 2416 3582 te
2464 3534 2814 3582 innocentem.
2865 3532 2924 3583 Si
2969 3535 3130 3597 pascit
3178 3545 3230 3582 te
3275 3532 3669 3591 damnandum,

2150 3601 2314 3653 multo
2340 3614 2504 3666 magis
2534 3599 2696 3667 pascit
2728 3613 2776 3651 te
2807 3600 3147 3652 liberandum.
3195 3600 3372 3652 Nolite
3410 3615 3536 3664 ergo
3581 3615 3669 3651 vus

2151 3685 2400 3736 pauperes
2430 3683 2770 3735 concupiscere
2795 3672 2995 3734 rapinas
3015 3708 3031 3732 ,
3058 3679 3109 3720 et
3157 3672 3196 3719 si
3225 3672 3412 3720 dicitde
3437 3669 3668 3736 aﬂuant,

2151 3741 2201 3790 id
2230 3748 2309 3790 est
2329 3777 2346 3801 ,
2375 3742 2417 3790 si
2447 3739 2633 3790 divites
2663 3749 2790 3787 estis
2809 3777 2823 3797 ,
2855 3737 3006 3787 nolite
3034 3738 3226 3788 divitiis
3257 3754 3342 3789 car
3371 3754 3620 3804 oppenere
3651 3756 3667 3799 ,'

2148 3813 2284 3875 quod
2317 3809 2389 3860 illi
2419 3807 2609 3858 iaciunt
2629 3846 2643 3869 ,
2676 3809 2762 3874 qui
2807 3807 3004 3860 malunt
3045 3821 3132 3861 eas
3161 3816 3449 3862 recutidere
3471 3847 3484 3868 ,
3515 3825 3666 3873 quam

2151 3880 2462 3944 pauperibus
2484 3891 2718 3942 erogare,
2749 3890 2800 3930 et
2829 3881 2949 3929 dum
2978 3893 3066 3931 eas
3094 3881 3391 3931 cnsmdiunt
3415 3922 3429 3944 ,
3464 3895 3556 3946 ψει
3587 3894 3668 3930 iti-

2151 3953 2308 3999 teiius
2335 3963 2364 3998 a
2391 3961 2510 3999 vera
2543 3960 2741 3998 ratione
2766 3958 2818 4000 et
2848 3951 3106 4000 intellectu
3133 3950 3394 4000 dil‘lluunt.
3420 3951 3483 4000 tit
3510 3959 3666 4012 quid-

2149 4019 2269 4083 quid
2304 4033 2488 4079 praaier
2515 4017 2677 4067 solam
2711 4028 3066 4070 necessitatem
3117 4029 3469 4081 retinuerunt,
3503 4030 3666 4070 tntum

2153 4090 2462 4152 pauperibus
2496 4100 2793 4151 rapuerunt.
2827 4087 2973 4139 Unde
3000 4093 3277 4153 Apostolus
3305 4092 3372 4138 ad
3404 4091 3670 4140 'I'imotlie-

2151 4171 2269 4205 uni:
2305 4155 2526 4217 Prwcipe
2562 4158 2790 4206 divitibus
2834 4161 2982 4226 Itujus
3019 4157 3187 4207 stecult
3216 4173 3315 4207 non
3344 4159 3552 4208 sublime
3577 4173 3670 4209 sa-

2150 4240 2282 4292 pere,
2316 4240 2406 4274 nec
2433 4239 2602 4290 sapere
2629 4226 2679 4274 in
2707 4228 2889 4276 incerto
2921 4228 3204 4276 divitiarum
3222 4264 3236 4287 ,
3266 4236 3322 4277 et
3350 4233 3565 4293 reliqua.

2220 4293 2382 4344 Semel
2410 4293 2597 4342 locutus
2625 4302 2696 4343 est
2726 4294 2877 4346 Deus.
2911 4296 3030 4347 ideo
3059 4301 3173 4345 dico
3205 4306 3258 4344 ut
3289 4309 3383 4345 net:
3412 4310 3669 4362 pauperes

2150 4374 2384 4426 rapiant,
2417 4378 2511 4413 nec
2538 4367 2723 4413 divites
2751 4365 2941 4416 divitiis
2965 4379 3056 4415 cur
3093 4377 3356 4431 apponant
3378 4402 3391 4426 ,
3423 4379 3541 4431 quia
3574 4379 3624 4416 tu
3646 4405 3663 4426 .

549 4413 814 4498 iliiiiel'll‘ll'll
849 4442 932 4479 tne
952 4466 966 4490 ,
998 4440 1051 4481 ut
1078 4413 1317 4494 exempli)
1349 4413 1712 4497 tneo'speretts
1739 4435 1789 4482 iii
1813 4413 1924 4484 'Deo
1952 4413 2050 4494 {ei
2078 4413 2128 4473 υ
2157 4413 2400 4493 υιίιιιιιιέ,
2433 4447 2481 4482 et
2510 4413 3071 4498 daninabisinalos,tet
3477 4413 3669 4487 bono—s1

543 4494 781 4561 effundite
818 4500 970 4548 corda
1013 4510 1171 4551 vestra
1210 4514 1373 4551 coram
1419 4494 1534 4562 illo,
1578 4505 1626 4552 id
1669 4514 1777 4561 est,
1806 4513 2050 4554 eilacuate

538 4568 693 4639 corda
733 4578 903 4618 vestra
945 4570 1078 4620 unde
1116 4583 1236 4620 sunt
1267 4575 1418 4636 plena
1439 4609 1453 4634 ,
1488 4573 1534 4621 id
1565 4581 1676 4633 est,
1710 4573 1932 4636 nequitia
1953 4613 1968 4634 ,
2000 4580 2055 4622 ut

546 4638 853 4697 impleantur
902 4638 1036 4688 unde
1077 4651 1195 4689 sunt
1239 4653 1431 4701 vacua,
1481 4644 1526 4691 id
1569 4643 1925 4704 t-st.1ustitia.
1965 4641 2054 4690 Vel

539 4704 780 4774 εῃιιιιιιιιε
824 4719 989 4756 coram
1033 4707 1158 4765 illo.
1201 4708 1439 4771 scilicet,
1465 4714 1759 4760 conliteinto
1804 4719 2010 4774 peccata
2035 4749 2048 4771 ,

537 4791 650 4838 qua:
678 4773 728 4826 in
757 4779 1003 4828 cordibus
1035 4786 1218 4826 vestris
1249 4788 1397 4826 erant
1423 4781 1695 4840 absconsa,
1725 4773 2055 4844 deprecando

537 4858 588 4894 et
615 4848 894 4910 sperando,
925 4856 977 4898 et
1005 4855 1192 4896 merito
1226 4846 1424 4895 debetis
1453 4860 1502 4896 in
1530 4861 1593 4895 eo
1620 4862 1852 4912 sperare,
1885 4857 1936 4899 et
1963 4864 2052 4897 co-

535 4927 644 4963 ram
676 4915 762 4964 illo
791 4915 1054 4965 elIundere
1089 4928 1202 4976 Cor,
1235 4916 1352 4978 quia
1385 4915 1492 4977 ipse
1519 4928 1634 4964 cum
1667 4923 1734 4966 sit
1779 4917 1945 4982 Deus,
1975 4926 2057 4968 est

533 4984 732 5050 adjutor
773 4993 936 5033 noiter
977 4997 1156 5034 contra
1205 4985 1568 5048 impugnanies
1611 4993 1666 5033 et
1711 4983 2053 5050 tribulatites,

536 5055 824 5115 perducens
854 5065 949 5102 nos
978 5055 1026 5100 in
1055 5064 1294 5104 internum
1319 5090 1334 5114 ,
1364 5053 1417 5104 id
1444 5062 1546 5111 est,
1580 5052 1630 5101 in
1661 5063 1908 5104 aeternam
1941 5063 2051 5122 glo-

613 5186 957 5259 Verumtamen
1009 5187 1119 5238 vani
1168 5187 1262 5251 ﬁlii
1308 5186 1598 5259 hominum,
1650 5193 1906 5243 mendaces
1959 5194 2058 5259 ﬁlii

539 5253 795 5307 hominum
834 5260 885 5306 in
922 5267 1114 5308 stateris
1135 5297 1149 5319 ,
1191 5265 1242 5305 ut
1283 5256 1530 5318 decipiant
1559 5253 1653 5323 ipsi
1680 5267 1740 5310 de
1769 5253 1976 5312 vanitate
2007 5266 2058 5314 iit

536 5323 774 5391 idipsunt.
809 5329 919 5393 hgo
946 5329 1153 5393 quidem
1181 5338 1362 5373 omnes
1392 5332 1457 5376 de
1502 5337 1666 5380 salute
1713 5346 1802 5382 sua
1849 5333 1921 5383 sic
1967 5339 2060 5381 ad-

535 5407 708 5444 monui
733 5432 748 5455 ,
773 5399 863 5466 sed
888 5407 1126 5460 tanquam
1159 5396 1220 5443 ad
1252 5400 1505 5466 quosdam
1536 5400 1661 5448 niliil
1691 5407 1902 5463 proleci,
1938 5416 2057 5466 quia

534 5472 653 5512 sunt
680 5464 821 5524 varii.
876 5468 923 5514 id
970 5474 1085 5525 est,
1121 5464 1374 5524 terrenis,
1408 5479 1520 5528 quae
1552 5471 1752 5519 vanitas
1781 5480 1933 5529 sunt,
1955 5464 2061 5519 d-

536 5538 625 5576 uiti
645 5569 660 5592 ,
683 5541 736 5582 et
759 5544 879 5583 sunt
909 5537 1184 5588 mendaces.
1216 5533 1415 5583 scilicet
1438 5573 1450 5595 ,
1479 5537 1848 5588 beatitudinem
1881 5553 2060 5590 veram

539 5611 895 5659 promittentes
921 5605 1016 5653 sibi
1045 5603 1093 5651 in
1122 5602 1347 5653 vanitate
1377 5607 1457 5655 tibi
1489 5605 1624 5654 nulla
1657 5609 1916 5656 beatitudo
1941 5619 2021 5656 est
2045 5623 2057 5667 ;

535 5677 587 5715 et
617 5668 712 5718 hoc
741 5669 874 5730 ideo,
908 5687 1023 5735 qum
1055 5674 1147 5734 [itii
1181 5678 1433 5721 hominum
1465 5686 1618 5732 sunt,
1657 5681 1703 5723 id
1739 5685 1817 5725 est
1840 5717 1850 5735 ,
1888 5678 2055 5725 imita-

2154 4505 2301 4565 Quod
2331 4514 2407 4552 est
2439 4503 2520 4551 ιιιιι
2550 4504 2674 4551 dicit
2703 4519 2716 4553 :
2751 4505 2879 4566 Quia
2909 4516 2958 4554 tu
2985 4506 3160 4554 reddes
3188 4506 3452 4570 unicuique
3478 4520 3667 4554 suisu-

2154 4580 2270 4639 ttunt
2301 4587 2446 4636 opera
2472 4589 2592 4632 sua,
2621 4574 2699 4622 liis
2733 4579 2933 4637 quidem
2965 4576 3172 4639 praemia
3194 4614 3205 4630 .
3239 4575 3340 4624 illis
3378 4582 3662 4637 supplicia.

2155 4637 2220 4690 Et
2265 4643 2504 4704 pra-cedi
2552 4655 2816 4707 utriusque
2849 4637 3097 4706 probatio.
3131 4651 3285 4706 Quasi
3315 4643 3447 4692 dicit
3477 4657 3491 4691 :
3533 4646 3664 4694 Vere

2155 4711 2422 4760 damnabis
2452 4715 2632 4770 malos,
2662 4726 2781 4774 quia
2805 4712 2924 4772 tibi,
2949 4711 3181 4773 Domine,
3205 4721 3285 4762 est
3317 4722 3541 4773 potestas
3573 4729 3668 4771 pu-

2157 4779 2330 4829 niendi
2363 4790 2464 4828 tant
2493 4793 2716 4843 majores
2742 4795 2894 4843 quam
2924 4795 3164 4831 mitiores.
3188 4781 3253 4828 Et
3281 4793 3397 4829 vere
3426 4794 3671 4832 remune-

2156 4854 2294 4898 rabts
2337 4855 2529 4908 bonos,
2573 4863 2690 4914 quia
2723 4858 2809 4900 ubi
2839 4861 2919 4901 est
2947 4851 3315 4899 misericordia.
3353 4852 3664 4901 t’otestatem

2155 4919 2328 4982 itaque
2352 4921 2637 4980 timeamus,
2663 4920 3064 4971 misericordiam
3088 4932 3320 4971 amemus
3343 4934 3359 4981 ;
3387 4934 3478 4971 nec
3497 4933 3574 4969 sic
3599 4925 3670 4970 de

2155 4988 2506 5039 misericordii
2540 4993 2926 5052 prtesumaiuui,
2952 4997 3007 5036 ut
3034 4997 3340 5053 potestatem
3368 5001 3670 5041 contemnis-

2156 5069 2308 5115 nius;
2342 5069 2505 5120 neque
2533 5058 2608 5107 sic
2637 5068 2937 5121 potestatein
2968 5071 3259 5121 timeamus,
3287 5072 3342 5109 ut
3369 5063 3433 5110 de
3462 5061 3666 5108 iniseri—

2156 5128 2331 5174 cordia
2347 5128 2700 5190 despcrctitus,
2718 5131 2836 5190 quia
2864 5137 2933 5176 uti
2950 5143 3137 5190 ultique
3159 5139 3241 5178 est
3267 5131 3316 5178 in
3346 5131 3468 5189 Deo,
3497 5139 3550 5176 et
3569 5143 3666 5175 isit-

2158 5196 2438 5245 sericordia
2478 5203 2820 5257 et‘potestas.
2875 5198 3131 5246 l'0tesiate
3176 5201 3384 5263 quidem
3434 5202 3668 5246 immittat

2158 5269 2430 5327 superbus,
2453 5270 2800 5314 misericordia
2829 5271 3022 5316 esaltat
3051 5267 3289 5317 humiles.
3317 5265 3464 5328 Quod
3491 5279 3666 5316 autem

2160 5345 2433 5396 utrumque
2481 5345 2530 5380 ιιι
2577 5331 2682 5381 Deo
2726 5343 2823 5395 sit,
2873 5338 3149 5397 Apostolus
3190 5335 3418 5386 insinuat
3443 5339 3670 5390 dicens:

2162 5404 2304 5462 Quod
2334 5417 2373 5451 si
2405 5398 2538 5449 Deus
2565 5404 2727 5451 volens
2755 5408 3010 5454 ostendeie
3034 5407 3160 5455 iram
3187 5417 3327 5452 suam
3346 5439 3360 5462 ,
3391 5412 3437 5451 ct
3463 5406 3671 5456 delectt-

2158 5484 2316 5519 strure
2347 5478 2612 5535 patentium
2640 5486 2810 5534 suam,
2854 5475 2964 5536 tulit
2991 5474 3046 5522 in
3074 5475 3232 5523 multa
3275 5473 3513 5536 patir-utut
3552 5489 3674 5524 ausu

2159 5553 2247 5589 ira:
2267 5577 2280 5597 ,
2310 5552 2419 5602 qua:
2447 5541 2686 5592 destinata
2713 5551 2825 5594 sunt
2857 5535 2930 5593 ιη’
2953 5535 3293 5610 perditionem.
3346 5542 3479 5594 Ecce
3522 5555 3642 5608 pote

2160 5620 2284 5657 stas.
2319 5616 2557 5669 bequnnr
2585 5616 2953 5672 misericordia,
2984 5616 3178 5662 scilicet
3199 5653 3211 5675 ,
3243 5626 3294 5660 ut
3329 5614 3525 5662 άιιειιισε
3552 5629 3672 5678 gru-

2161 5689 2241 5726 tiw
2276 5690 2376 5726 sua:
2414 5683 2742 5744 main/extaret
2777 5683 2830 5732 ii;
2866 5697 2989 5732 tusis
3029 5684 3396 5732 iiiisertcordia'.
3431 5686 3575 5732 i‘tntic
3606 5685 3670 5734 ad
