3898 6226
122 416 235 470 817

848 417 906 469 ΙΝ
949 416 1356 491 l’S.—\L;i_l()lllf.\l
1402 417 1646 470 LlBiiUSI
1692 415 2030 471 EXEGESIS.
2072 447 2137 456 -—
2181 417 2415 470 PSALM.
2463 416 2635 468 LXIV.

3197 417 3295 467 828

113 528 373 580 muniunt
400 528 606 580 illorum
631 527 873 579 maxime.
898 528 981 587 qui
1007 542 1063 574 se
1087 527 1317 575 fecerunt
1342 526 1469 575 lines
1498 535 1670 585 terrai,
1704 529 1747 583 A
1777 538 1980 589 terram,
2024 528 2071 580 id
2098 539 2197 587 est,
2229 528 2446 593 gentiles
2477 536 2623 579 terrm
2656 528 2986 589 intueretur-st;
3017 542 3058 581 ct
3093 532 3294 582 indum.

113 606 169 648 et
205 599 375 649 etiam
406 597 609 649 illortuu
640 596 724 659 qui
751 608 870 645 sunt
896 612 946 645 tn
976 598 1099 645 muri
1119 633 1133 655 ,
1166 595 1211 645 id
1241 603 1351 655 est,
1390 594 1471 660 qui
1502 594 1670 644 adhuc

118 666 342 718 luerent
374 668 595 725 muudo,
643 666 727 731 qui
775 665 1107 729 designantur
1148 678 1238 727 per
1265 677 1429 721 mare,
1479 672 1529 713 et
1560 663 1674 713 ideo

116 744 257 786 sunt
288 735 459 803 longe.
494 734 695 787 Nullum
737 734 874 803 cnim
922 741 1021 783 tam
1071 746 1370 795 perversum
1402 745 1562 798 genus
1596 737 1676 781 est

116 802 421 864 malorum,
467 804 532 855 de
559 818 660 870 quo
702 802 854 868 aliqui
905 817 1005 852 non
1049 808 1433 859 convertantur,
1464 807 1517 851 ct
1562 814 1675 851 cre-

115 876 326 925 dentes
360 882 591 937 sperent.

194 935 517 1006 Prwpa‘rans
546 950 747 991 montes.
782 939 936 1002 Quasi
968 938 1102 990 dicat
1134 946 1151 989 :'
1179 938 1276 990 Per
1304 935 1442 1004 quod
1469 951 1527 989 es
1556 950 1676 1002 spes

113 1014 375 1063 ιιιιιιιιιιιιι
408 1012 643 1063 illorum?
694 1008 789 1060 Per
821 1010 947 1067 hoc,
996 1009 1219 1067 scilicet,
1256 1010 1376 1073 quia
1413 1020 1674 1070 prmparas

117 1092 368 1141 montes,
418 1082 466 1131 id
498 1089 594 1144 cst,
644 1078 762 1144 quia
793 1092 942 1143 paras
970 1076 1219 1142 quosdam
1249 1086 1467 1144 montes,
1517 1089 1673 1139 quos-

116 1153 251 1199 dam
312 1166 418 1211 pra-
452 1143 873 1199 alits'montibns.
927 1146 1124 1196 Montes
1173 1154 1293 1196 sunt
1338 1143 1589 1195 sublimes
1622 1146 1672 1195 iit

117 1220 388 1280 terrenis,
419 1233 547 1285 quos
578 1218 823 1268 Dominus
854 1223 998 1285 parat
1026 1216 1226 1265 duabus
1248 1213 1311 1264 de
1336 1213 1524 1285 causis,
1578 1215 1678 1285 sci-

119 1290 254 1339 licet
280 1328 295 1346 ,
355 1299 409 1339 ut
438 1282 545 1351 'per
570 1302 689 1346 eos,
738 1284 815 1337 vel
851 1284 966 1335 boui
1013 1292 1380 1343 exerceantur,
1414 1282 1491 1335 vel
1524 1290 1579 1332 ut
1608 1282 1674 1333 ab

115 1360 202 1407 eis
255 1366 638 1409 sustentantur.
694 1352 808 1404 Pra:
839 1353 917 1404 liis
962 1351 1227 1403 montibus
1276 1356 1474 1415 paravit
1514 1355 1679 1402 etiam

116 1431 395 1487 quasdam
424 1425 683 1491 digniores
708 1430 932 1487 montes,
989 1422 1134 1484 illos,
1165 1420 1381 1491 scilicet,
1434 1435 1562 1491 quos
1592 1419 1670 1471 sol

114 1496 312 1548 oriens
368 1489 509 1561 prius
533 1492 845 1557 illustravit,
890 1500 941 1543 et
971 1505 1061 1557 per
1087 1504 1177 1561 eo_s
1208 1490 1255 1541 iu
1293 1489 1557 1541 convalles
1589 1503 1670 1541 re-

117 1565 265 1616 luxit
289 1604 305 1626 ,
366 1557 415 1615 id
443 1572 521 1615 est
547 1604 561 1627 ,
591 1562 869 1621 apostolos,
900 1575 991 1622 per
1018 1560 1113 1610 lioe
1138 1557 1328 1610 factum
1358 1566 1456 1616 est,
1487 1566 1537 1607 ut
1562 1571 1672 1607 om-

117 1648 225 1685 nes
259 1638 397 1687 lines
426 1642 575 1685 terrae
603 1630 741 1681 ineo
785 1636 1075 1693 sperarent.
1134 1629 1193 1678 Et
1232 1628 1349 1678 inde
1374 1627 1497 1678 dicit
1541 1642 1673 1689 pra:-

116 1718 321 1767 parans
362 1712 548 1753 montes
578 1701 630 1751 in
657 1699 830 1750 virtute
870 1706 982 1767 tua,
1016 1712 1115 1749 non
1145 1698 1194 1767 iu
1225 1711 1314 1747 sua
1349 1695 1666 1767 infirmitate.

114 1765 203 1823 lix
243 1782 292 1823 te
314 1772 461 1824 enim
486 1772 661 1831 fortes,
695 1783 758 1821 ex
787 1782 843 1819 se
868 1766 1082 1829 debiles,
1117 1766 1180 1816 ad
1210 1767 1343 1832 quod
1378 1765 1667 1815 faciendum

1775 598 1836 647 sti
1888 614 2037 657 eam,
2072 599 2118 648 id
2168 605 2268 653 est.
2318 598 2609 661 compluisli
2661 612 2775 649 eam
2830 600 2989 651 verba
3031 600 3296 662 doctrinm,

1772 666 1906 716 adeo
1960 666 2093 729 quod
2160 666 2428 717 inebriasti
2486 682 2598 718 eam
2657 668 2904 729 praeclaro
2967 669 3132 719 calice
3189 678 3294 719 tuo.

1777 733 2013 786 Ebrietas
2041 735 2160 787 felix
2190 774 2202 793 ,
2250 735 2464 785 satietas
2508 736 2753 788 salutaris
2780 775 2794 793 .
2844 753 2957 801 quae
2986 744 3177 803 quanto
3207 755 3297 789 cu-

1776 802 1968 872 piosins
2014 804 2278 861 suntitnr,
2332 812 2491 872 tanto
2522 805 2684 872 magis
2730 802 3059 856 sobrietatem
3112 809 3298 859 mentis

1772 870 1970 924 donare
2000 872 2259 939 dignatur.
2297 872 2357 923 Et
2390 870 2731 933 nntl'iplicusti
2761 875 3058 939 locupletare
3079 891 3210 937 eam,
3250 876 3298 926 id

1774 948 1888 1002 est,
1939 942 2291 1007 multipliciter
2322 942 2371 991 iu
2417 940 2771 1004 Spiritnalibus
2806 943 2955 995 donis
2980 944 3298 1004 locupletasti

1772 1024 1919 1068 cam,
1980 1011 2096 1076 quia
2153 1009 2238 1060 alii
2287 1010 2404 1061 data
2456 1019 2533 1060 est
2591 1012 2801 1061 scientia
2846 1011 3170 1076 linguarum,
3216 1010 3301 1063 alii

1771 1080 1935 1145 gratia
1969 1078 2265 1139 sanitatum,
2291 1080 2373 1128 alii
2405 1078 2645 1129 discretio
2666 1080 2957 1143 Spiritunm,
2989 1089 3089 1131 etc.

1842 1144 2053 1198 Flumen
2089 1148 2176 1197 Dei
2212 1148 2452 1212 repletum
2494 1157 2564 1197 est
2593 1149 2755 1212 aquis.
2797 1148 2949 1212 Quasi
2981 1145 3169 1199 'dicat:
3208 1148 3303 1202 Per

1772 1216 1910 1283 quod
1943 1216 2206 1268 ineltriasti
2235 1257 2248 1277 ,
2300 1230 2391 1278 per
2432 1215 2568 1283 (ιιι-ιιι
2611 1232 2724 1267 eam
2780 1217 3148 1282 locupletasti?
3203 1218 3301 1269 l’er

1773 1281 1961 1335 lltitnen
2003 1286 2238 1346 scilicet,
2288 1284 2335 1336 id
2365 1281 2483 1342 est,
2542 1300 2629 1349 per
2674 1281 2909 1350 priorem,
2954 1288 3195 1353 populum
3238 1288 3303 1338 de

1771 1353 1965 1405 Jttvla‘eis
2012 1354 2297 1413 credulum,
2345 1368 2368 1399 a
2402 1368 2504 1417 quo
2538 1355 2671 1405 velut
2719 1371 2743 1405 a
2779 1354 2987 1405 llutuiue
3028 1356 3121 1406 rivi
3174 1356 3303 1405 duc-

1774 1422 1924 1473 trime
1974 1423 2024 1473 in
2069 1422 2199 1474 alius
2230 1420 2605 1487 perduxerunt.
2657 1423 2801 1487 Quod
2842 1425 3023 1487 [lumen
3064 1424 3304 1489 repletum

1771 1500 1841 1540 est
1869 1493 2010 1558 «quis
2043 1490 2132 1541 D.i
2159 1533 2171 1549 ,
2214 1507 2314 1542 nun
2340 1490 2772 1553 demergrntibus,
2800 1492 2889 1543 sed
2924 1492 3300 1553 relieientibus,

1774 1559 1821 1608 id
1861 1570 1975 1619 est,
2028 1560 2276 1611 doctrinis
2326 1559 2678 1623 spiritualibns
2721 1578 2746 1611 ιι
2791 1560 2894 1612 Deo
2945 1561 3096 1613 l’atre
3144 1562 3304 1611 datis.

1773 1626 1874 1680 Sed
1928 1631 2047 1680 tiret
2098 1646 2187 1695 per
2234 1629 2425 1681 ﬂumen
2481 1630 2646 1680 dicam
2707 1635 2805 1682 hoc
2848 1630 3080 1692 factum,
3134 1638 3305 1681 tamen

1772 1711 1876 1748 non
1912 1699 2123 1758 llumeu,
2157 1699 2246 1751 sed
2276 1706 2325 1750 tu
2355 1699 2543 1763 parasti
2571 1699 2753 1760 cibum,
2786 1700 2832 1749 id
2857 1708 2954 1756 est,
2988 1700 3303 1752 relicientem
3342 1752 3346 1757 ,

1778 1765 2071 1818 doctrinam
2100 1766 2325 1827 illorum,
2359 1768 2442 1829 qui
2476 1781 2566 1831 per
2596 1776 2783 1819 terram
2815 1767 3167 1832 designantur.
3194 1768 3267 1820 'l‘u
3293 1808 3308 1831 ,

119 1850 323 1913 potens
356 1838 524 1913 fuisti,
554 1842 667 1904 quia
695 1838 945 1913 accinttus
971 1850 1026 1887 es
1047 1837 1288 1913 potentia,
1314 1836 1459 1913 Alius
1485 1843 1562 1884 est
1584 1835 1668 1899 qui
1705 1856 1747 1913 Β
1773 1835 1913 1898 dico,
1946 1835 2159 1913 parasti,
2180 1836 2421 1913 quoniam
2453 1836 2751 1913 prtrparatio
2776 1837 2884 1912 ejus
2915 1847 2983 1886 cst
3007 1838 3097 1900 ita,
3127 1839 3175 1888 id
3204 1846 3308 1899 est,

114 1905 385 1976 cingitur,
418 1909 548 1959 alius
583 1920 612 1957 a
641 1922 743 1971 quo
771 1908 1013 1971 cingitur.
1041 1974 1046 1976 _
1076 1905 1147 1976 lla
1177 1914 1230 1956 et
1278 1906 1371 1976 hic
1391 1908 1545 1976 tuunn
1574 1917 1665 1954 ac-

116 1973 386 2044 cingitnr,
416 1986 468 2029 ct
494 1991 520 2027 a
554 1978 779 2041 petentia
805 1976 996 2044 divina,
1039 1974 1087 2025 id
1134 1982 1234 2033 est,
1258 1989 1307 2044 _a
1338 1973 1528 2044 Vcrbo_
1548 1987 1664 2034 pt-ro

119 2041 397 2099 sonvaliter
420 2045 516 2097 sibi
558 2043 1041 2111 juurtoacciugilur
1070 2059 1082 2105 ;
1116 2051 1189 2102 ιιι,
1241 2042 1358 2095 dico
1383 2082 1397 2104 ,
1444 2041 1530 2106 qui
1580 2056 1670 2111 per

120 2116 229 2167 lios
255 2126 466 2167 montes
494 2110 755 2165 conturbas
780 2113 1082 2179 profundum
1114 2111 1264 2163 maris
1286 2151 1302 2177 ,
1331 2112 1378 2163 id
1406 2123 1505 2171 εει,
1536 2110 1671 2163 adeo

117 2184 391 2251 graviter,
424 2183 562 2249 quod
593 2186 750 2235 etiam
775 2184 838 2233 ab
880 2186 991 2248 ipso
1022 2182 1177 2232 fundo
1207 2194 1537 2251 cotnuiuveas
1561 2195 1669 2229 ma-

122 2249 209 2306 re.
294 2254 439 2307 Mare
498 2262 647 2304 vocat
683 2264 939 2307 .terrenos
986 2260 1037 2303 ct
1089 2252 1367 2301 surculari-.5
1436 2249 1672 2301 homines

123 2338 353 2377 atiiaros
405 2323 676 2379 vanitate.
747 2320 1075 2372 turbulentos
1139 2319 1419 2384 procellis,
1466 2320 1673 2387 pravis

120 2403 183 2444 et
228 2394 494 2460 perversis
530 2390 897 2455 cupiditatibus
938 2405 995 2440 se
1023 2390 1250 2441 invicem
1280 2400 1333 2440 ut
1375 2390 1540 2454 pisces
1578 2391 1671 2460 de-

122 2457 425 2521 atur-antes;
480 2459 788 2525 profundum
834 2472 957 2511 vero
980 2468 1056 2509 est
1103 2472 1191 2509 cor
1217 2472 1418 2520 eorum,
1450 2470 1499 2509 et
1525 2457 1673 2521 quid-

122 2535 262 2598 quid
314 2535 383 2584 ab
429 2530 610 2583 intimo
647 2530 1014 2588 cantor-batur,
1056 2530 1277 2598 gravius
1315 2530 1672 2578 conturbatur.

123 2596 221 2655 Sic
252 2613 309 2654 et
339 2602 587 2653 Dominus
616 2600 1031 2662 praicouautibus
1060 2596 1310 2661 apostotis
1341 2597 1675 2648 conturbavit

127 2682 381 2723 terrenos
412 2672 478 2722 de
505 2671 767 2737 gentibus,
800 2673 929 2718 adeo
959 2675 1010 2716 nt
1032 2679 1121 2717 cur
1149 2681 1327 2737 eorum
1364 2682 1390 2716 a
1422 2680 1524 2737 quo
1558 2682 1675 2731 pro-

122 2741 300 2792 cessit
326 2735 524 2791 omnis
545 2740 832 2803 persecutio
860 2738 945 2788 illa
967 2776 979 2794 ,
1019 2750 1173 2801 quam
1201 2735 1375 2804 lingua
1406 2735 1484 2787 vel
1518 2749 1673 2787 manu

122 2819 491 2862 exercuerunt
514 2810 563 2859 iu
596 2815 825 2867 Sanctus,
856 2808 922 2857 ita
949 2814 1268 2867 concuteret,
1293 2804 1675 2869 exinaniretur,

123 2895 239 2948 quo
274 2880 489 2947 plenum
520 2885 631 2929 erat
654 2918 668 2940 ,
695 2876 767 2948 Aid
794 2886 893 2937 est,
945 2872 1251 2948 iniquitate,
1299 2885 1349 2948 et
1376 2875 1678 2948 impleretur

123 2944 239 3016 quo
268 2944 491 3001 vaenum
523 2957 652 3011 erat,
694 2946 739 2995 id
772 2956 851 2997 est
875 2984 888 3006 ,
922 2945 1181 3016 aequitate.
1208 2946 1281 3016 _Et
1310 2944 1407 2997 hoc
1435 2954 1511 2996 est
1541 2944 1676 3016 quod

125 3014 261 3071 dicit
294 3036 307 3070 :
338 3020 435 3082 Qui
460 3017 722 3068 conturbas
754 3014 1059 3082 profundum
1091 3014 1259 3076 maris,
1284 3018 1334 3065 ei
1366 3014 1679 3065 conturban-

125 3089 198 3146 do
236 3088 364 3144 illud
392 3127 408 3152 ,
456 3086 814 3139 conturbando
844 3088 999 3136 etiam
1040 3084 1257 3135 sonitum
1302 3085 1575 3151 fluctuant,
1630 3082 1677 3134 id

125 3170 235 3223 est,
271 3169 523 3211 sonantes
551 3154 736 3208 fluetus
774 3158 881 3221 ejus
915 3156 1069 3205 utaris
1096 3193 1110 3216 ,
1172 3154 1269 3206 hoc
1297 3164 1375 3206 est
1404 3152 1531 3223 facts
1567 3166 1678 3204 ces-

126 3202 494 3281 εδτέἶίὶἱιιιυξ
565 3235 611 3277 et
675 3202 929 3275 minimos
970 3202 1151 3275 eoruiu
1215 3202 1750 3276 contradictiones.C

126 3299 416 3359 Quomodo
449 3300 549 3347 line
592 3294 759 3346 facis?
815 3308 904 3359 per
937 3293 1035 3344 hoc
1080 3292 1320 3354 scilicet,
1369 3294 1483 3358 quia
1516 3304 1681 3359 gentes

132 3368 574 3433 pnecouantibus
617 3364 871 3429 apostolis
900 3361 1230 3413 lul’bubttttlur
1263 3362 1403 3427 prius
1439 3375 1680 3433 pcrch-

124 3429 381 3488 catorum
428 3433 797 3485 conscientiam
822 3472 838 3495 ,
871 3441 923 3484 et
950 3433 1139 3483 deinde
1171 3433 1442 3494 timebunt,
1492 3429 1540 3480 id
1566 3439 1679 3494 est,

126 3506 296 3557 valde
326 3504 701 3569 obstitpescent
744 3504 899 3553 etiam
932 3501 1007 3554 illi
1046 3503 1127 3567 qui
1175 3500 1398 3552 habitant
1429 3500 1679 3569 terminos,

126 3574 183 3627 id
216 3584 322 3635 est,
375 3568 504 3625 lines
535 3581 708 3633 terrai,
742 3573 820 3645 vel
845 3572 951 3645 qui,
982 3572 1319 3645 inlialiitaudo
1346 3586 1404 3623 se
1434 3568 1585 3645 ipsos
1606 3568 1683 3645 fa-

127 3646 288 3696 ciunt
318 3646 448 3697 lines
481 3654 631 3695 terrae
662 3657 691 3691 α
720 3641 876 3709 signis
898 3680 911 3701 ,
947 3641 992 3691 itl
1022 3650 1100 3692 est
1122 3679 1138 3700 ,
1201 3652 1406 3703 propter
1433 3639 1679 3690 miraéula

127 3716 274 3767 visa.
326 3714 499 3780 Signis
539 3712 653 3763 dico
692 3714 821 3769 tuis,
876 3711 1063 3773 idest,
1116 3723 1144 3759 a
1190 3719 1239 3760 te
1271 3711 1455 3770 lactis,
1490 3723 1589 3759 non
1616 3709 1681 3760 ab

128 3784 279 3835 aliis.
331 3783 489 3837 Juxta.
509 3781 631 3833 illud
666 3797 676 3829 :
714 3782 921 3830 ll’omino
964 3787 1274 3847 conpetente,
1321 3787 1367 3828 cl-
1409 3793 1681 3847 sermonem

126 3854 470 3916 con/irritante
501 3848 807 3917 sequent:bus
837 3850 1007 3917 signis.
1060 3851 1120 3900 Et
1157 3850 1250 3899 hoc
1282 3851 1437 3897 modo
1465 3846 1679 3897 delecta-

130 3923 279 3984 bilis,
324 3922 373 3972 id
407 3931 508 3983 est,
541 3919 894 3980 delcCIabilcs,
927 3935 1027 3969 uoti
1062 3920 1367 3980 laboriosos,
1417 3917 1574 3967 facies
1604 3917 1680 3969 eis

129 3992 305 4043 exitus
332 3990 678 4050 ιηιιιιιιίηἱευι
708 3991 879 4039 exitus
908 3988 1115 4050 vesperi,
1146 3986 1194 4036 id
1223 3996 1319 4049 est,
1350 3995 1680 4047 contemptus

129 4062 423 4113 mundana:
474 4058 835 4125 prositeritatis
880 4066 931 4108 et
972 4056 1317 4109 adversitatis.
1373 4054 1438 4106 Ut
1478 4055 1520 4107 si
1550 4054 1681 4125 forte

128 4132 336 4198 aliquis
385 4124 569 4196 potens
599 4127 777 4198 volens
820 4136 869 4181 te
895 4125 1288 4198 adinjustitiam
1329 4125 1553 4198 aliquant
1579 4124 1677 4198 im_-

130 4194 618 4269 pellam—aliquod
654 4206 919 4248 terrenum
955 4196 1153 4269 lucrum
1196 4195 1569 4269 magnum__tibi
1602 4194 1679 4245 of-
1710 4260 1713 4263 Α

131 4262 278 4330 ῖέτι,
337 4267 427 4319 scd
462 4262 513 4318 ιιι
542 4282 573 4319 e
601 4275 783 4318 contra
829 4264 1040 4316 attende
1092 4263 1365 4315 Dominum
1420 4262 1675 4317 dicentem

133 4340 265 4392 tibi:
294 4337 457 4400 Quam
475 4335 905 4386 commutationem
929 4335 1063 4385 dabit
1082 4334 1339 4399 homopro
1360 4335 1523 4383 anima
1546 4336 1679 4387 sua."

130 4418 228 4460 aut
268 4412 391 4475 quid
418 4409 614 4472 prodest
660 4403 849 4454 homini
894 4405 1120 4475 sitatam
1168 4405 1408 4475 mundum
1438 4407 1675 4475 lucretur,

130 4471 331 4529 animi}:
382 4471 495 4527 vero
542 4476 889 4524 detrimentum
937 4473 1198 4539 patiatur?
1237 4471 1297 4522 Et
1352 4472 1472 4521 item
1525 4472 1677 4538 :l‘lgo

1775 1919 1864 1968 per
1895 1911 1958 1956 te‘
1984 1907 2151 1955 solum
2184 1906 2271 1967 lit,
2334 1904 2453 1971 quia
2482 1904 2535 1956 lit
2568 1919 2653 1970 per
2684 1907 2899 1972 gratiam
2942 1921 3097 1971 quam
3146 1922 3301 1961 nemo

1771 1981 1945 2040 potest
1972 1972 2115 2036 dare,
2153 1984 2342 2040 prteter
2371 1984 2419 2025 te
2446 1977 2631 2025 solum.

1838 2042 1993 2097 .Rivos
2024 2044 2133 2111 ejus
2176 2042 2383 2095 iurbria.
2425 2042 2580 2106 Quasi
2609 2042 2747 2095 dicat
2787 2060 2799 2095 :
2837 2043 2987 2095 Bonis
3016 2043 3307 2111 principiis,

1775 2112 2012 2175 Domine,
2066 2114 2228 2165 bonos
2257 2115 2425 2166 exitus
2451 2111 2609 2179 jnuge
2630 2155 2643 2179 ,
2698 2114 2933 2177 scilicet,
2964 2114 3148 2165 inebria
3180 2114 3308 2166 rivos

1770 2183 1881 2247 ejus
1914 2192 2083 2234 teme.
2135 2182 2247 2233 ltivi
2278 2184 2483 2250 proprie
2512 2186 2639 2236 sulci
2684 2195 2801 2235 sunt
2832 2182 2881 2235 iu
2916 2196 3050 2235 terra
3074 2224 3087 2247 ,
3123 2183 3309 2249 quibus

1774 2265 1904 2321 aqua
1937 2261 2129 2303 manat.
2191 2254 2283 2305 llic
2325 2263 2496 2305 autem
2532 2268 2620 2318 per
2652 2255 2789 2306 rivus
2835 2254 3061 2321 intclligc
3092 2267 3309 2317 capaces
3363 2258 3366 2262 λ

1774 2320 1957 2371 valida:
1987 2322 2256 2373 doctrinm.
2291 2324 2352 2373 l‘It
2378 2332 2455 2373 est
2480 2324 2654 2374 dicere
2688 2339 2699 2374 :
2730 2320 3032 2386 Scindatur,
3067 2323 3301 2384 Domine,

1775 2389 1967 2440 duritia
2001 2392 2173 2441 cordis
2213 2405 2389 2442 eorum
2424 2406 2634 2443 vomere
2667 2392 2807 2442 verbi
2851 2394 2921 2441 tui
2950 2431 2964 2453 ,
3024 2402 3078 2443 ut
3109 2393 3230 2444 fiant
3260 2391 3308 2442 in

1775 2459 1849 2511 cis
1876 2460 2005 2520 rivi,
2057 2475 2146 2524 per
2174 2475 2301 2521 quos
2323 2474 2468 2525 aqua:
2498 2462 2629 2511 viva:
2676 2462 2736 2511 ad
2769 2462 2896 2511 alios
2936 2462 3201 2525 defluant;
3256 2472 3308 2512 et

1778 2531 1873 2579 huc
1906 2533 2058 2580 modo
2089 2528 2368 2592 multiplica
2401 2531 2681 2597 genimina,
2731 2529 2777 2581 itl
2810 2540 2889 2582 est
2910 2572 2920 2589 ,
2946 2534 3307 2593 generationes

1779 2601 1886 2664 ejus
1917 2608 2097 2662 terrm,
2139 2600 2335 2651 scilicet
2365 2641 2376 2659 ,
2433 2610 2484 2651 ut
2517 2616 2604 2664 per
2638 2600 2887 2667 quasdam
2918 2602 3189 2652 credentes
3216 2598 3306 2651 alii

1776 2668 2050 2719 credentes
2082 2672 2222 2733 tiant,
2256 2677 2308 2721 et
2335 2683 2424 2734 per
2450 2670 2563 2721 illos
2589 2671 2695 2729 alii,
2734 2681 2786 2721 ut
2812 2672 2885 2721 sic
2910 2685 3151 2721 uumcttts
3180 2668 3305 2721 lide-

1778 2737 1900 2788 lium
1931 2747 2210 2800 augeatur;
2243 2746 2295 2790 ct
2324 2754 2443 2791 vere
2476 2742 2540 2788 ita
2573 2738 2747 2800 facias,
2775 2740 2993 2802 scilicet,
3029 2740 3166 2791 rivos
3196 2736 3310 2806 ejus

1778 2806 2060 2885 iucbriabis
2085 2846 2098 2868 ,
2150 2810 2290 2885 quia_
2312 2810 2466 2885 etiam
2498 2810 2799 2885 germinans,
2825 2810 2894 2885 _id
2938 2820 3037 2885 est,
3076 2809 3307 2885 quisquis

1778 2877 1996 2929 credere
2028 2893 2160 2928 nunc
2192 2877 2443 2943 incipiens
2469 2918 2482 2939 ,
2543 2878 2789 2929 (tutabitur
2820 2880 2868 2928 in
2900 2880 3164 2930 sttllicm’iis
3202 2877 3308 2941 eius

1780 2946 2027 3005 fluminis,
2060 2947 2273 3009 scilicet,
2322 2946 2463 2997 rivos
2490 2946 2601 3013 eius
2633 2949 2956 3007 inebriantis;
2993 2964 3079 3012 per
3112 2948 3311 2999 Stitlici-

1780 3014 1860 3065 dia
1893 3023 2066 3067 autem
2101 3017 2322 3069 lactcam
2345 3016 2633 3067 doctrinam
2658 3055 2671 3079 ,
2702 3027 2897 3080 aptam,
2929 3018 3073 3067 scilic
3112 3026 3160 3077 ι,
3196 3031 3312 3080 pra-

1778 3084 1857 3134 vis
1884 3088 2077 3150 accipe,
2130 3086 2193 3136 de
2222 3099 2321 3151 qua
2350 3086 2630 3149 Apostolus
2666 3103 2675 3139 :
2714 3083 2826 3136 Non
2854 3087 2989 3149 potui
3030 3085 3160 3136 vobis
3192 3096 3307 3134 tan-

1780 3168 1930 3218 quam
1957 3154 2333 3219 spiritualibns,
2377 3156 2463 3205 sed
2484 3162 2719 3221 tanquam
2748 3154 3063 3215 carnalibus,
3103 3164 3148 3204 et
3171 3156 3312 3220 quasi

1786 3225 2007 3287 parvulis
2038 3224 2087 3274 in
2115 3222 2310 3275 Christo
2334 3224 2409 3274 lac
2438 3224 2569 3275 vobis
2598 3234 2767 3292 potum
2791 3225 2901 3275 (Icili
2928 3265 2941 3287 ,
2997 3239 3094 3274 non
3124 3236 3308 3277 escam.

1782 3292 1926 3345 Sicut
1953 3296 2088 3346 enim
2116 3296 2303 3360 aliquis
2339 3293 2527 3359 plantat
2546 3296 2590 3344 ia
2619 3310 2707 3345 sua
2757 3296 2926 3356 rigans
2949 3335 2962 3355 ,
2998 3293 3305 3357 quibusdam

1780 3364 2003 3423 scilicet,
2037 3379 2150 3427 qua:
2171 3362 2276 3428 jam
2307 3364 2505 3415 radices
2530 3363 2737 3414 fut-runt
2767 3364 2906 3415 rivos
2938 3365 3165 3430 inducit,
3194 3362 3312 3417 aliis

1783 3440 1977 3482 tantum
2002 3432 2245 3483 stillando
2275 3432 2541 3484 humorem
2571 3434 2787 3485 infundit
2815 3473 2828 3495 ,
2873 3436 2947 3485 sic
2981 3436 3117 3485 Deus
3146 3433 3315 3486 miuo-

1782 3515 1868 3552 res
1898 3502 2171 3554 credentes
2200 3503 2333 3555 lacte
2361 3503 2543 3562 nutrit,
2576 3503 2805 3568 tilajnres
2840 3518 2963 3553 νυνι)
3003 3504 3149 3567 quasi
3183 3518 3316 3568 pane

1779 3570 1861 3623 vel
1890 3570 2056 3622 valida
2083 3569 2321 3623 doctrina
2351 3572 2529 3636 pascit.
2580 3572 2757 3640 Potest
2788 3575 2942 3622 etiam
2990 3574 3055 3623 ita
3091 3574 3187 3640 legi
3215 3574 3313 3624 iste

1778 3653 1962 3693 versus
1986 3678 2000 3701 ,
2052 3649 2109 3692 ut
2136 3640 2248 3707 ejus
2288 3654 2493 3703 semper
2521 3640 2585 3692 ad
2614 3639 2804 3693 llutnen
2837 3644 3091 3692 referatur
3115 3683 3127 3702 ,
3148 3639 3154 3640 7
3179 3651 3229 3694 et
3258 3653 3316 3693 ut

1782 3720 1953 3777 partes
1982 3710 2092 3777 ejus
2122 3708 2347 3762 fluminis
2374 3708 2469 3761 rivi
2497 3719 2548 3763 et
2568 3711 2868 3775 germinans
2893 3708 3230 3775 accipiantur,
3259 3723 3315 3763 et

1782 3794 1872 3844 per
1905 3780 2043 3831 rivos
2068 3778 2441 3847 intelligantur,
2496 3792 2551 3831 ut
2577 3779 2626 3830 iu
2653 3779 2750 3832 alia
2779 3781 3033 3832 sententia
3066 3782 3307 3845 capacio-

1781 3862 1885 3911 res;
1928 3862 2019 3913 per
2048 3850 2426 3915 germinantem
2462 3864 2585 3900 vero
2609 3849 2777 3900 minus
2797 3864 3015 3915 capaces
3040 3889 3053 3914 ,
3092 3850 3139 3901 iit
3178 3862 3309 3915 quos

1779 3917 2011 3969 doctrina
2045 3918 2211 3969 adhuc
2233 3918 2297 3967 ab
2320 3916 2432 3969 aliis
2460 3916 2755 3969 instillatur.

1850 3987 2118 4039 Bcnedices
2142 4000 2336 4038 coram
2365 3988 2484 4039 anni
2521 3986 2837 4054 benignitatis
2867 3996 2983 4040 tuac.
3016 3988 3151 4039 Istud
3185 4001 3310 4054 quo-

1783 4060 2145 4120 modoeunque
2176 4057 2298 4107 illud
2325 4055 2547 4108 Variatur
2572 4099 2585 4121 ,
2618 4056 2801 4109 eodem
2832 4060 2986 4109 modo
3017 4057 3268 4109 beucttices
3291 4100 3307 4124 ,

1782 4127 1829 4178 id
1878 4133 1987 4189 est,
2038 4136 2370 4188 augmentum
2417 4126 2563 4177 dabis
2590 4140 2821 4189 corona},
2880 4129 2925 4177 id
2973 4138 3090 4185 εδι,
3131 4128 3311 4193 gloria:

1780 4196 1896 4246 anni
1926 4195 2240 4261 benignitatis
2266 4236 2278 4259 ,
2314 4196 2360 4247 id
2389 4204 2496 4257 est,
2550 4193 2827 4246 fertilitatis
2855 4205 2969 4247 tuaz.
3021 4195 3147 4246 Cum
3180 4195 3310 4249 dicit

1780 4281 2051 4326 coronam,
2087 4266 2313 4329 iutellige
2345 4264 2570 4315 vietoria:
2616 4264 2853 4329 gloriam.
2902 4267 3302 4317 (iurenabantur

1780 4338 1914 4389 enim
1945 4336 2165 4386 victores
2188 4335 2248 4385 ad
2270 4334 2506 4400 gloriam,
2536 4340 2588 4385 ct
2618 4333 2732 4386 idco
2756 4350 2947 4387 corona
2980 4336 3183 4401 punitur
3216 4350 3307 4400 pro

1778 4407 1937 4473 gloria
1962 4421 1975 4467 ;
2002 4404 2250 4470 benignus
2275 4418 2393 4455 vero
2417 4412 2495 4455 est
2516 4418 2700 4463 annus,
2730 4404 2910 4457 fertilis
2939 4420 3122 4457 annus.
3147 4406 3304 4457 lucu:-

1784 4477 1853 4541 pit
1874 4483 2043 4525 autem
2073 4474 2167 4527 iste
2191 4473 2371 4525 fertilis
2394 4488 2560 4524 annus
2579 4472 2645 4523 de
2673 4488 2774 4539 quo
2804 4484 2971 4539 agtur
2992 4474 3041 4525 in
3076 4477 3300 4527 secunla

135 4550 342 4599 bonum
372 4555 551 4607 tuum,
602 4557 698 4608 ego
727 4533 1086 4603 divitim'luw,
1138 4557 1237 4591 non
1269 4540 1529 4603 mundus;
1578 4533 1675 4607 ego
1708 4533 1753 4590 Ι)
1782 4533 2143 4595 seminatione.
2204 4543 2325 4594 Dote
2365 4544 2502 4594 enim
2552 4533 2703 4592 facte
2745 4533 2864 4592 suui
2913 4545 3304 4595 seminationes.

135 4616 396 4682 promitto
445 4622 669 4682 tulerim,
724 4619 945 4663 mundus
984 4610 1330 4682 transitot‘ia._
1462 4614 1673 4682 attende

133 4678 256 4736 inec
287 4692 343 4736 et
368 4680 551 4732 simzlia
579 4720 593 4743 ,
644 4696 746 4731 non
773 4683 870 4732 erit
901 4681 988 4730 tibi
1017 4695 1171 4745 grave
1195 4719 1209 4742 ,
1242 4678 1335 4730 sed
1364 4680 1677 4733 delectabile

135 4756 347 4806 lucrum
396 4751 517 4801 illud
560 4756 928 4811 contemnere;
980 4750 1021 4798 si
1054 4764 1175 4799 vero
1219 4748 1305 4799 ille
1335 4746 1508 4799 videns
1554 4764 1675 4814 pro-

132 4836 305 4874 missa
335 4818 458 4872 nihil
483 4819 675 4879 valere,
709 4822 860 4870 minis
884 4827 935 4869 et
965 4817 1129 4881 pinnis
1154 4818 1411 4882 aliquibus
1434 4827 1597 4870 tentet
1627 4829 1675 4872 te

134 4906 393 4953 \ttuccrc,
441 4888 654 4942 attende
685 4889 780 4939 hoc
812 4890 860 4939 ili
891 4889 1046 4937 corde
1090 4894 1173 4937 lttu
1206 4903 1216 4935 :
1256 4886 1500 4938 Domitius
1530 4904 1675 4941 tueus

138 4962 385 5027 praecipit
413 4959 534 5011 lltllll
570 4976 583 5009 :
616 4956 783 5009 Nolite
811 4960 978 5008 timere
1006 4972 1086 5006 eos
1108 4956 1189 5021 qui
1218 4970 1403 5027 corpus
1422 4958 1671 5023 occidunt,

138 5024 372 5081 ultimam
415 5039 578 5080 autent
609 5044 706 5079 non
740 5036 947 5093 possunt
975 5027 1217 5077 accedere.
1250 5028 1310 5076 Et
1338 5024 1488 5075 etiam
1522 5043 1674 5079 secu-

138 5102 354 5150 ritatem
384 5098 449 5152 dc
477 5112 696 5163 corpore
728 5096 979 5161 promittit
1010 5094 1130 5144 milii
1164 5094 1339 5146 nicens
1374 5110 1385 5142 :
1422 5095 1487 5141 lat
1515 5098 1677 5158 tapit-

140 5174 223 5219 lus
254 5170 318 5216 de
344 5170 505 5234 cuptle
534 5179 698 5217 nostra
720 5180 818 5215 non
846 5165 1252 5234 poribusguare
1280 5164 1411 5234 hunc
1437 5177 1540 5213 non
1573 5167 1676 5215 lor-

140 5236 377 5287 midalm.
404 5230 557 5298 'Quid
609 5234 743 5286 enim
774 5234 964 5301 poterit
994 5230 1118 5281 milii
1166 5232 1333 5283 facere
1366 5232 1484 5293 iste,
1535 5234 1673 5299 quud

142 5306 403 5358 ltotninus
434 5319 579 5355 meus
610 5305 749 5369 prior
782 5319 881 5352 nou
914 5315 1092 5368 passm
1123 5301 1225 5351 sit?
1273 5301 1494 5352 Attende
1518 5311 1674 5354 etiam

142 5376 317 5427 multa
341 5373 554 5433 similia,
579 5368 628 5421 et
656 5374 732 5421 sic
761 5372 1076 5422 dctectabdis
1104 5371 1203 5419 erit
1231 5372 1318 5420 tibi
1342 5370 1633 5421 adversztas
1659 5368 1727 5435 ,εί

142 5460 305 5510 quam
334 5445 419 5494 ille
444 5444 667 5494 minatur
683 5452 1035 5510 contemnere.
1065 5437 1561 5510 Designaturauteni
1586 5458 1675 5505 per

142 5506 466 5565 litatutinum
493 5509 810 5577 proSperitas
833 5546 847 5567 ,
890 5519 1098 5574 preptcr
1130 5510 1257 5558 lucis
1290 5506 1515 5559 Ιιιξιίιιυιιι
1540 5549 1553 5571 ,
1589 5524 1676 5575 per

143 5597 429 5663 vesperum
467 5595 585 5631 vero
616 5582 925 5639 adversitas,
970 5578 1360 5663 propternnctis
1384 5580 1673 5629 tristitiam.

222 5646 450 5705 Visitasti
479 5660 658 5700 tcrram
689 5660 730 5697 et
756 5649 1023 5697 inebriusti.
1067 5646 1193 5707 lloc,
1227 5646 1453 5712 inquam,
1488 5648 1640 5699 modo
1660 5686 1673 5709 ,

133 5720 511 5776 delectabilem
559 5720 713 5770 lactes
743 5732 818 5767 eis
868 5725 1120 5766 matutino
1167 5726 1519 5779 contemptum
1550 5757 1562 5780 ,
1624 5726 1678 5770 et

134 5792 381 5861 vesperi,
427 5789 543 5857 quia
578 5788 782 5839 riaitooti
826 5788 932 5854 iam
961 5784 1300 5851 dispositione
1332 5800 1423 5853 per
1455 5788 1671 5855 gratiam

1780 4612 2006 4663 Primum
2030 4612 2412 4663 seminaverunt
2434 4611 2695 4675 propheta!
2713 4610 2761 4661 in
2781 4612 2909 4662 solis
2934 4611 3144 4673 Judazis,
3173 4615 3305 4678 quod

1776 4682 1991 4746 apostoli
2012 4689 2351 4743 messueruut,
2372 4680 2489 4745 quia
2519 4693 2607 4743 per
2630 4680 2916 4731 doctrinam
2939 4684 3301 4746 pr0ptietarmn

1775 4752 1939 4803 sancti
1983 4752 2199 4816 apostoli
2240 4751 2469 4802 instructi
2494 4760 2628 4799 sunt.
2658 4747 2801 4802 Unde
2835 4750 3027 4801 diettnn
3060 4760 3137 4800 est
3172 4750 3311 4799 :Alii

1776 4820 2139 4873 laboraverunt.
2163 4820 2249 4871 al.i
2273 4828 2591 4870 messuerunt.
2616 4818 2807 4870 Deinde
2832 4829 3001 4870 autem
3024 4819 3147 4869 illud
3174 4818 3311 4869 idem

1777 4905 1951 4943 semen
1987 4892 2304 4955 purificatum
2333 4889 2559 4940 secundo
2589 4890 2901 4939 seminatuni
2934 4898 3015 4939 est
3043 4890 3089 4937 in
3122 4901 3305 4940 ouiucs

1776 4973 1955 5027 gentes
1984 4960 2046 5008 ab
2070 4959 2337 5023 aposmlis,
2363 4972 2519 5023 super
2546 4958 2679 5023 quod
2716 4957 2953 5007 inimicus
2980 4958 3134 5008 homo
3165 4957 3304 5009 ziza-

1777 5030 1859 5080 nia
1889 5028 2182 5087 seminavit,
2214 5029 2333 5092 quia
2377 5032 2564 5080 multas
2596 5027 2867 5077 tuerericas
2896 5027 3164 5091 doctrinas
3194 5028 3305 5078 dia-

1777 5096 1929 5149 bolus
1955 5096 2334 5161 superiuduxit.
2371 5098 2432 5148 Et
2479 5097 2527 5145 iu
2565 5095 2659 5143 hac
2710 5097 2931 5146 secunda
2963 5096 3311 5149 seminatione

1777 5166 1935 5231 coapit
1963 5179 2128 5217 anuus
2156 5166 2438 5217 fertiiitatis
2489 5167 2623 5213 illius
2657 5206 2670 5224 ,
2721 5168 2783 5215 de
2825 5179 2921 5231 qua
2954 5165 3146 5216 dictum
3176 5172 3258 5217 est
3289 5182 3305 5217 ;

1778 5232 1989 5296 LtL’ture,
2021 5235 2200 5284 sterilis
2234 5276 2247 5299 ,
2299 5249 2407 5299 qua:
2454 5250 2551 5283 non
2583 5234 2737 5294 puris,
2765 5242 2817 5285 ct
2840 5243 3026 5285 cetera
3058 5253 3069 5295 ;
3100 5235 3317 5287 duratur

1778 5317 1938 5369 usque
1967 5307 2014 5354 in
2050 5305 2200 5353 tinem
2227 5302 2427 5353 smcuii.
2457 5304 2759 5364 llettcdtces,
2787 5304 3014 5366 inquam,
3042 5313 3107 5362 et,
3137 5312 3186 5353 te
3218 5303 3310 5355 be-

1776 5375 2068 5433 nediceute,
2099 5374 2262 5435 campi
2307 5376 2401 5431 tui,
2441 5374 2487 5422 id
2520 5383 2599 5423 est
2628 5414 2641 5434 ,
2678 5372 2897 5422 humiles
2952 5375 3055 5433 tui,
3108 5371 3154 5420 id
3205 5382 3305 5432 est,

1777 5441 2064 5501 credentes,
2090 5442 2411 5503 replcbunlur
2439 5443 2616 5501 verbo,
2643 5441 2689 5490 id
2721 5450 2799 5491 est
2831 5480 2843 5502 ,
2883 5444 3020 5494 omni
3056 5450 3307 5491 Virtutum

1778 5510 2122 5575 plenitudine.
2156 5510 2219 5560 Et
2250 5511 2345 5559 lioc
2378 5511 2586 5573 HirpiCil
2628 5509 2688 5559 ad
2734 5510 2955 5561 humiles
2993 5512 3055 5559 de
3096 5508 3310 5559 indicis.

1778 5576 2105 5645 l’ingnescmtt
2146 5582 2367 5645 speciosa
2392 5584 2590 5640 deserti,
2618 5580 2666 5629 id
2690 5591 2790 5642 est,
2821 5580 2975 5631 corda
3003 5576 3309 5643 gentilitatis

1778 5650 1919 5714 prius
1949 5649 2181 5714 squalida
2215 5648 2445 5697 sentibus
2472 5662 2548 5713 pc-
2568 5664 2596 5698 c
2616 5648 2822 5707 tttfrum,
2862 5649 3012 5699 modo
3037 5646 3166 5695 facta
3192 5662 3311 5709 θυαε

1776 5732 1914 5767 eiusa
1939 5727 2245 5768 ornamento
2272 5717 2535 5774 virtutum,
2566 5718 2900 5783 pinguescunt
2926 5732 2973 5764 ιιι
3006 5717 3154 5765 hortis
3178 5734 3307 5777 ope-

1780 5785 1920 5839 ribus
1943 5803 1953 5851 ;
1980 5796 2023 5836 ct
2056 5787 2168 5840 idco
2191 5782 2367 5850 collrs,
2412 5787 2459 5839 td
2487 5797 2564 5841 est
2593 5825 2607 5850 ,
2660 5788 2855 5851 pta-lati
2913 5800 3087 5837 corum
3136 5788 3299 5837 acria.
