3898 6226
160 352 271 414 εἳδ

884 359 950 414 ΙΝ
991 360 1404 417 PSALMORUM
1447 356 1696 412 LIBRUM
1741 355 2090 411 EXEGESIS.
2134 383 2198 395 —-
2240 353 2484 411 PSALH.
2528 353 2708 411 LXVI.

3260 353 3364 410 8'26

165 471 498 541 lniquita'em
522 490 618 524 nou
638 473 872 537 aspexiin
897 474 1042 525 corde
1065 489 1190 524 meo.
1216 473 1341 525 Nam
1366 472 1531 537 (quasi
1556 469 1719 536 dicat)
1751 471 1799 526 Α
1828 467 2053 541 bonis-et
2081 467 2253 541 malis,
2293 477 2345 520 et
2387 468 2619 520 aufertur
2657 467 2807 520 bouis
2837 477 2890 522 ct
2910 469 3088 541 malis.
3132 471 3186 524 Si
3214 473 3356 526 enim

161 542 210 594 si
235 546 433 610 aspexi,
465 560 564 596 non
586 543 748 595 Deutu
771 545 1015 601 exaltavi,
1038 554 1089 594 et
1112 543 1226 593 ideo
1251 559 1347 592 non
1371 542 1604 592 exaudiet
1631 557 1713 591 me

163 610 460 673 Dominus;
507 612 624 678 quia
671 623 842 664 autem
875 628 976 664 non
1008 615 1208 676 aspexi,
1257 621 1514 678 propterea
1561 628 1716 662 eran-

165 684 294 734 divit
339 698 422 735 me
455 681 701 734 Dominus
747 683 809 732 ad
862 682 1030 747 ipsum
1078 686 1412 733 c'auta-‘teot.
1485 680 1544 731 Et
1597 696 1716 730 vere

165 753 459 812 exaudivit,
491 753 611 817 quia
651 752 861 801 attendit
911 752 1015 802 voci
1064 751 1431 814 dzprecatiunis
1476 764 1618 809 tuear,
1668 749 1714 798 id

163 831 274 881 est,
321 822 525 874 inteuse
564 821 920 886 deprecatioui
973 837 1102 872 mea:
1152 834 1242 885 pro
1291 822 1513 884 peccatis
1546 818 1714 868 lactzu.

163 887 326 943 Unde
371 891 656 942 benedictus
699 891 765 941 sit
807 890 1080 952 Dominus,
1111 899 1160 941 et
1191 891 1381 953 repetit
1412 893 1572 950 unde,
1599 890 1719 949 quia

166 975 272 1011 non
302 962 483 1012 antovit
507 959 782 1010 orationem
812 975 971 1011 meam
1001 975 1093 1024 pro
1116 959 1504 1025 perseverantia
1531 957 1716 1008 lactant

167 1044 198 1078 ιι
234 1045 313 1091 se,
348 1042 397 1082 et
429 1030 826 1081 misericordiam
872 1045 1011 1080 suam
1058 1029 1197 1079 circa
1230 1035 1528 1093 utrumque,
1578 1025 1721 1076 scili-

166 1108 278 1162 cet,
297 1101 438 1152 circa
463 1098 904 1163 deprecationem,
927 1109 974 1149 et
999 1098 1132 1149 circa
1157 1096 1448 1148 oralionem
1471 1111 1570 1147 non
1590 1109 1726 1145 amo-

168 1168 294 1221 vita
313 1185 412 1233 me,
431 1169 547 1237 quia
570 1178 624 1222 et
641 1178 852 1235 peccata
876 1168 1093 1222 remisit.
1119 1178 1170 1217 et
1191 1168 1539 1218 constantiam
1560 1163 1722 1216 dedit.

633 1260 694 1314 IN
736 1259 1046 1315 PSALMUH
1093 1255 1266 1312 LXVI.

309 1355 366 1410 lu
400 1355 577 1419 linem,
606 1353 655 1407 in
687 1354 895 1423 hymnis
925 1353 1155 1419 psalmus
1185 1349 1372 1404 cantici
1409 1349 1595 1402 David.

769 1457 1140 1498 ARGUIENTUM.

245 1534 364 1589 Hoc
401 1549 607 1602 quoque
650 1535 882 1586 carmine
927 1533 1123 1586 reditus
1166 1531 1339 1597 populi
1372 1547 1433 1586 ex
1466 1531 1731 1599 Babylone

173 1605 504 1669 pra-dicitur,
529 1601 588 1657 in
623 1620 725 1670 quo
761 1605 944 1657 iisdem
983 1601 1155 1653 verbis
1192 1616 1519 1654 revt-rsontm
1549 1601 1732 1654 alat-ri-

173 1686 256 1726 tas
290 1676 576 1738 indicatur,
605 1675 796 1739 quibus
819 1683 874 1724 ut
901 1673 1202 1725 sacerdotes
1233 1672 1422 1739 populo
1453 1672 1731 1725 benedice-

173 1753 316 1806 rent,
350 1746 463 1813 lege
490 1747 741 1810 scriptum
767 1753 866 1795 est.

807 1847 1148 1887 EXPLLNATID.

251 1927 490 1995 Hymnus
520 1939 564 1979 et
589 1927 834 1978 cant‘cum
875 1925 1216 1977 laudationem
1260 1922 1569 1989 signiﬁcant,
1620 1936 1733 1995 qua:

175 2007 233 2047 ut
266 1994 482 2048 Domino
511 2005 704 2048 tantum
728 1995 924 2049 Christo
958 1995 1077 2046 data
1114 2003 1430 2054 monstretur,
1473 1994 1736 2062 prtemitti-

175 2077 263 2117 tur
291 2067 345 2118 in
389 2067 567 2121 linem.
616 2065 739 2118 Post
778 2067 1027 2117 canticum
1073 2065 1448 2116 resurrectionis
1491 2063 1736 2132 praphela

175 2139 483 2203 deprecatur
511 2146 563 2188 ut
591 2136 834 2189 benedicti
861 2137 925 2187 ad
957 2135 1537 2198 divinantcognitionem
1577 2133 1738 2184 dedu-

173 2221 383 2267 cantur,
412 2205 479 2256 ad
506 2222 653 2272 quam
680 2215 848 2257 nostra
885 2220 983 2255 non
1012 2212 1218 2271 possunt
1250 2204 1424 2253 merita
1459 2203 1733 2266 pervenire.

179 2273 368 2326 Prima
409 2290 526 2341 ergo
569 2284 732 2338 parte,
783 2274 1015 2339 ﬁdelibus
1047 2276 1271 2339 loquens,
1302 2275 1550 2340 supplicat
1579 2282 1629 2322 ut
1657 2273 1739 2323 be-

178 2344 351 2395 nedici
395 2359 508 2394 cum
551 2345 670 2409 ipsis
702 2355 950 2394 mirentur
993 2360 1023 2394 a
1054 2341 1285 2398 Domino.
1331 2352 1572 2405 quatenus
1618 2342 1740 2392 illu-

178 2414 365 2463 minari
415 2413 562 2465 Corde
587 2415 637 2463 in
666 2413 854 2465 (unctis
892 2411 1118 2478 gentibus
1167 2410 1422 2462 Christum
1470 2410 1740 2462 Dominum

178 2483 567 2547 pnzdicandum
615 2499 724 2535 esse
770 2491 1089 2549 cognoscant.
1146 2479 1339 2531 Deinde
1387 2495 1645 2531 conversos
1674 2482 1740 2532 ad

181 2549 465 2605 Dominum
509 2553 784 2620 praphetire
829 2552 1062 2615 spiritum
1107 2549 1446 2614 confitendum
1494 2550 1740 2620 illiillic“

180 2637 214 2671 α
266 2619 515 2686 populis,
545 2624 662 2684 quia
710 2631 876 2685 gentes
911 2623 1107 2687 judicat
1163 2619 1215 2670 in
1264 2619 1516 2686 aquitate.
1576 2619 1742 2671 Terio

183 2692 428 2744 eumdem
473 2706 662 2742 versum
694 2692 889 2756 repetit,
921 2707 1066 2758 quem
1092 2690 1317 2752 superius
1363 2690 1511 2751 dixit,
1555 2690 1644 2739 hoc
1691 2692 1742 2742 in

185 2769 490 2827 mysterium
527 2762 791 2828 atljiciims,
829 2761 945 2826 quin
996 2764 1209 2827 fructum
1255 2775 1399 2810 suum
1456 2772 1589 2811 terra
1632 2762 1742 2826 jam

187 2831 427 2899 protulit,
458 2840 502 2881 ct
530 2831 639 2883 ideo
682 2831 992 2899 frequentata
1024 2829 1167 2881 verbo
1198 2833 1414 2898 postulat
1447 2846 1535 2881 nos
1566 2830 1743 2882 debere

187 2898 438 2950 benedici.

768 2983 1182 3022 COMMENTARIUS.

263 3035 408 3088 Deus
429 3039 719 3091 misereatur
741 3041 919 3098 nostri,
945 3050 988 3097 et
1018 3040 1274 3090 benedimt
1295 3039 1454 3090 nobis.
1487 3037 1548 3090 In
1572 3040 1739 3104 ﬁnem,

187 3107 240 3159 in
274 3109 478 3173 hymnis
505 3107 725 3172 psalmus
749 3109 932 3160 cantici
959 3108 1140 3162 David.
1164 3108 1366 3162 Oratio.
1394 3109 1548 3160 David
1575 3111 1737 3162 sancti

187 3177 291 3229 viri
327 3177 396 3229 de
426 3176 686 3242 primitivo
718 3180 904 3245 populo
944 3178 1272 3245 patriarchae,
1306 3179 1416 3231 sive
1448 3178 1734 3245 prophetze,

186 3247 305 3298 sive
344 3248 504 3298 etiam
531 3248 694 3298 sancti
725 3248 965 3313 apostoli,
1010 3248 1340 3313 providentes
1372 3265 1460 3312 per
1489 3248 1738 3312 Spiritum

187 3325 436 3366 sanctum
479 3315 700 3368 futuram
731 3331 848 3369 esse
876 3320 1394 3384 concorporationcm
1439 3317 1736 3369 .Iudaiormo

186 3394 242 3436 et
287 3385 547 3450 gentium,
577 3394 629 3438 et
661 3387 898 3452 utrisque
945 3385 1428 3438 conuouoicamlato
1474 3387 1735 3452 cvangeli-

186 3469 308 3506 cam
351 3456 591 3520 gratiam,
642 3465 692 3507 et
743 3457 1143 3509 resurrectionis
1193 3457 1436 3518 gloriam,
1489 3465 1640 3506 Orant
1687 3457 1736 3508 in

186 3521 292 3575 hoc
327 3525 548 3589 psalmo,
586 3534 638 3575 ut
664 3539 753 3586 per
786 3533 948 3575 totum
979 3528 1157 3577 orbem
1190 3526 1290 3578 ill-.r
1321 3527 1432 3575 alia:
1464 3540 1586 3575 oves
1617 3526 1736 3576 illit-

184 3593 462 3662 mioentor
487 3595 626 3645 vultu
661 3593 749 3646 [)ci
778 3608 931 3658 super
956 3609 1069 3657 eas,
1095 3596 1178 3662 qui
1210 3595 1257 3646 iu
1286 3594 1362 3646 eis
1388 3605 1596 3660 propter
1628 3594 1736 3645 ido-

187 3661 456 3715 lolatriam
491 3664 716 3716 maxime
752 3665 1059 3716 obscuratus
1096 3666 1281 3724 fuerat,
1316 3664 1365 3716 in
1397 3679 1552 3714 unum
1582 3664 1732 3729 quid-

185 3729 312 3781 dam
339 3741 707 3797 aggregentur,
744 3742 795 3784 ct
825 3732 948 3784 liaut
976 3749 1132 3784 unum
1164 3735 1326 3795 ovile,
1355 3733 1472 3798 quia
1502 3742 1579 3784 est
1606 3749 1736 3785 unus

187 3810 391 3876 pastor.
431 3801 492 3851 Et
525 3801 759 3876 hort'atur
803 3817 894 3852 nos
945 3819 1045 3854 non
1090 3802 1154 3876 de
1202 3803 1279 3876 his
1323 3804 1406 3876 qui
1438 3814 1583 3854 extra
1617 3813 1738 3855 sunt

187 3871 566 3934 tlesoerctnus,
618 3871 707 3922 sed
758 3885 965 3937 semper
1011 3887 1101 3937 pro
1131 3872 1255 3936 ipsis
1287 3882 1341 3924 ιιι
1373 3874 1654 3934 introeant,
1686 3883 1737 3926 ct

188 3940 470 3993 nobiscum
521 3942 658 3992 intus
693 3938 798 3991 sint
842 3955 1073 4001 oremus,
1116 3949 1168 3992 et
1203 3951 1253 3991 ut
1282 3957 1338 3993 se
1365 3942 1449 4006 qui
1483 3943 1558 3992 sic
1586 3952 1736 3994 orant

187 4007 460 4059 imitemur
489 4025 504 4062 :
541 4007 675 4062 Deus
696 4011 986 4061 misereatur
1015 4012 1192 4071 nostri,
1217 4019 1258 4060 et
1292 4011 1547 4062 benedicat
1571 4012 1732 4065 nobis.

185 4075 450 4130 Dominus
477 4088 527 4131 et
559 4079 712 4130 Pater
737 4088 910 4131 noster
939 4093 1062 4131 vere
1093 4080 1317 4146 agricola
1347 4081 1552 4139 dicitur,
1588 4080 1731 4145 juxta

181 4146 325 4218 quod
344 4146 627 4213 Apostolus
657 4155 872 4201 testatur
897 4148 1106 4200 dicens:
1142 4147 1231 4200 Dei
1260 4150 1569 4218 agricultura
1593 4151 1729 4211 estis,

181 4213 284 4267 Dei
333 4218 608 4285 a'diﬁcatio
652 4218 785 4268 estis.
838 4218 949 4284 Ipse
979 4219 1104 4269 colit
1130 4233 1242 4281 nos,
1278 4213 1333 4271 tit
1361 4221 1612 4273 inhabitet
1640 4236 1732 4271 nos

181 4294 436 4351 tanquam
465 4287 742 4340 :udiliciutu
770 4302 940 4348 suum,
991 4297 1043 4339 et
1084 4289 1156 4339 sic
1193 4289 1504 4340 misereatur
1546 4290 1730 4340 nostri.

178 4354 327 4408 Colit
374 4358 531 4408 etiam
581 4372 680 4409 nos
729 4365 967 4422 tanquam
1023 4371 1200 4421 agrum
1251 4372 1437 4418 suum,
1490 4368 1730 4423 tauquam

178 4425 392 4477 vincant
426 4441 599 4489 suam,
633 4436 688 4478 ιιι
716 4430 935 4478 multum
968 4427 1186 4478 fructum
1218 4426 1516 4485 aderamus,
1561 4438 1612 4477 et
1656 4429 1728 4479 sic

180 4492 452 4548 benedicit
499 4497 668 4550 nobis.
719 4495 1002 4548 Cantemus
1052 4512 1173 4562 ergo
1224 4497 1333 4548 ha:c
1385 4498 1429 4548 ei
1485 4507 1728 4562 tauquam

178 4563 437 4629 agricola:
484 4566 803 4631 eoinpluenti
851 4582 966 4627 nos,
1015 4565 1248 4617 dicentes
1298 4581 1391 4616 nos
1434 4582 1536 4617 non
1568 4567 1730 4617 sterili

177 4633 489 4694 devotione,
533 4651 634 4686 nou
682 4635 820 4685 inani
856 4649 1001 4698 voce,
1045 4634 1136 4687 sed
1167 4637 1334 4686 veraci
1367 4635 1526 4687 Corde
1555 4652 1568 4686 :
1600 4634 1732 4686 Deus

177 4701 482 4754 misereatur
504 4704 680 4765 nostri,
714 4703 1049 4755 iuhabitamlo
1075 4719 1189 4764 nos,
1218 4713 1263 4756 et
1290 4705 1541 4755 benedical
1567 4705 1726 4768 nobis,

178 4783 234 4819 ut
269 4775 491 4824 multmn
534 4773 757 4826 fructum
791 4773 1087 4825 all'eramus.
1118 4772 1245 4826 Cum
1285 4776 1418 4827 Deus
1451 4791 1544 4826 nos
1574 4774 1726 4826 bene-

177 4839 308 4891 dicit
337 4843 417 4893 vel
453 4857 549 4895 nos
581 4842 931 4895 benedicimus
977 4842 1161 4907 Dento,
1207 4861 1299 4895 nos
1337 4858 1568 4909 egemus,
1619 4845 1730 4908 ipse

177 4922 310 4962 vero
344 4925 441 4962 nec
471 4913 831 4965 benedictione
872 4922 1047 4966 nostra
1089 4928 1324 4979 augetur,
1371 4931 1465 4965 nec
1513 4915 1729 4966 maledi-

173 4981 356 5030 CIione
381 4979 652 5036 minuitur.
687 4983 786 5037 Sed
825 4983 910 5050 qui
943 4983 987 5034 ei
1021 4984 1304 5044 maledicit,
1340 4983 1425 5036 ille
1458 4985 1723 5046 minuitur,

172 5050 253 5120 sic
285 5050 451 5120 etqni
496 5052 543 5120 ei
593 5052 873 5114 benedicit,
925 5064 1163 5120 augetur.
1212 5052 1270 5104 Et
1316 5063 1394 5105 est
1444 5055 1582 5119 prior
1615 5056 1726 5120 ejus

174 5115 478 5170 bunedicdo
503 5118 552 5171 iu
581 5122 751 5182 nobis,
781 5115 1108 5184 consentiens
1139 5136 1263 5174 vero
1293 5132 1369 5174 cst
1400 5115 1454 5173 ut.
1483 5139 1576 5175 nos
1604 5115 1722 5176 eum

174 5189 571 5240 l-enedicamus.
623 5190 747 5254 I‘Zjus
794 5192 1086 5243 benedictio
1124 5202 1202 5244 est
1233 5192 1376 5258 quasi
1411 5194 1600 5257 pluvia,
1632 5211 1722 5243 no-

171 5268 287 5305 ειη
323 5273 448 5308 vero
480 5270 558 5309 est
594 5261 738 5324 quasi
779 5260 986 5312 ﬂuctus.
1031 5261 1198 5312 Multis
1229 5270 1399 5314 autem
1440 5263 1604 5312 modis
1637 5279 1722 5313 ro-

172 5336 301 5397 gztnt
332 5325 571 5379 homines
611 5328 676 5378 ab
716 5344 780 5379 eo
822 5344 879 5379 se
930 5331 1185 5393 benedici,
1237 5330 1285 5381 id
1333 5343 1428 5389 est,
1480 5332 1721 5397 multipli-

170 5396 300 5445 cari.
361 5398 457 5448 Alii
505 5398 640 5448 enim
692 5397 742 5448 in
791 5399 1041 5460 pecunia,
1092 5402 1176 5451 alii
1231 5400 1278 5450 iu
1335 5401 1577 5462 potentia,
1633 5396 1718 5453 alii

170 5464 464 5535 ingloria,
512 5468 596 5518 alii
656 5466 704 5517 in
761 5466 976 5529 liberis,
1021 5469 1104 5520 alii
1152 5473 1198 5520 in
1251 5469 1422 5535 agris,
1473 5469 1556 5518 alii
1605 5473 1717 5531 sic,

169 5534 257 5582 alii
315 5549 412 5586 sic.
486 5538 548 5587 Et
606 5538 714 5587 hate
763 5535 1052 5585 benedictio
1113 5534 1480 5589 daturietiam
1544 5538 1718 5589 inion-

172 5601 275 5653 τις.
338 5603 430 5654 list
481 5607 730 5657 veroalia
783 5605 1077 5656 benedictio
1126 5623 1239 5672 qua:
1291 5618 1584 5658 reservatur
1632 5627 1717 5658 so-

170 5674 235 5725 lis
283 5674 492 5727 ίιιιιίςεε.
547 5676 634 5725 Illa
685 5686 856 5726 autem
903 5675 1198 5725 benedictio
1250 5677 1547 5745 temporalis
1575 5694 1717 5727 coin-

170 5745 405 5808 mollita:
444 5755 522 5800 est
561 5759 854 5802 Communis
884 5744 1032 5800 bouis
1058 5756 1108 5801 ct
1138 5747 1307 5815 malis,
1339 5744 1460 5814 quia
1492 5747 1640 5800 datur
1666 5759 1716 5803 ut

1819 537 1946 593 solis
1986 537 2134 587 bonis
2163 540 2435 598 darentur,
2468 548 2772 601 putarentur
2803 540 2921 590 mali
2954 539 3114 593 Deum
3155 550 3360 594 tantum

1818 622 1934 662 esse
1965 607 2237 658 colendum
2271 615 2486 672 propter
2512 608 2595 658 illa
2631 605 2782 658 bona.
2817 607 2870 660 Si
2898 610 3037 662 enim
3083 612 3211 662 solis
3254 627 3367 663 rna-

1822 680 1881 731 lis
1913 675 2183 735 darentur,
2226 677 2521 727 dubitarent
2567 678 2755 728 infirmi
2805 678 3044 739 credere,
3097 690 3146 730 et
3189 680 3364 734 adhuc

1822 747 1993 799 minus
2032 758 2250 814 rapaces
2282 747 2424 808 regni
2461 745 2571 806 Dei,
2605 747 2722 812 quia
2757 745 2992 800 timerent
3028 749 3136 799 hare
3163 758 3363 814 teinpo-

1822 816 1948 870 ralia
1980 813 2074 863 sibi
2113 813 2315 865 deesse.
2361 814 2482 864 Item
2511 816 2550 864 si
2587 816 2712 865 solis
2742 815 2888 866 bonis
2918 813 3280 879 aulerrentur,
3309 819 3357 870 id

1823 893 1922 944 est,
1952 883 2105 934 timor
2134 882 2184 933 iu
2215 883 2436 934 intirinis
2467 893 2606 935 esset
2632 899 2644 946 ;
2683 884 2727 936 si
2759 899 2884 937 vero
2923 887 3050 940 solis
3091 888 3239 940 malis
3265 901 3364 939 au-

1828 955 2108 1014 ferrentur,
2158 960 2464 1023 putarentur
2512 967 2571 1004 ea
2621 969 2740 1023 vera
2789 968 2906 1006 esse
2948 960 3098 1017 bona,
3145 971 3364 1023 quorum

1826 1023 2084 1074 ablatione
2129 1021 2479 1085 plecterentur
2533 1021 2696 1084 mali;
2749 1031 2801 1074 et
2855 1024 2969 1075 ideo
3016 1021 3365 1079 communiter

1834 1094 1970 1145 υι-ιιε
2001 1093 2084 1140 dat
2115 1102 2165 1141 et
2194 1091 2363 1141 aul‘ert
2394 1105 2469 1160 ea
2513 1091 2662 1142 bonis
2689 1101 2741 1143 et
2766 1092 2936 1145 malis.
2969 1094 3127 1148 Bonis
3153 1096 3362 1160 quidem

1828 1163 1938 1223 dat,
1968 1168 2022 1209 ut
2051 1161 2352 1212 consoletur
2390 1159 2532 1222 ipsos
2562 1162 2891 1222 itinerautes,
2924 1165 3074 1216 malis
3103 1159 3227 1216 vero
3253 1165 3362 1226 dat,

1832 1241 1885 1282 ut
1932 1243 2023 1300 per
2058 1242 2150 1279 eos
2178 1228 2649 1300 bonasadmooeat
2675 1230 2775 1300 alia
2808 1231 2941 1283 bona
2969 1248 3087 1287 esse
3113 1235 3191 1286 eis
3221 1250 3364 1300 qua:-

1831 1299 2012 1356 remla,
2046 1312 2158 1363 qua:
2190 1312 2288 1348 non
2321 1297 2425 1347 sint
2448 1313 2564 1349 cum
2597 1299 2745 1349 malis
2766 1303 3085 1354 comnumia.
3117 1297 3249 1353 Cum
3274 1304 3366 1354 dat

1831 1384 1891 1422 ea
1921 1368 2091 1426 bouis,
2139 1382 2241 1418 non
2289 1367 2409 1418 imle
2436 1369 2784 1428 extollantur;
2816 1379 2866 1420 ct
2894 1384 3009 1420 cum
3039 1370 3226 1434 aufert,
3260 1386 3362 1424 non

1834 1440 2156 1502 frangantur.
2190 1437 2317 1488 Cum
2349 1435 2457 1497 dat,
2491 1435 2710 1488 habeant
2739 1453 2819 1502 ea,
2852 1453 2953 1490 non
2984 1439 3047 1491 ad
3075 1441 3365 1493 damnatio-

1834 1523 1972 1567 nem,
2013 1507 2103 1557 sed
2132 1505 2194 1556 ad
2225 1505 2665 1559 consolationem.
2698 1506 2799 1561 Iste
2841 1517 3014 1561 autem
3053 1509 3138 1575 qtti
3183 1508 3264 1561 hic
3294 1509 3368 1560 Io-

1795 1597 1799 1601 -
1833 1579 2030 1642 quitur,
2075 1589 2172 1641 qua
2217 1575 2579 1626 benedictione
2623 1577 2686 1627 ab
2713 1592 2774 1628 eo
2804 1589 2949 1641 rogat
2991 1594 3048 1632 se
3090 1578 3370 1632 benedici?

1835 1646 1946 1700 Non
1995 1643 2171 1716 utique
2217 1643 2510 1709 temporali,
2538 1659 2690 1709 quant
2721 1657 2821 1716 non
2854 1663 2948 1714 pro
2976 1663 3164 1716 magno
3193 1648 3368 1706 habet.

1836 1717 1926 1769 sed
1973 1715 2059 1766 illa
2100 1714 2197 1764 alia
2225 1729 2379 1781 quam
2409 1720 2584 1766 servat
2623 1715 2825 1771 amicis.
2858 1727 2910 1768 et
2938 1714 3091 1779 quam
3123 1718 3208 1770 dat
3239 1719 3368 1770 solis

1764 1795 1811 1853 Β
1834 1785 2009 1851 justis,
2042 1782 2265 1855 scilicet,
2297 1793 2349 1834 ut
2382 1783 2700 1855 illumioetur
2730 1785 2899 1855 vultus
2927 1785 3040 1855 ejus
3069 1801 3365 1852 supernos,

1835 1857 1952 1920 quia
1981 1855 2119 1904 hunc
2145 1854 2309 1904 solem
2347 1853 2697 1906 c0mmuniter
2729 1853 2983 1907 illuminat
3012 1869 3170 1916 super
3202 1856 3368 1908 bonos

1835 1934 1886 1975 rt
1918 1926 2116 1984 malos;
2159 1933 2209 1973 et
2254 1922 2386 1974 hanc
2435 1923 2599 1972 lucem
2637 1926 2983 1977 communiter
3009 1924 3182 1978 vident
3211 1927 3366 1977 etiam

1840 2008 2026 2060 pecora
2075 2006 2191 2043 cum
2233 1991 2383 2043 bonis
2423 2000 2475 2043 et
2519 1991 2690 2045 malis.
2734 1993 2836 2045 Sed
2872 1994 2969 2048 hoc
2999 1995 3137 2048 aliud
3166 1994 3365 2055 lumen,

1837 2065 1975 2129 quod
2023 2063 2150 2112 solis
2182 2060 2336 2127 justis
2379 2061 2557 2132 datur,
2608 2062 2809 2115 scilicet
2836 2065 2953 2132 quia
2996 2066 3128 2119 beati
3176 2067 3371 2116 mundo

1838 2133 2018 2192 corde,
2060 2132 2303 2196 quoniam
2336 2130 2433 2194 ipsi
2470 2130 2632 2183 Deum
2664 2130 2927 2185 videbunt.
2981 2134 3078 2187 Pro
3107 2136 3203 2186 hoe
3229 2144 3372 2199 rogat

1839 2202 1936 2253 iste
1965 2204 2050 2267 qui
2082 2202 2162 2252 hic
2194 2200 2440 2264 loquilttt',
2471 2200 2686 2262 scilicet,
2721 2214 2774 2252 ut
2807 2205 2994 2254 vultum
3017 2221 3162 2257 suum
3191 2204 3376 2255 illumi-

1839 2280 1920 2322 net
1949 2284 2098 2334 super
2122 2285 2229 2330 nos,
2258 2270 2306 2319 id
2335 2278 2433 2332 est,
2473 2269 2712 2321 ostendat
2753 2272 2900 2322 nobis
2946 2275 3142 2325 vultum
3193 2288 3368 2335 suum,

1842 2341 1890 2391 id
1922 2349 2022 2401 est,
2056 2340 2375 2390 voluntatem
2405 2353 2576 2403 suam,
2608 2342 2729 2402 quid
2762 2356 2854 2392 nos
2892 2340 3060 2394 facere
3101 2342 3240 2404 velit,
3272 2343 3371 2394 sci-

1841 2411 1962 2463 licet
1991 2418 2045 2462 ut
2083 2409 2219 2474 quod
2252 2408 2442 2462 latebat
2479 2407 2628 2460 nobis
2657 2411 2941 2475 aperiatur,
2975 2412 3023 2464 id
3050 2420 3150 2474 est,
3182 2411 3372 2463 veritas

1843 2490 2220 2547 princeptorum
2267 2480 2416 2542 eius;
2465 2487 2517 2531 et
2557 2481 2692 2546 quod
2727 2490 2857 2541 erat,
2889 2482 2978 2532 sed
3005 2480 3365 2536 absconditum

1843 2550 1993 2601 nobis
2020 2559 2150 2606 erat,
2175 2549 2497 2599 illtttttinctur
2523 2555 2698 2615 super,
2723 2549 2771 2600 id
2793 2560 2893 2611 est,
2918 2552 3174 2604 reveletur
3195 2551 3370 2611 nobis.

1844 2634 1935 2686 per
1966 2618 2101 2687 quod
2147 2619 2280 2669 idem
2326 2618 2460 2684 quod
2515 2622 3000 2687 prius-expressius
3028 2621 3235 2674 dicitur.
3278 2619 3368 2672 Vel

1844 2685 1998 2740 aliter
2029 2704 2040 2738 '.
2077 2685 2331 2738 Illuminet
2372 2689 2559 2739 vultum
2607 2685 2949 2752 suum‘super
2989 2707 3097 2754 nos,
3154 2690 3204 2742 id
3259 2698 3368 2750 est,

1843 2757 2084 2811 ostendat
2131 2758 2277 2809 nobis
2325 2757 2599 2823 imaginem
2641 2773 2810 2811 suam.
2858 2760 3014 2823 Quasi
3064 2759 3370 2812 dicatzlm-

1847 2827 2075 2892 pres-isti
2110 2827 2296 2885 nobis,
2344 2826 2579 2890 Domine,
2627 2829 2823 2880 vultum
2869 2838 3035 2892 tuum,
3083 2829 3244 2884 bcisti
3279 2846 3371 2880 nos

1845 2897 1905 2948 ad
1939 2898 2214 2956 imaginem
2257 2905 2416 2957 tuam,
2459 2895 2621 2948 fecisti
2651 2913 2743 2947 nos
2771 2913 3036 2950 nummum
3069 2907 3230 2949 tuum.
3264 2899 3366 2948 Sed

1848 2982 1946 3017 non
1984 2965 2135 3017 debet
2174 2966 2340 3031 imago
2371 2973 2452 3015 tua
2495 2966 2542 3016 in
2588 2967 2816 3019 tenebris
2849 2982 3141 3030 remanere,
3170 2977 3222 3018 et
3254 2966 3372 3018 ideo

1849 3038 1993 3087 mitte
2038 3035 2210 3086 radios
2263 3036 2533 3101 sapientia:
2584 3046 2703 3096 tuas,
2756 3046 2809 3088 ut
2857 3037 3081 3102 depellat
3130 3037 3370 3091 tenebras

1850 3116 2071 3166 nostras,
2120 3114 2166 3157 et
2211 3104 2379 3156 vultus
2427 3115 2543 3156 tuus
2571 3107 2620 3156 in
2653 3107 2801 3158 nobis
2824 3108 3047 3170 eluceat,
3081 3106 3128 3158 id
3159 3118 3257 3171 est,
3289 3123 3373 3158 re-

1844 3189 2218 3241 ουευυδιξιιιιιιιε
2241 3174 2289 3225 iu
2316 3176 2462 3227 nobis
2494 3174 2768 3243 imaginem
2800 3178 3125 3244 tuam,justa
3157 3178 3292 3244 quod
3318 3178 3367 3231 in

1841 3245 2066 3315 Canticis
2096 3245 2479 3315 _C:llillC(ll'tlm:
2523 3247 2580 3298 Si
2627 3250 2911 3315 cognoveris
2955 3250 3292 3314 temetipsum,
3343 3268 3370 3301 ο

1840 3314 2048 3377 pulchra
2090 3313 2216 3364 inter
2254 3314 2377 3364 muli
2396 3330 2505 3378 'res,
2543 3315 2589 3366 id
2619 3313 2716 3378 est,
2750 3319 2790 3368 si
2819 3319 3044 3370 attendis
3077 3313 3126 3371 te
3147 3320 3209 3369 ad
3243 3319 3374 3371 ima-

1838 3384 2007 3449 ginem
2043 3383 2127 3433 Dei
2160 3382 2364 3454 iactam.
2409 3386 2563 3447 Quasi
2616 3387 2752 3436 dicat
2781 3404 2793 3438 :
2826 3389 2866 3437 0
2907 3390 3057 3453 pulch
3090 3406 3141 3441 η.
3190 3388 3237 3439 id
3267 3397 3371 3454 est,

1837 3467 1870 3504 ο
1930 3454 2157 3518 pretiosa
2207 3452 2378 3503 anima
2435 3455 2685 3517 sanguine
2739 3457 2867 3522 Agui
2920 3457 3232 3508 iuunaculati
3283 3452 3366 3509 ι·οὲ

1842 3524 2072 3587 dempta,
2105 3525 2315 3574 attende
2353 3524 2532 3590 quanti
2560 3523 2752 3581 valeas.
2804 3527 2969 3589 cogita
3016 3523 3136 3592 qttid
3183 3540 3273 3589 pro
3318 3536 3368 3578 te

1836 3592 2010 3641 datum
2049 3594 2134 3644 sit.
2173 3592 2415 3642 Dicamus
2464 3608 2591 3653 ergo
2639 3605 2692 3646 et
2737 3605 2977 3661 optemus
3029 3605 3080 3646 ut
3121 3595 3364 3648 illuminet

1837 3664 2025 3711 t'ui’tum
2046 3677 2188 3711 suum
2213 3677 2359 3727 super
2385 3679 2492 3714 nos.
2522 3663 2652 3717 Vere
2677 3667 2848 3716 vultus
2875 3665 2986 3727 Dei,
3013 3679 3165 3732 quem
3197 3676 3371 3730 gesta-

1838 3745 1971 3800 mus,
2007 3745 2153 3780 sacra
2181 3742 2261 3782 est
2291 3733 2338 3780 in
2372 3732 2593 3799 imagine
2632 3749 2746 3784 sua.
2795 3735 2960 3800 Iniqui
2992 3746 3160 3786 autem
3187 3736 3372 3788 nolunt

1838 3799 2124 3871 imagini-nt
2164 3801 2249 3851 Dei
2294 3800 2343 3851 in
2379 3801 2759 3871 seatteudcrc,
2793 3815 2845 3855 ιιι
2875 3799 3046 3856 vultus
3072 3805 3184 3871 t-jus
3214 3820 3370 3865 super

1835 3884 1924 3920 eos
1968 3870 2308 3929 illumiuetur,
2354 3869 2574 3934 scilicet,
2616 3883 2670 3923 ut
2705 3873 2875 3924 dicmt
2905 3893 2915 3924 :
2946 3869 3213 3933 llluun'na,
3265 3873 3366 3924 Do.

1834 3939 1988 4000 mine,
2018 3940 2241 3992 tenebras
2272 3956 2424 3990 meas.
2471 3943 2542 3992 Ac
2585 3940 2626 3992 si
2666 3942 2875 3993 dicant:
2912 3944 2963 3994 lu
2997 3946 3221 3995 tenebris
3249 3958 3366 4010 pec-

1835 4020 2070 4060 catorum
2116 4024 2254 4072 sum,
2294 4011 2436 4062 radio
2466 4012 2732 4075 sapientizc
2774 4022 2875 4061 tua:
2910 4012 3252 4062 discutiantur
3294 4024 3370 4064 te-

1835 4079 2008 4130 nelua;
2042 4095 2190 4139 mer,
2222 4087 2275 4129 ut
2311 4090 2554 4144 appareat
2582 4083 2750 4129 vultus
2779 4088 2894 4130 tuus
2923 4096 2936 4142 ;
2967 4083 3080 4131 etsi
3112 4079 3246 4132 forte
3272 4097 3365 4146 per

1834 4162 1917 4199 me
1966 4159 2238 4213 appareat,
2293 4149 2542 4199 del'ormis
2589 4149 2802 4200 cile-ctus
2850 4149 3162 4200 rel‘oron-tur
3213 4165 3240 4200 a
3290 4161 3367 4214 te,

1832 4218 1973 4280 quod
2011 4221 2288 4270 immaturo
2313 4227 2390 4268 est
2414 4231 2441 4267 a
2467 4227 2531 4269 te.
2558 4216 2838 4271 Cantemus
2864 4233 2988 4287 ergo
3013 4219 3232 4272 Domino
3262 4219 3369 4272 Deo

1834 4296 2034 4351 nostro,
2077 4300 2316 4353 tauquam
2347 4287 2620 4354 Dgl‘iCtliiB,
2672 4299 2724 4340 ut
2761 4290 3070 4341 misereatur
3108 4290 3269 4342 nustri
3315 4301 3368 4343 et

1833 4354 2109 4410 benedieat
2139 4358 2312 4420 nobis,
2336 4368 2389 4409 et
2411 4358 2653 4409 illuminat
2677 4359 2860 4409 cultum
2889 4376 3052 4421 suum,
3081 4376 3180 4412 non
3206 4376 3370 4426 quan-

1839 4433 1942 4476 tum
1974 4428 2036 4478 ad
2065 4443 2140 4489 se,
2171 4427 2255 4493 qui
2286 4442 2546 4490 nunquam
2589 4425 2684 4478 fuit
2725 4429 2838 4480 sine
2877 4428 3092 4492 lumine,
3125 4425 3365 4496 sed’quia

1836 4497 2004 4546 vultus
2033 4499 2145 4560 ejus
2176 4497 2480 4547 obscuratus
2529 4496 2728 4547 nebulis
2781 4509 3105 4561 |N'CC:t10l‘lttll
3154 4511 3365 4552 nostro-

1833 4579 1969 4634 rum,
2003 4565 2146 4631 quasi
2181 4564 2310 4616 inira
2360 4581 2455 4617 nos
2497 4576 2642 4630 erat;
2677 4566 2795 4618 ideo
2826 4567 3080 4620 illuminet
3108 4569 3276 4634 ipsum
3312 4570 3361 4620 in

1831 4633 1997 4695 nobis,
2035 4636 2101 4686 ita
2141 4644 2195 4686 ut
2239 4636 2306 4686 sit
2344 4650 2500 4701 super
2546 4653 2660 4699 nos,
2711 4637 2761 4688 id
2812 4646 2914 4696 est,
2962 4649 3014 4689 ut
3054 4633 3363 4689 exCelli-ntia

1828 4701 1942 4768 ejus
1972 4711 2239 4770 appareat,
2273 4716 2316 4754 et
2354 4709 2427 4756 sic
2473 4707 2761 4758 misereatur
2807 4709 2981 4758 nostri.
3032 4708 3176 4770 Quod
3230 4708 3363 4759 bene

1829 4775 2091 4823 diversum
2135 4785 2212 4823 est
2241 4789 2266 4823 a
2298 4776 2571 4838 superiori.
2621 4776 2671 4827 In
2721 4777 2974 4840 superiori
3021 4777 3158 4826 enim
3213 4776 3363 4827 mise-

1827 4851 1995 4891 reatur
2037 4858 2197 4908 pruna
2245 4844 2496 4906 accipitur
2540 4844 2827 4904 miseratio,
2861 4862 2971 4911 qua:
3003 4856 3081 4894 cst
3109 4846 3157 4896 in
3190 4847 3360 4910 initio,

1828 4913 1876 4961 in
1912 4911 2009 4960 isto
2041 4927 2162 4962 vero
2210 4911 2512 4979 intelligitur
2545 4913 2650 4979 jam
2695 4913 2859 4981 major
2907 4915 3193 4977 miseratio,
3237 4918 3353 4978 quia

1825 4980 2066 5032 subditur
2124 4989 2239 5046 pOst
2303 4983 2720 5034 benedictitmem
2750 4980 2786 5043 ,ί
2823 4986 2868 5035 id
2917 4996 3034 5048 est,
3094 4994 3210 5049 pust
3251 4987 3359 5035 lru-

1825 5061 1962 5121 etum
1997 5052 2352 5114 multiplicem.
2387 5053 2591 5116 Quanto
2622 5056 2784 5121 magis
2810 5054 2948 5106 enim
2985 5055 3117 5108 Deus
3151 5057 3236 5106 dat
3264 5054 3358 5104 ali-

1825 5120 1905 5168 cui
1956 5121 2102 5185 plura
2150 5121 2284 5172 bona
2330 5124 2407 5173 vel
2451 5123 2608 5185 dona,
2665 5120 2808 5176 tanto
2858 5126 3023 5193 magis
3063 5125 3176 5192 ejus
3207 5124 3363 5177 misc-

1824 5198 1982 5240 retur.

1897 5256 1960 5310 Ut
2003 5273 2365 5330 cognoscamus
2382 5259 2431 5309 in
2463 5269 2613 5313 terra.
2647 5261 2722 5312 Ad
2757 5261 2876 5324 hoc,
2923 5264 3153 5330 inquam,
3189 5265 3360 5314 vultus

1824 5337 1942 5380 tuus
1972 5343 2126 5392 super
2175 5342 2267 5378 nos
2319 5328 2655 5392 illmuinetur,
2691 5341 2741 5381 et
2774 5328 3068 5387 miserearis
3097 5328 3275 5392 onstri,
3309 5343 3360 5382 ut

1824 5401 1872 5448 in
1905 5399 2000 5448 hac
2032 5408 2181 5459 terra,
2227 5401 2273 5450 id
2318 5410 2416 5458 est,
2454 5403 2500 5448 io
2548 5403 2643 5450 hac
2694 5401 2936 5464 ldnouea,
2981 5414 3112 5454 terra
3144 5404 3277 5453 invia
3306 5414 3360 5455 et

1823 5470 2091 5529 inaquosa,
2128 5471 2175 5518 in
2209 5484 2306 5532 qua
2336 5467 2546 5519 dil'licile
2590 5480 2667 5520 est
2699 5469 2929 5522 invenire
2977 5473 3141 5530 viam;
3175 5487 3358 5536 cogno-

1819 5553 2014 5586 δις..ιιιιιδ
2045 5553 2169 5602 ergo
2197 5540 2324 5587 viam
2351 5550 2505 5597 tuam,
2539 5539 2583 5587 id
2607 5549 2705 5596 est,
2736 5541 2866 5589 viam
2895 5541 2955 5591 ad
2983 5550 3032 5591 te
3060 5542 3358 5603 ducentem,

1817 5606 1984 5663 illum,
2016 5608 2240 5668 St‘lilt‘tfl,
2274 5607 2425 5668 viattt,
2459 5624 2572 5673 qua:
2599 5611 2760 5660 dicit:
2796 5608 2901 5673 Ego
2924 5625 3044 5665 sum
3074 5612 3169 5658 via.
3204 5612 3262 5659 lit
3293 5627 3359 5663 ne

1818 5675 2003 5739 aliquis
2033 5676 2080 5726 iu
2113 5679 2204 5724 hac
2249 5677 2322 5724 via
2369 5693 2543 5728 errare
2586 5680 2817 5735 tinteret,
2857 5678 3033 5728 addtt:
3069 5679 3128 5728 Et
3156 5691 3349 5730 t'entas.

1820 5743 1944 5801 ltum
1996 5762 2060 5800 uc
2103 5745 2307 5800 timeret
2361 5745 2628 5817 deiicere,
2686 5747 2898 5802 subdit;
2936 5747 2997 5803 lit
3045 5749 3175 5820 vita,
3217 5750 3355 5805 scuto
