3898 6226
542 346 649 403 82⁸1
997 346 1196 401 BED/E
1236 342 1673 402 VENERABILIS
1708 345 1855 402 OPP.
1894 344 2070 402 PARS

2210 342 2399 403 SECT.
2439 347 2503 401 ll.
2544 376 2608 388 ——
2649 345 2846 401 DUBIA
2887 343 2972 413 ΕΤ
3007 345 3272 402 SPURIA.
3626 351 3728 406 8'38

542 467 651 525 cet,
688 460 739 512 in
769 468 868 527 qua
899 458 1224 525 requiesces,
1273 466 1329 512 et
1377 472 1479 510 non
1519 457 1754 510 deﬁcies.
1787 457 1845 509 Et
1868 470 1984 524 quae
2015 456 2083 509 sit
2109 458 2160 516 Α
2188 454 2489 527 [naualibus
2518 455 2802 527 unigeniti,
2827 456 2943 518 sui,
2973 464 3036 527 et
3083 455 3138 508 in
3190 470 3411 524 regnum
3453 458 3729 526 adaptatis.

546 522 1179 594 illa'via,'snbsequcnter
1223 528 1469 593 exponit.
1515 528 1747 587 scilicet,
1799 522 2084 594 cognosca-
2194 522 2362 577 Ununt
2409 525 2863 594 ttttidem‘genuit,
2895 525 2983 576 sed
3018 541 3176 577 unum
3216 522 3335 580 esse
3375 522 3585 580 noluit}
3615 532 3732 592 quia

546 611 662 656 mus
689 598 909 651 salutare
940 593 1098 659 tuum,
1153 595 1202 649 id
1243 606 1346 657 est,
1400 596 1729 651 Salvatorem
1763 601 1904 645 tuum
1934 593 2087 646 Chri-

544 677 696 788 ἵξιςιὲ
722 679 825 720 non
865 674 1067 719 tantum
1113 665 1169 718 in
1216 664 1411 730 Africa,
1452 665 1544 719 sed
1593 665 1646 715 in
1687 663 1915 716 munibus
1964 678 2089 732 gan-

565 752 581 788 ι

615 804 962 872 Conﬁteantur
987 803 1073 857 tibi
1101 802 1293 871 populi,
1322 802 1473 855 Deus.
1502 801 1631 868 Quia
1657 799 1886 868 optando
1908 798 2082 853 dixit:

546 870 812 941 llluminet
840 873 1029 925 cultam
1064 870 1206 923 suum
1237 888 1388 941 super
1417 888 1528 934 nos,
1556 882 1611 925 ut
1632 872 1768 923 viam
1793 882 2084 941 cognosca-

548 955 685 1003 mus,
717 940 837 994 ideo
871 952 927 994 ut
950 950 1127 995 certos
1168 956 1263 993 nos
1302 938 1459 994 iaciat
1502 954 1562 995 se
1600 954 1717 992 esse
1761 938 2083 1003 exauditam,

552 1010 792 1063 hortatur
837 1025 933 1064 nos
963 1022 1016 1064 ut
1045 1011 1415 1071 conﬁteantur,
1455 1010 1604 1077 quasi
1630 1009 1735 1074 jam
1768 1008 1973 1071 cognita
2001 1007 2083 1059 via

544 1080 725 1132 dicetis
753 1098 764 1130 :
800 1079 843 1132 0
878 1076 1028 1145 Deus,
1064 1082 1236 1143 populi
1256 1078 1453 1131 ludaici
1478 1076 1823 1143 conﬁteantur
1850 1077 1936 1126 tibi
1963 1090 2084 1141 pec.

547 1158 722 1201 catum
751 1163 924 1213 suum,
949 1155 1004 1202 et
1031 1149 1376 1214 confiteantur.
1412 1147 1463 1200 id
1487 1157 1585 1209 est,
1622 1147 1834 1199 laudent
1859 1146 2081 1213 gloriam

548 1227 711 1286 tuam,
730 1226 783 1269 et
810 1216 964 1270 etiam
995 1217 1080 1269 alii
1101 1230 1287 1286 omnes
1323 1217 1514 1286 populi,
1562 1216 1804 1284 gentiles,
1833 1214 2078 1286 scilicet,

546 1285 896 1340 conﬁteantur
950 1285 1273 1354 iniquitatem
1330 1284 1517 1349 suam,
1566 1295 1617 1338 et
1669 1284 2081 1337 misericordiam

548 1363 709 1407 tuam.
736 1354 932 1410 Genta
954 1358 1091 1408 cnim
1132 1366 1290 1421 super
1322 1355 1677 1407 misericordia
1726 1357 1887 1405 Deum
1920 1354 2084 1405 hono-

546 1433 685 1487 rare,
717 1426 968 1489 Apostolo
993 1434 1145 1487 teste,
1181 1433 1427 1476 accusent
1462 1438 1540 1484 se,
1571 1422 1863 1489 gloriﬁcent
1897 1428 1966 1480 te.
1997 1433 2081 1475 re-

546 1489 872 1559 prehendant
900 1507 977 1556 se,
1007 1492 1221 1544 laudent
1250 1502 1320 1545 te.
1356 1492 1587 1544 Inveniat
1613 1502 1664 1545 te
1692 1492 1849 1543 homo
1872 1489 2081 1559 puniit»

546 1558 659 1615 rem
683 1577 855 1623 suum,
882 1572 937 1615 nt
960 1560 1203 1615 exhibeat
1225 1573 1281 1613 se
1303 1562 1530 1613 salutare
1552 1570 1717 1612 tuum.
1736 1560 1908 1625 Quare
1930 1558 2084 1613 times

546 1632 817 1685 conﬁteri?
844 1630 959 1685 Noli
987 1633 1172 1683 timere
1198 1630 1449 1690 conﬁteri,
1477 1630 1595 1697 quia
1619 1628 1895 1681 confessus
1914 1628 2085 1683 salva-

548 1699 710 1763 beris,
750 1702 938 1755 tacitus
974 1699 1327 1757 damnaberis.
1373 1698 1441 1751 Et
1481 1700 1603 1765 quia
1640 1700 1753 1751 tunc
1794 1698 1911 1750 talis
1953 1712 2084 1751 con-

547 1769 711 1835 fessio
738 1782 840 1823 non
871 1780 949 1823 est
978 1769 1040 1822 ad
1073 1779 1299 1835 poenam,
1339 1769 1431 1822 sed
1470 1769 1533 1820 ad
1560 1773 1785 1829 venam,
1816 1767 1934 1819 ideo
1960 1768 2081 1821 sub-

542 1837 649 1891 dit:
671 1833 927 1891 Loztcntur
952 1833 1121 1907 gentes
1141 1836 1407 1907 quaelibet,-
1434 1838 1477 1907 si
1497 1838 1805 1889 conﬁtentes
1826 1838 2079 1901 interius;

544 1908 857 1962 etessnltsnt
886 1904 1137 1969 exierlus,
1162 1904 1233 1960 'ld
1273 1915 1375 1970 est,
1414 1904 1701 1975 plenariam
1731 1907 1961 1975 laetitiam
1993 1908 2083 1958 ha-

543 1977 717 2029 beant.
744 1976 901 2041 Quasi
924 1976 1067 2029 dicat
1090 1990 1104 2027 :
1132 1975 1389 2043 Plangunt
1411 1986 1535 2028 ante
1561 1975 1827 2027 hominem
1850 1974 2084 2042 judicem

546 2045 776 2113 confessi
808 2046 1056 2113 latrones,
1086 2042 1328 2113 tutentur
1358 2050 1483 2097 vero
1509 2053 1633 2097 ante
1664 2043 1825 2113 Deum
1856 2042 2083 2113 confessi

548 2112 749 2167 ﬁdeles.
795 2115 854 2166 Et
886 2108 1022 2167 unde
1048 2108 1205 2165 debet
1251 2113 1433 2178 uetari,
1477 2113 1615 2167 unde
1658 2112 1962 2167 exsultare?
2007 2112 2083 2167 Ex

545 2182 676 2247 ipsa,
718 2185 939 2245 scilicet,
981 2180 1331 2245 confessiOne,
1366 2182 1481 2248 quia
1512 2184 1578 2251 ad
1610 2184 1709 2237 hoc
1737 2189 1932 2251 quaeris
1957 2194 2085 2237 con-
2112 2208 2115 2210 ·

546 2252 851 2317 fessionem,
893 2261 948 2304 ut
987 2252 1179 2306 liberes
1231 2247 1497 2305 humilem.
1556 2247 1623 2305 Et
1667 2247 1825 2304 etiam
1867 2262 2082 2321 propter

540 2321 733 2391 iudicis
752 2321 1083 2391 dignitatem,
1109 2322 1343 2391 quoniam
1371 2331 1444 2386 tu,
1477 2322 1696 2391 scilicet,
1728 2336 1884 2388 quem
1908 2322 2081 2391 nullus

546 2390 698 2454 l‘allit,
742 2390 836 2444 nec
881 2391 1095 2457 pecunia
1152 2392 1458 2455 corrumpit,
1510 2392 1559 2444 ln
1607 2390 1834 2457 judicio,
1875 2390 2082 2456 judicas

545 2461 662 2523 (pro
699 2459 985 2524 iudicabis)
1031 2458 1238 2512 tandem
1289 2474 1470 2512 omnes
1510 2459 1720 2527 populos
1750 2460 1800 2510 in
1827 2459 2077 2527 quitats,

545 2527 769 2593 scilicet,
814 2539 871 2581 ut
906 2529 993 2595 qui
1021 2543 1078 2581 sc
1108 2529 1403 2593 punierunt,
1442 2541 1543 2581 non
1573 2529 1753 2589 punias
1778 2566 1791 2589 ,
1832 2528 1920 2589 qui
1956 2542 2080 2581 vero

540 2612 597 2648 se
622 2613 722 2649 non
750 2599 1047 2663 puuierunt,
1084 2597 1202 2651 illos
1235 2608 1285 2650 tu
1321 2597 1520 2663 punias.
1560 2595 1623 2649 Et
1654 2600 1771 2663 quia
1800 2608 1965 2663 gentes
1996 2597 2078 2651 di-

544 2674 711 2720 storto
749 2676 803 2719 et
843 2680 997 2732 prave
1035 2668 1205 2733 petitis
1254 2683 1319 2719 ex
1364 2668 1609 2733 aquitate
1639 2666 1723 2718 illa
1752 2665 1927 2731 judicli
1958 2681 2081 2733 pos-

544 2744 663 2787 sunt
708 2734 901 2788 habere
938 2732 1147 2788 causam
1194 2732 1456 2798 tristandi,
1505 2749 1659 2803 qttam
1705 2734 1933 2800 lauandi,
1964 2737 2081 2789 ideo

542 2816 750 2857 causam
778 2806 1041 2868 pramtittit
1066 2807 1128 2856 ad
1159 2806 1301 2858 illud.
1344 2805 1499 2870 Quasi
1529 2806 1703 2857 dicat;
1734 2804 1850 2857 Ideo
1873 2818 1937 2857 ex
1977 2814 2080 2857 tam

545 2886 694 2937 mtuo
716 2873 910 2938 judicio
938 2884 1024 2927 tuo
1046 2884 1228 2939 gentes
1270 2876 1462 2927 debent
1511 2876 1671 2927 lactari
1706 2884 1759 2928 et
1801 2878 2079 2939 exsultare,

539 2943 659 3006 quia
683 2943 807 2994 tuin
830 2955 979 3007 terra,
1009 2945 1057 2998 id
1082 2954 1182 3006 est,
1212 2945 1262 2996 in
1293 2946 1387 2996 hac
1410 2946 1509 2996 vita
1534 2954 1759 3006 terrena,
1789 2954 1905 3010 quae
1930 2943 2079 3009 plena

539 3013 805 3082 erraribus
835 3022 933 3075 est,
974 3014 1049 3066 sic
1093 3014 1270 3081 dirigis
1299 3021 1467 3082 gentes
1510 3022 1565 3065 ut
1590 3014 1862 3078 judicium,
1894 3026 2076 3077 quam-

534 3079 618 3150 .vis
647 3093 875 3148 aequum,
906 3097 1009 3134 non
1038 3079 1278 3150 oporteat
1302 3079 1398 3133 'eas
1431 3084 1632 3134 timere.
1669 3085 1726 3131 Et
1752 3082 1866 3147 quia
1896 3092 2074 3147 gentes

539 3148 740 3203 directe
782 3152 887 3217 iam
928 3154 976 3203 in
1019 3148 1119 3205 ﬁde
1164 3148 1512 3211 ambulantes,
1541 3150 1644 3218 jam
1675 3151 1805 3201 bona
1835 3164 1991 3216 opera
2024 3150 2075 3204 in

541 3218 755 3289 Christo
798 3220 1069 3289 iacientes,
1113 3234 1206 3287 per
1252 3222 1349 3273 hoc
1397 3232 1539 3271 mare
1587 3220 1846 3286 navigant,
1890 3226 2076 3272 etma-

542 3288 653 3338 rina
676 3297 808 3355 aqua
835 3300 926 3355 per
943 3290 1319 3342 minutissimas
1342 3291 1498 3343 rimas
1520 3299 1675 3356 atque
1696 3293 2000 3341 cavernulas
2023 3290 2075 3342 in

544 3358 713 3409 navim
745 3358 918 3421 intrat,
951 3369 1005 3413 et
1041 3358 1297 3413 sentinam
1322 3356 1464 3423 facit,
1512 3372 1578 3412 ne
1624 3360 1798 3410 navim
1842 3358 2072 3424 impleat,

546 3442 610 3477 ne
659 3426 833 3479 navim
875 3431 1154 3495 opprimat,
1197 3429 1430 3497 quotidie
1466 3428 1929 3497 eixltaurienda‘est
1949 3440 2074 3479 sen-

546 3497 648 3549 tina
678 3497 788 3549 iure
827 3493 1045 3568 orando,
1091 3493 1451 3568 eleemosynas
1482 3496 1739 3568 faciendo,
1764 3493 2071 3568 jejunantlo,

540 3575 594 3616 et
634 3576 761 3630 puro
792 3565 949 3617 etiam
994 3568 1155 3619 corde
1198 3562 1457 3619 dicendo:
1494 3562 1699 3616 Dimitte
1736 3565 1875 3621 nobis
1914 3565 2075 3618 debita

542 3645 713 3685 nostra
750 3635 876 3686 sicut
904 3644 948 3686 et
972 3650 1080 3697 nos,
1116 3646 1165 3688 et
1194 3645 1315 3688 can.
1358 3636 1687 3702 Quapropter
1714 3636 1948 3701 egregius
1980 3636 2076 3689 iste

544 3714 720 3755 oratur
757 3714 812 3757 et
849 3703 1322 3757 excellentissimus
1366 3705 1679 3772 praedicator
1714 3713 1765 3755 ct
1814 3712 2073 3769 hortator,

546 3784 759 3842 versum
798 3787 949 3839 quem
991 3774 1228 3842 superius
1273 3790 1366 3842 pro
1410 3776 1575 3842 prima
1617 3781 1670 3825 et
1702 3772 1901 3825 difﬁcili
1947 3788 2075 3826 con-

548 3838 778 3893 fessione
809 3838 998 3907 posuit,
1032 3838 1123 3908 pro
1152 3840 1247 3893 hac
1274 3838 1619 3896 confessione
1658 3842 1902 3903 secunda,
1961 3857 2075 3906 qua:

544 3911 770 3975 pertinet
797 3913 858 3962 ad
889 3912 1241 3977 quotidianam
1286 3913 1604 3964 ablutionem
1654 3910 1861 3977 pedum,
1889 3912 2077 3977 repetit

541 3979 745 4031 dicens:
770 3978 1108 4045 Conﬁteantur
1132 3980 1218 4033 tibi
1249 3983 1442 4049 populi,
1469 3979 1617 4042 Deus,
1642 3978 1841 4032 Judaici
1868 3997 1882 4042 ;
1912 3982 2074 4047 con/i-

541 4056 739 4101 teantttr
778 4052 864 4102 tibi
907 4061 1059 4101 etiam
1094 4053 1266 4118 populi
1298 4066 1482 4103 omnes.
1512 4050 1786 4102 Etdebent
1814 4052 2074 4115 contueri,

538 4119 659 4185 quia
696 4129 850 4183 terra,
882 4119 931 4173 id
959 4130 1037 4173 est
1073 4122 1175 4172 vita
1202 4130 1393 4185 nostra,
1418 4136 1532 4187 qua:
1566 4121 1703 4185 prius
1732 4121 1879 4184 plena
1912 4122 2076 4186 spinis

542 4197 673 4247 erat,
702 4196 754 4240 et
779 4190 996 4242 tribulos
1021 4191 1362 4255 germinabat,
1388 4189 1648 4256 deditjam
1670 4191 1886 4256 fructum
1910 4204 2073 4255 suum,

548 4256 597 4307 id
624 4266 725 4319 est,
756 4257 888 4309 bona
914 4272 1071 4324 opera
1103 4258 1222 4311 iecit
1254 4259 1575 4311 ltumiliando
1596 4273 1651 4312 se
1681 4267 1734 4310 et
1754 4260 2074 4312 conﬁtendo.

540 4327 707 4391 Quem
737 4326 945 4391 quidem
989 4325 1211 4379 frucmm
1242 4327 1629 4391 noudodisset,
1677 4327 1774 4379 n’si
1814 4329 2076 4394 compluta

540 4410 569 4446 a
596 4395 819 4449 nubibus
852 4397 952 4448 illis
980 4404 1140 4458 esset,
1164 4395 1229 4448 de
1253 4396 1439 4462 quibus
1461 4396 1653 4448 dictum
1683 4408 1797 4448 est:
1824 4396 2077 4450 Mundabo

546 4464 762 4518 nubibus
791 4466 933 4530 meis,
967 4482 1025 4517 nc
1054 4468 1227 4529 plttattl
1269 4481 1414 4535 super
1460 4467 1759 4518 meretricem
1788 4467 1945 4518 illam.
1980 4466 2077 4520 Per

542 4549 575 4600 q
618 4549 677 4586 as
722 4535 886 4589 nubes
930 4534 1179 4587 Dominus
1225 4546 1277 4587 et
1325 4544 1469 4587 tonat
1516 4535 1691 4597 minis,
1746 4546 1796 4587 et
1838 4548 2077 4592 coruscat

542 4604 826 4664 miraCnlia,
857 4613 910 4656 et
936 4602 1183 4669 t'olllplttlt
1227 4607 1416 4657 verbis.
1456 4604 1753 4656 Timeamus
1796 4619 1918 4671 ergo
1956 4621 2074 4658 eunt

544 4686 636 4736 per
681 4673 794 4725 illas
833 4673 995 4727 nubes
1028 4686 1288 4725 innantem
1334 4675 1445 4726 sive
1485 4684 1869 4725 coruscantem.
1927 4676 2078 4728 Exci-

544 4740 749 4806 piamus
790 4756 913 4811 ergo
958 4743 1366 4810 compluentem,
1398 4753 1451 4795 et
1477 4752 1531 4794 ut
1572 4752 1703 4794 terra
1736 4755 1942 4807 semper
1970 4746 2077 4795 tru-

543 4816 684 4879 ctum
728 4810 835 4875 det,
858 4810 997 4865 ideo
1028 4813 1298 4865 benedicta
1328 4824 1443 4875 nos,
1487 4812 1536 4864 id
1568 4822 1661 4879 est
1702 4815 2075 4866 incrementum

543 4878 695 4929 nobis
725 4880 856 4933 Deus
878 4882 964 4934 de:
995 4883 1162 4935 Pater.

610 4946 875 5000 Benedicut
902 4965 991 5002 nos
1024 4952 1153 5003 Dens
1173 4961 1355 5003 nosttr.
1385 4949 1434 5003 Id
1461 4960 1557 5010 est,
1580 4950 1737 5003 Filius
1766 4950 1928 5004 lactus
1960 4966 2079 5017 par-

543 5014 704 5083 ticeps
734 5018 1047 5071 inﬁrmitatis
1076 5033 1267 5072 nostra:
1288 5064 1302 5084 ,
1343 5030 1397 5073 ut
1424 5030 1476 5073 et
1517 5035 1611 5073 nos
1652 5022 1892 5072 lieremus
1922 5014 2080 5086 parti-

541 5086 686 5153 cipes
717 5088 897 5154 glorias
925 5102 1050 5140 suae.
1082 5087 1348 5142 Benedicot
1378 5106 1464 5141 nos
1490 5090 1646 5143 etiam
1690 5092 1849 5149 Ueus,
1885 5093 1931 5141 id
1962 5102 2073 5153 est,

540 5156 768 5220 Spiritus
790 5168 1019 5221 sanctus,
1050 5172 1163 5209 cum
1191 5159 1337 5211 Patre
1362 5167 1416 5211 et
1445 5158 1572 5211 Filio
1600 5175 1729 5211 unus
1755 5158 1907 5211 Deus.
1938 5160 2079 5213 Solet

541 5226 697 5278 etiam
722 5228 819 5297 hoc
845 5229 921 5280 sic
951 5228 1046 5279 dici
1081 5243 1092 5277 :
1129 5224 1301 5291 Terra,
1338 5229 1384 5279 id
1426 5236 1525 5289 est,
1556 5225 1676 5280 caro
1703 5239 1899 5289 nostra,
1935 5242 2079 5297 Virgo

543 5297 737 5347 scilicet
764 5296 947 5360 Maria,
970 5298 1105 5348 dedit
1134 5298 1349 5363 fructum
1376 5311 1535 5358 suum,
1560 5298 1677 5362 quia
1700 5301 1872 5363 genuit
1894 5296 2079 5349 Salva-

543 5370 708 5417 toretn
739 5377 791 5420 et
818 5378 1051 5420 nostrum
1088 5362 1142 5420 et
1161 5378 1329 5419 stium.
1359 5362 1519 5417 .Uudc
1544 5362 1796 5417 bcncdicat
1824 5383 1912 5418 nos
1946 5366 2076 5420 Dens

548 5431 700 5487 I‘ater
729 5436 863 5489 illius
906 5439 1121 5489 fructus.
1166 5436 1447 5490 Benedic-at
1493 5448 1586 5484 nos
1636 5432 1768 5484 Deus
1813 5448 1994 5496 noster,
2028 5437 2077 5489 td

543 5514 645 5564 εει,
672 5505 781 5572 ipse
812 5507 1025 5559 fructus.
1060 5505 1324 5559 Benedicat
1348 5520 1437 5555 nos
1467 5501 1619 5565 Deus,
1655 5503 1703 5554 id
1728 5514 1824 5565 t-st,
1854 5506 2080 5571 Spiritus

544 5582 769 5627 sanctus.
806 5573 867 5625 Et
897 5580 945 5627 in
977 5578 1071 5628 hac
1114 5575 1473 5630 benedictione
1511 5583 1725 5624 memont
1766 5589 1874 5623 eum
1912 5588 2079 5624 omnes

544 5638 666 5702 lines
696 5652 855 5705 territt,
891 5648 1237 5698 monentibus
1266 5659 1386 5697 eutn
1415 5655 1576 5699 casto.
1610 5646 1754 5706 Quod
1788 5654 1851 5693 tta
1886 5646 2079 5695 tactum

542 5718 645 5776 ’ἔδει
669 5711 901 5781 implerit
923 5716 1059 5772 Deus
1089 5716 1239 5771 Pater
1270 5724 1435 5771 totum
1468 5716 1642 5770 urbem
1678 5712 1821 5769 l‘tliis
1851 5727 1959 5767 suis
1988 5727 2079 5768 co-

2188 596 2382 648 multos
2407 591 2594 647 fratres
2622 591 2744 646 fecit
2768 594 2816 644 ei
2849 607 2951 646 non
2977 594 3256 661 gignendo,
3288 597 3381 649 sed
3412 591 3731 665 adoptando.

2628 703 2693 758 IN
2734 704 3050 759 PSALMUM
3090 704 3297 761 LXVII.

2418 812 2473 867 in
2507 812 2663 869 linem
2695 815 2921 881 psalmus
2948 814 3147 867 Cantici
3178 816 3279 883 ipsi
3312 817 3494 873 David.

2776 917 3147 958 ARGUMENTUI.

2249 996 2383 1068 Cum
2420 1008 2594 1068 arcam
2627 998 3079 1068 testamentipost
3104 996 3339 1068 crebras
3388 996 3726 1068 migratione:

2184 1065 2395 1118 tandem
2420 1064 2577 1117 David
2599 1065 2663 1117 ad
2692 1080 2747 1118 se
2768 1066 2949 1134 grandi
2968 1066 3333 1120 exsultationis
3348 1064 3547 1121 ambitu
3562 1078 3725 1121 trans-

2183 1135 2360 1198 lerret,
2390 1148 2601 1187 carmen
2642 1134 2750 1188 hoc
2778 1136 2990 1195 eec‘nit.
3014 1150 3320 1202 memorque
3351 1137 3555 1191 itineris
3599 1139 3725 1193 illius

2182 1214 2233 1257 et
2263 1204 2668 1257 transductionis
2706 1204 2969 1271 quondam
3009 1205 3061 1257 in
3089 1220 3290 1268 eremo,
3324 1206 3474 1270 quasi
3514 1222 3577 1259 ex
3609 1223 3723 1271 per.

2180 1286 2311 1326 anna
2342 1273 2631 1340 principum
2676 1272 2812 1326 illius
2844 1274 3092 1340 temporis
3119 1275 3377 1338 psalmum
3412 1278 3720 1339 composuit.

2180 1341 2357 1409 ipsum
2407 1356 2616 1413 versum
2660 1342 2712 1413 in
2757 1342 2927 1407 capite
2972 1357 3191 1413 ponens,
3225 1357 3381 1408 quem
3429 1353 3483 1397 et
3524 1346 3722 1413 Moyses

2187 1420 2328 1472 tunc,
2359 1410 2562 1476 quoties
2584 1412 2633 1462 in
2654 1412 2858 1479 signum
2885 1411 3219 1476 profectionis
3246 1427 3371 1464 arca
3400 1410 3719 1478 movebatur,

2180 1479 2467 1549 decantare
2508 1481 2730 1533 solebat.
2784 1480 2948 1534 Aliter
2994 1483 3245 1549 propheta
3290 1486 3720 1537 resurrecﬁonetn

2181 1547 2373 1603 Christi
2401 1560 2453 1603 et
2483 1551 2803 1616 posteriores
2827 1549 3023 1617 glorias
3049 1547 3353 1603 annuntiat.

2779 1645 3136 1691 ‘Exrtannto.
3359 1705 3365 1710 ‘

2252 1726 2418 1781 David
2444 1727 2714 1782 Dominum
2742 1728 2983 1799 designat,
3014 1743 3163 1799 quem
3181 1738 3227 1781 et
3254 1729 3376 1795 ﬁnis
3404 1733 3721 1797 praesentiat;

2112 1787 2161 1848 Β
2187 1798 2365 1867 longus
2394 1800 2707 1880 psalmus._et
2734 1787 2951 1880 quinque
2968 1787 3381 1880 illapsalmciiibus
3404 1787 3720 1880 prmonitus,

2186 1885 2273 1936 per
2294 1884 2406 1936 qua:
2433 1883 2525 1920 nos
2554 1869 2816 1920 divisiones
2837 1868 3197 1937 impressimus.
3228 1868 3384 1921 Totus
3405 1878 3571 1920 autem
3595 1874 3721 1937 psul~

2190 1953 2300 2006 mus
2325 1953 2412 2005 per
2437 1939 2669 2003 mysticus
2696 1936 3048 1990 similitudines
3074 1937 3315 2005 loquitur,
3338 1938 3428 2006 qui
3450 1954 3720 1991 sacrataru-

2182 2004 2246 2058 tis
2265 2004 2554 2074 euangelicis
2575 2005 2774 2073 plenus,
2797 2014 2843 2057 et
2866 2004 3170 2059 ascensionis
3191 2004 3376 2061 Christi
3400 2009 3720 2073 descriptione

2183 2085 2489 2145 monstratur
2512 2090 2617 2128 esse
2638 2076 2938 2139 prnzct'puus.
2965 2073 3137 2145 Primo
3157 2076 3385 2145 ingressu
3407 2076 3587 2144 psalmi
3614 2094 3721 2142 pro-

2181 2144 2478 2215 phetadicit
2502 2160 2666 2215 ,iquce
2704 2144 2920 2215 inimicis
2959 2142 3163 2215 Domini
3194 2142 3461 2215 occidant,
3504 2147 3580 2198 cel
3616 2163 3722 2215 quc

2182 2213 2413 2281 ﬁdelibus
2432 2214 2482 2282 in
2507 2214 2679 2278 futura
2699 2214 3013 2282 judicatione
3035 2214 3341 2281 contingant.
3377 2214 3607 2267 Secundo
3629 2213 3716 2267 cir-

2182 2280 2311 2335 tutes
2347 2280 2625 2350 signiﬁcat,
2669 2280 2793 2350 quas
2834 2282 3042 2334 contulit
3090 2280 3271 2351 papula
3308 2282 3628 2347 Judworum,
3667 2300 3719 2336 ac

2181 2352 2361 2420 deinde
2389 2354 2509 2403 dicit
2549 2352 2966 2418 quemadmodum
3006 2366 3069 2403 ex
3097 2352 3171 2405 his
3197 2353 3403 2420 perfecit
3435 2351 3717 2406 Ecclesium.

2185 2416 2352 2474 Tertio
2385 2436 2469 2487 per
2493 2416 2673 2473 montis
2699 2422 2909 2488 speciem
2937 2421 3162 2486 designat
3195 2416 3465 2473 Dominum
3488 2422 3713 2473 Sulcato-

2179 2505 2300 2551 rem,
2334 2505 2725 2543 commemorans
2750 2504 2875 2556 quia
2892 2490 3127 2556 beneﬁcia
3153 2491 3437 2557 prastiterit
3466 2488 3713 2558 Ecclesia,

2180 2561 2383 2627 quando
2437 2575 2543 2611 eam
2601 2559 2974 2627 resurrectionis
3028 2573 3131 2609 sua
3184 2575 3388 2611 munere
3440 2562 3715 2613 sublevor-it.

2184 2627 2380 2692 Quarto
2407 2628 2720 2680 inimicorum
2756 2626 2961 2679 Domini
2984 2628 3265 2689 superbiam
3291 2634 3716 2694 conquassandam

2180 2712 2287 2748 esse
2307 2697 2621 2766 pronuntiat,
2653 2704 2697 2749 ct
2726 2698 3069 2748 conversiones
3097 2705 3142 2747 et
3172 2700 3412 2765 martyrio
3438 2699 3498 2748 ab
3528 2707 3719 2765 utroque

2181 2781 2323 2827 sexu,
2356 2777 2399 2817 et
2435 2782 2497 2818 ex
2536 2767 2759 2833 pessimis
2787 2766 2909 2817 dicit
2951 2782 3051 2818 esse
3078 2768 3324 2831 facienda,
3355 2782 3467 2818 cum
3493 2768 3718 2819 adcentus

2186 2834 2385 2886 Domini
2414 2836 2598 2887 mundo
2631 2834 2907 2888 Saluatoris
2926 2835 3167 2888 illurerit.
3201 2835 3388 2897 Quinto
3411 2837 3527 2886 dicit
3553 2837 3600 2886 in
3630 2836 3715 2887 Ec.

2182 2905 2342 2955 clesiis
2373 2905 2640 2956 Dominum
2668 2904 2845 2955 debere
2874 2906 3112 2965 benedici,
3146 2908 3227 2955 ubi
3254 2906 3479 2970 Apostoli
3504 2917 3550 2956 et
3580 2905 3718 2956 Chri-

2180 2982 2285 3042 stus
2307 2974 2411 3039 ipse
2440 2974 2747 3038 prwdicavil,
2776 2974 3064 3042 supplicans
3091 2982 3143 3042 ut
3166 2975 3300 3024 dona
3323 2991 3433 3037 qua
3454 2975 3583 3025 dedit
3604 2975 3720 3039 ﬁde-

2185 3041 2311 3092 libus
2339 3043 2459 3111 suis,
2491 3058 2781 3095 conservare
2803 3040 3057 3111 dignetur.
3096 3040 3261 3093 Monet
3293 3045 3445 3094 etiam
3472 3056 3523 3093 ut
3546 3047 3717 3095 relect-

2102 3115 2146 3176 C
2180 3119 2251 3161 ter
2275 3114 2339 3162 ad
2365 3109 2632 3163 Dominum
2664 3109 2876 3175 veniant,
2908 3114 2992 3178 qui
3014 3113 3061 3161 in
3088 3111 3179 3162 hoc
3200 3113 3387 3162 mundo
3420 3122 3647 3174 tanquam
3671 3115 3715 3163 in

2179 3179 2405 3249 ngypto
2457 3192 2501 3231 et
2547 3178 2813 3245 Ethiopia
2859 3190 3247 3249 commorantur.
3299 3180 3457 3249 Sextio
3504 3183 3714 3247 ingressu

2175 3247 2543 3302 ttttit’et‘silalettt
2584 3257 2783 3310 monet,
2827 3258 2878 3300 ut
2916 3250 3099 3314 psallat
3134 3247 3350 3300 Domino
3400 3248 3611 3302 Christo.
3640 3251 3718 3309 qui

2165 3319 2275 3385 jam
2321 3318 2695 3387 resurrcctiosns
2740 3333 2842 3370 sua:
2890 3320 3133 3371 miracula
3164 3320 3425 3387 patefecit,
3457 3334 3514 3371 ac
3550 3319 3719 3371 deinde

2174 3388 2419 3455 psalmum
2450 3384 2710 3439 Dominica
2740 3388 2884 3440 laude
2911 3384 3172 3439 conclusit.

2736 3491 3158 3532 COHIENTAIUUS-

2247 3560 2498 3638 Exsurgat
2532 3567 2684 3632 Deus,
2712 3566 3029 3637 dissipentur.
3066 3567 3128 3618 In
3156 3567 3308 3633 ﬁnem
3342 3565 3567 3620 Psalmis
3592 3564 3721 3620 Con-

2175 3637 2257 3689 tici
2287 3640 2385 3701 ipsi
2420 3637 2597 3689 David.
2634 3638 2752 3689 liae
2784 3638 2939 3688 verba
2972 3638 3267 3690 referuntur
3298 3637 3349 3688 in
3388 3638 3541 3689 ﬁnem
3580 3647 3717 3689 tem-

2176 3721 2382 3773 porum,
2416 3708 2663 3759 attributa
2697 3705 2793 3771 ipsi
2827 3705 3008 3767 David.
3040 3720 3155 3772 quze
3185 3718 3310 3773 vere
3340 3716 3464 3757 sunt
3491 3707 3715 3758 l'Salmus

2173 3772 2395 3828 Canticl.
2448 3776 2722 3829 Canticum
2772 3784 2905 3827 teste
2936 3775 2993 3825 Β.
3035 3772 3331 3839 Augustino
3373 3775 3579 3841 preprie
3610 3777 3714 3825 laus

2175 3844 2258 3895 illa
2284 3845 2496 3906 dicitur,
2527 3859 2645 3910 qua:
2672 3857 2765 3897 ore
2794 3843 3073 3911 profertur.
3116 3842 3354 3894 Psalmus
3384 3856 3511 3895 vero
3537 3845 3715 3893 modu«

2177 3913 2303 3969 latio
2331 3914 2417 3966 illa
2460 3914 2672 3974 dicitur,
2704 3927 2819 3980 quae
2852 3914 2904 3966 in
2945 3913 3144 3965 musico
3182 3913 3558 3972 instrumento,
3586 3914 3715 3977 quod

2175 3982 2480 4037 Psalterium
2510 3992 2724 4036 vocatur
2754 3995 2844 4051 per
2886 3984 3090 4049 pulsum
3133 3994 3413 4039 nervorum
3449 3993 3497 4033 et
3527 3992 3712 4032 tactum

2173 4051 2454 4119 digitorum
2491 4053 2788 4105 coniicitur.
2830 4050 3095 4115 Accipitur
3134 4060 3308 4103 autem
3340 4053 3596 4103 canticum
3627 4064 3712 4115 pro

2174 4122 2363 4175 mentis
2394 4122 2752 4189 intelligentia.
2791 4121 2989 4173 scilicet
3017 4121 3261 4187 quoniam
3297 4122 3433 4173 bene
3472 4120 3639 4171 anima
3667 4123 3713 4170 in

2174 4202 2233 4258 se
2261 4192 2370 4257 agit
2396 4199 2578 4243 sancte
2608 4190 2905 4242 meditando
2929 4198 2982 4239 et
3020 4190 3318 4258 cogitando.
3352 4191 3484 4253 Quia
3514 4189 3712 4247 dicitur,

2177 4254 2243 4309 Et
2265 4254 2501 4327 cogitatio
2529 4268 2701 4312 sancta
2740 4259 2951 4311 servabit
2980 4266 3045 4309 te.
3076 4254 3225 4322 Quod
3255 4259 3353 4308 soli
3401 4258 3506 4309 Deo
3543 4267 3715 4327 notum

2174 4335 2273 4391 est,
2299 4326 2417 4395 quia
2462 4329 2576 4394 ipse
2614 4328 2758 4381 solus
2786 4328 2927 4380 videt
2951 4327 3297 4393 cogitationes
3325 4338 3549 4377 nostras.
3583 4326 3717 4376 Psal-

2180 4412 2545 4477 mus.quoque.
2569 4398 2828 4477 accipitur
2858 4410 2950 4477 pro
2978 4396 3224 4477 exteriori
3248 4396 3576 4477 Operatiope,
3609 4408 3715 4477 quae

2109 4449 2156 4506 D
2181 4449 2431 4534 proximis
2452 4449 2980 4521 ‘etiam'innotescit.
3028 4449 3300 4531 Quoniam.
3332 4478 3457 4515 vero
3488 4449 3596 4534 bmc
3623 4449 3718 4513 duo

2178 4532 2581 4605 conjungontur,
2615 4543 2671 4590 ut
2695 4536 2966 4589 Canticum
2997 4538 3255 4602 praecedat
3288 4532 3618 4605 intelligenda
3641 4542 3715 4585 eSt

2178 4606 2295 4657 talis
2321 4604 2557 4675 operatio
2576 4644 2592 4671 ,
2622 4616 2674 4659 et
2706 4608 2821 4659 talis
2850 4606 2982 4667 laus,
3007 4619 3123 4672 quas
3174 4604 3401 4671 pertinet
3437 4606 3511 4675 ad
3566 4604 3717 4653 inter-

2179 4688 2295 4743 nam
2332 4673 2832 4743 a'ggralulationem,
2881 4676 3021 4727 velm
3072 4676 3155 4726 hic
3202 4684 3303 4725 est.
3357 4673 3537 4725 'l‘aiem
3582 4676 3713 4723 enim

2179 4741 2425 4811 hymnum
2451 4746 2645 4808 dicere,
2673 4756 2727 4798 et
2751 4747 2818 4796 ita
2842 4758 2958 4796 cum
2989 4743 3093 4796 Deo
3121 4756 3217 4794 suo
3246 4744 3505 4811 insistere,
3540 4755 3714 4811 plOCEf

2177 4809 2254 4863 dit
2281 4828 2343 4865 ex
2386 4814 2564 4866 intima
2611 4814 3038 4882 aggrntulatione,
3072 4818 3191 4877 quia
3238 4810 3408 4882 sancti
3453 4809 3517 4860 de
3564 4810 3715 4882 priori

2179 4882 2367 4948 popqu
2410 4897 2500 4949 per
2537 4878 2774 4937 sanctum
2804 4882 3161 4950 propheticum
3194 4880 3541 4950 prasvidentes
3567 4878 3714 4929 Chri~

2176 4961 2314 5001 stum
2352 4948 2579 5004 futurum
2605 4956 2655 5007 in
2697 4948 2873 5011 carne.
2902 4948 2960 5005 et
3005 4966 3097 5013 pro
3134 4948 3283 5001 nobis
3331 4952 3640 5001 meriturum
3666 4954 3713 4998 et

2179 5032 2635 5085 resurrecturum,
2689 5035 3025 5074 ascensurum
3069 5028 3123 5071 et
3175 5019 3428 5083 Spiritum
3484 5028 3715 5069 sanctum

2178 5086 2459 5142 missurum
2495 5100 2584 5144 :et
2611 5093 2685 5143 sic
2716 5094 2884 5145 locum
2913 5100 3152 5142 salictum
3189 5088 3298 5144 Dei.
3334 5090 3382 5138 id
3413 5098 3511 5148 est,
3546 5088 3717 5138 Eccle-

2178 5162 2306 5210 siam
2328 5162 2743 5212 eunSIituendam
2766 5162 3152 5226 aggratolantur
3171 5158 3236 5210 de
3259 5159 3349 5209 ιετὶ
3374 5157 3712 5217 institutione,

2176 5237 2228 5279 et
2255 5229 2329 5280 sic
2360 5230 2682 5297 bytnnizaut.
2733 5229 2820 5282 Sic
2847 5239 3006 5295 agunt
3044 5243 3163 5282 cum
3213 5228 3435 5280 Domino
3466 5226 3575 5297 Deo
3603 5236 3713 5283 σοον

2176 5305 2231 5350 et
2260 5296 2526 5351 hortantes
2568 5313 2663 5351 nos
2712 5307 2767 5349 ut
2815 5299 2971 5349 etiam
3005 5314 3097 5352 nos
3143 5298 3261 5350 inde
3290 5296 3714 5363 apgratalemur:

2177 5368 2295 5432 quia
2342 5370 2562 5433 pertinet
2605 5368 2675 5419 ad
2726 5367 3066 5420 sulvationem
3110 5381 3361 5425 nostram,
3387 5373 3442 5415 ut
3470 5365 3713 5429 hymnum

2177 5432 2413 5489 dicamus
2439 5476 2454 5500 ,
2484 5449 2537 5489 ut
2586 5436 2790 5488 tandem
2837 5436 2901 5487 ad
2955 5451 3129 5489 veram
3172 5432 3638 5502 aggratulatiottem
3665 5438 3715 5481 et

2182 5504 2528 5559 laudationem
2554 5507 2668 5559 sine
2688 5504 2789 5558 line
2820 5507 3199 5572 perveniamus.
3231 5503 3320 5554 Vel
3348 5505 3411 5561 si,
3432 5510 3487 5553 ut
3510 5504 3713 5569 quidam

2181 5576 2376 5636 volunt,
2406 5577 2470 5628 de
2503 5577 2669 5628 futura
2702 5576 3082 5629 resurrectione
3126 5575 3208 5625 hic
3244 5584 3457 5638 agatur,
3486 5573 3716 5622 dicemus

2179 5643 2297 5708 quia
2344 5648 2504 5697 sancti
2536 5647 2765 5711 praedicti
2798 5645 3124 5697 attendentes
3155 5642 3297 5693 illam
3327 5656 3502 5693 verant
3536 5651 3711 5691 resur-

2181 5712 2425 5768 rectionis
2463 5715 2679 5783 gloriam
2701 5753 2718 5783 ,
2743 5715 3017 5770 hortantur
3055 5726 3149 5768 nos
3178 5721 3234 5766 ut
3264 5725 3401 5766 nunc
3424 5718 3710 5772 conuiuas,
