3898 6226
205 455 318 513 εἳθ

895 457 956 509 ΙΝ
997 456 1405 515 ΡΞᾹΙιλΙΟΙὶυΜ
1449 461 1697 514 LIBRUM
1739 462 1753 513 1

1855 461 2087 516 SGESIS.
2127 493 2194 502 —
2233 463 2472 517 PSALM.
2515 464 2715 520 LXVII.

3278 466 3379 522 830

204 587 350 625 nunc
381 571 664 644 psallamus
691 577 743 620 ιιι
771 569 833 620 ad
866 570 1004 644 illam
1038 571 1396 644 perducamutj2
1425 571 1594 644 Juxta
1621 585 1743 644 vero
1772 575 1820 630 Α
1845 571 2166 644 exsurgatiu
2193 573 2426 626 notitiam
2466 576 2717 644 gentium,
2761 583 2814 628 ct
2838 576 3128 644 quicunque
3174 579 3366 633 inimici

205 638 436 707 priorem
481 638 818 692 intentionem
862 639 960 691 tale
1008 650 1108 700 est,
1155 643 1300 706 quasi
1347 640 1520 694 dicat:
1560 641 1740 691 Veniat

202 711 350 779 quod
375 709 601 761 futurum
623 708 720 768 est,
748 709 833 779 liat
860 709 997 774 quod
1029 711 1335 774 promissum
1363 720 1460 762 est.
1494 709 1740 779 Moriatur

207 769 394 845 liomo,
421 787 473 832 et
493 786 725 896 exsurgat
765 769 897 828 Deus
925 788 976 830 et
1006 769 1186 841 liomo,
1215 789 1266 829 et
1300 779 1600 844 dissipentur
1635 778 1741 828 ini-

207 851 331 896 ιιιὶεὲ
358 852 466 896 eius
496 861 513 896 :
545 857 596 896 et
662 855 830 896 actum
874 858 952 896 est
1004 849 1068 896 ita
1087 886 1101 896 .
1127 847 1423 896 exsurrexit
1464 847 1701 896 Christus
1721 887 1735 896 .

204 851 331 902 ιιιὶεὲ
358 852 466 915 ejus
496 861 513 898 :
545 857 596 898 et
642 847 830 898 factum
874 858 952 898 est
1004 849 1068 899 ita
1087 886 1101 909 ,
1127 847 1423 900 exsurrexit
1464 847 1701 898 Christus
1721 887 1735 908 ,

202 919 297 981 qui
328 926 409 974 est
431 917 569 970 Deus
598 929 754 978 super
780 916 950 967 omnia
981 916 1304 979 benedictus,
1332 927 1385 970 et
1411 917 1601 967 inimici
1627 915 1741 982 ejus

203 987 401 1050 Judaei,
435 987 485 1038 itt
513 1000 615 1049 quo
643 984 757 1035 loco
798 985 973 1036 odium
1002 996 1179 1037 contra
1207 1001 1324 1037 euut
1357 996 1656 1045 erexerunt,
1689 991 1742 1034 et

206 1059 300 1111 ubi
336 1070 508 1117 regem
539 1067 686 1106 suout
731 1053 1120 1116 cruciﬁmrtmt,
1146 1069 1170 1104 a
1203 1055 1449 1106 Romanis
1472 1054 1737 1117 tlebcllati,

203 1139 264 1180 et
310 1123 432 1180 inde
482 1123 724 1188 captivati
779 1137 869 1184 per
920 1132 1080 1174 totum
1128 1124 1304 1176 orIte'n
1359 1123 1738 1188 dispersisuut.

207 1197 384 1250 Etiam
417 1207 518 1246 nou
556 1191 779 1244 oderunt
801 1206 920 1244 eum
961 1208 1114 1258 quem
1147 1208 1246 1244 non
1276 1193 1536 1254 viderunt,
1568 1193 1612 1241 iol
1642 1203 1739 1253 est,

202 1264 500 1322 Christum,
528 1258 619 1314 sed
647 1269 818 1313 tamen
843 1263 1027 1314 timent
1049 1276 1200 1328 quem
1221 1273 1526 1328 prmseotcm
1555 1261 1744 1314 habent

205 1335 268 1388 in
298 1333 407 1388 suis
443 1332 493 1384 in
523 1330 709 1395 quibus
733 1330 862 1395 ipse
903 1340 1132 1396 apparet.
1182 1331 1246 1382 Et
1286 1330 1404 1382 inde
1447 1329 1638 1382 factum
1666 1341 1744 1382 est
1783 1340 1786 1344 '

205 1403 351 1469 quod
377 1399 630 1464 sequitur,
646 1399 842 1469 scilicet
868 1409 924 1452 ut
949 1401 1031 1465 qui
1053 1401 1174 1452 olim
1197 1401 1408 1451 oderunt
1433 1412 1562 1463 eum,
1590 1400 1744 1450 modo

208 1468 411 1541 fugiant
431 1489 462 1524 a
491 1470 616 1536 facie
643 1470 772 1536 ejus.
805 1468 944 1535 Fuga
973 1469 1110 1521 enim
1142 1469 1343 1541 proprie
1372 1469 1561 1522 dicitur
1593 1469 1746 1520 timor

207 1539 399 1594 animi.
433 1541 655 1602 Fugiunt
684 1553 802 1591 eum
834 1553 1054 1604 namque
1090 1539 1456 1601 spiritualiter,
1501 1554 1602 1591 uott
1632 1553 1745 1590 cor-

209 1606 484 1673 poraliter.
513 1607 782 1672 Quomodo
802 1607 938 1660 enim
966 1607 1306 1674 corporaliter
1335 1607 1510 1673 iugere
1532 1618 1746 1669 possunt

207 1695 338 1732 cum
363 1719 375 1740 ,
407 1679 490 1736 oui
523 1677 712 1742 ubique
751 1689 979 1739 praesens
1021 1685 1123 1736 est,
1155 1686 1208 1728 et
1251 1677 1316 1729 de
1359 1692 1461 1743 quo
1506 1676 1696 1728 dicitur
1727 1693 1739 1730 ε

210 1749 333 1810 Quo
376 1749 456 1799 ibo
481 1764 511 1799 a
538 1746 713 1812 spiritu
739 1755 848 1808 tuo,
879 1755 1040 1804 etquo
1068 1763 1097 1796 η
1127 1745 1251 1811 facie
1279 1755 1363 1797 ωτι
1388 1747 1615 1813 fugiant?
1646 1745 1745 1796 Fu-

207 1818 366 1881 giunt
393 1817 600 1884 quidem
640 1829 758 1868 eum
786 1830 887 1884 non
915 1829 1154 1879 corpore,
1182 1816 1272 1868 sed
1307 1815 1513 1884 animo;
1549 1815 1746 1878 fugiunt

1843 640 1955 700 ejus
1979 640 2299 707 dissipentur
2321 645 2452 694 bona
2479 640 3077 708 dissipatione,scilicet
3099 656 3152 699 ut
3181 663 3244 702 ex
3276 650 3372 701 ini.

1843 708 2127 778 micisliaut
2148 710 2319 762 amici.
2355 712 2415 762 Et
2442 713 2526 778 qui
2553 715 2756 765 oderunt
2785 729 2917 775 eum,
2940 715 2987 767 id
3009 727 3104 776 est,
3127 717 3365 770 odietues

1839 777 2190 850 Cltristiaunm
2234 795 2423 850 noun-rt
2454 777 2658 846 fugiunt
2684 799 2713 832 a
2745 785 2868 845 facie
2905 785 3030 850 ejus,
3060 787 3254 837 scilicet
3288 787 3365 837 fn-

1841 847 1988 918 giarrt
2012 861 2037 895 a
2072 846 2201 918 facie
2229 849 2344 900 irati
2374 851 2437 900 ad
2473 852 2658 903 faciem
2684 852 2890 918 placati.
2924 846 2989 904 Ἐι
3033 854 3165 906 sicut
3206 855 3375 906 fumos

1843 915 1892 991 in
1927 916 2091 991 altum
2118 917 2284 991 elatus
2335 918 2528 991 deﬁcit,
2561 920 2639 972 sic
2669 915 2765 991 ipsi
2788 921 3034 974 deliciant
3061 933 3111 975 et
3139 933 3380 991 corripite-

1845 984 2140 1035 ltondautur
2169 985 2219 1037 iu
2243 987 2481 1050 superbia
2513 1002 2626 1040 sua.
2655 990 2750 1054 Qui
2781 1000 2953 1043 autem
2983 991 3032 1043 id
3055 984 3378 1054 nolutrtfsci-

1845 1054 1967 1126 licet
2000 1063 2298 1126 peccatores
2323 1057 2370 1126 in
2401 1059 2627 1126 peccatis
2659 1060 2997 1124 persistentes
3025 1061 3100 1112 sic
3145 1071 3379 1126 pereant,

1845 1123 2053 1199 tandem
2078 1125 2261 1199 remoti
2281 1138 2307 1175 a
2325 1124 2454 1199 facie
2487 1127 2736 1199 llei.sicul
2759 1129 2872 1195 ﬁnit
2898 1123 3205 1199 ceraafacie
3232 1132 3382 1199 ignis.

1848 1191 1910 1265 Et
1946 1206 1986 1265 e_
2003 1203 2182 1244 contra
2224 1194 2352 1259 justi
2387 1196 2675 1265 epulantur,
2727 1191 2783 1250 ut
2818 1213 2971 1265 supra
3025 1191 3221 1251 dictum
3252 1191 3378 1253 "est.

1845 1262 2027 1313 Tertio
2047 1274 2255 1336 quaque
2279 1264 2433 1336 modo
2459 1265 2620 1317 series
2639 1265 2750 1319 lucc
2774 1282 2800 1318 τι
2826 1262 3080 1333 principio
3110 1267 3313 1336 legitur,
3332 1279 3386 1321 tit

1847 1339 2010 1400 totum
2037 1331 2102 1380 ad
2135 1331 2471 1400 novissimam
2521 1337 2956 1389 resurrectionem
2999 1331 3282 1400 referatur,
3334 1348 3386 1390 et

1843 1399 1919 1450 sic
1959 1397 2200 1468 dicatur:
2237 1399 2483 1468 Moriatur
2531 1404 2739 1463 quidem
2790 1408 2986 1466 homo,
3041 1417 3091 1457 et
3139 1397 3384 1468 resurgat

1850 1469 1982 1540 licus
2012 1467 2180 1540 adhuc
2207 1477 2259 1540 ut
2292 1467 2446 1520 Itomo
2470 1487 2488 1540 κε
2523 1471 2726 1523 tandem
2769 1487 2892 1524 vero
2918 1475 3193 1527 conveniet
3218 1479 3281 1524 ad
3301 1477 3386 1540 ju-

1847 1535 2040 1590 dicium
2070 1535 2130 1609 in!
2154 1537 2423 1609 majestate
2462 1539 2626 1609 Patris
2653 1551 2703 1593 et
2733 1554 3032 1594 sanctorum
3069 1535 3375 1609 angelorum

1846 1614 2099 1678 exsurgut,
2121 1607 2166 1658 id
2187 1615 2286 1668 est,
2302 1607 2581 1678 manifeste
2602 1619 2778 1678 surgat
2799 1619 2848 1662 et
2875 1623 3119 1677 appareat
3137 1607 3381 1663 omnibus

1846 1689 1999 1750 verus
2028 1673 2176 1750 Deus,
2207 1685 2252 1750 et
2277 1676 2578 1750 dissipentur
2607 1673 2792 1750 inimici
2816 1673 2924 1750 ejus
2946 1673 3068 1732 tunc
3090 1682 3224 1733 sicut
3258 1695 3380 1732 rere

1845 1744 2070 1810 grai-iter
2111 1743 2524 1807 dissipabuntur.
2573 1748 2692 1811 quia
2736 1743 3124 1802 damnabantur
3173 1768 3185 1802 :
3232 1760 3284 1801 et
3315 1751 3385 1801 ita

1844 1813 2181 1883 dissipentur,
2209 1821 2262 1864 ut
2283 1829 2318 1883 γα
2345 1814 2472 1880 facie
2491 1816 2600 1880 ejus
2631 1819 2816 1870 remoti
2847 1833 3028 1871 omnes
3057 1820 3142 1883 qui
3170 1821 3385 1871 oderunt

208 1880 339 1956 eum
363 1880 464 1940 non
490 1884 718 1956 latendo,
737 1883 838 1956 sed
863 1884 1112 1956 timendo;
1138 1899 1233 1938 nec
1258 1886 1441 1956 timent
1469 1883 1651 1938 faciem
1681 1886 1743 1938 ιι-
1781 1896 1823 1956 Β
1848 1899 1979 1956 cum.
2008 1880 2220 1956 fugiant,
2247 1882 2296 1956 id
2317 1891 2417 1946 est,
2444 1883 2485 1933 si
2508 1899 2630 1956 Anon
2656 1899 2753 1956 -ps
2771 1886 3016 1939 redeundi
3046 1880 3113 1939 ab
3153 1891 3265 1951 ipso
3302 1903 3386 1940 re.

211 1955 323 2007 lam
347 1970 501 2022 quam
525 1968 627 2006 non
669 1953 863 2022 vident,
903 1953 991 2006 sed
1041 1953 1225 2008 timent
1250 1955 1387 2007 il'am
1417 1968 1568 2020 quam
1619 1967 1748 2020 pra:-

207 2021 422 2078 sentem
454 2024 658 2083 habent,
693 2021 890 2074 scilicet
940 2023 1076 2075 illam
1122 2024 1187 2076 de
1231 2037 1338 2088 quo
1384 2023 1578 2075 dictum
1623 2033 1748 2076 et:

208 2094 412 2147 Antodo
441 2092 661 2145 videbitis
690 2089 875 2142 Filium
904 2090 1116 2144 Itontinis
1157 2093 1424 2145 venientem
1451 2093 1500 2144 ιιι
1545 2092 1752 2145 nubibus

208 2162 346 2216 caeli.
378 2163 473 2228 Qui
494 2161 632 2214 enim
666 2161 808 2220 prius
834 2174 924 2228 per
951 2175 1008 2213 se
1032 2162 1198 2228 ipsum
1229 2163 1430 2215 locutus
1453 2173 1550 2223 est,
1577 2162 1753 2226 loque-

212 2244 305 2285 tur
336 2248 427 2300 per
459 2229 641 2291 nubes,
671 2229 718 2280 id
745 2237 844 2290 est,
875 2245 964 2295 per
994 2244 1282 2296 praecones.
1313 2232 1378 2284 Et
1406 2231 1544 2285 itsnc'
1566 2232 1750 2286 faciem

209 2300 358 2369 ejus,
393 2301 590 2369 scilicet
622 2313 917 2363 praecones,
964 2300 1014 2352 in
1041 2301 1226 2364 quibus
1267 2310 1478 2367 apparet
1506 2311 1558 2353 et
1589 2302 1754 2367 loqui-

214 2368 337 2434 tur,
379 2379 430 2424 et
472 2368 750 2423 l-‘cclesiatn
780 2369 890 2434 ejus
921 2377 1077 2419 totam
1109 2369 1291 2421 timent
1320 2369 1487 2423 iudici
1507 2409 1521 2430 ,
1553 2374 1670 2436 quia
1702 2378 1754 2422 et

215 2439 300 2491 eis
352 2438 534 2506 partim
563 2438 780 2505 subjecti
809 2446 948 2502 sunt,
994 2447 1047 2490 et
1076 2438 1195 2506 quia
1220 2438 1501 2492 abhorrent
1543 2453 1753 2493 onmem

209 2509 568 2561 Christianam
597 2508 918 2572 religiooem.

291 2578 435 2631 Sicut
476 2577 639 2640 deﬁcit
675 2579 858 2642 fumus.
915 2575 1239 2640 llissipenlur
1263 2576 1454 2628 inimici
1484 2575 1670 2640 Jttdmi,
1703 2587 1758 2631 et

212 2647 462 2711 deﬁciant
499 2647 620 2697 situt
653 2645 814 2715 deﬁcit
843 2645 1027 2715 fumus.
1058 2645 1248 2715 Fumus
1286 2646 1351 2696 ab
1393 2648 1509 2711 igne
1537 2659 1756 2715 surgens

215 2719 274 2768 in
303 2717 464 2768 altum
503 2713 767 2784 ascendit,
797 2722 850 2766 et
874 2715 950 2766 sic
974 2713 1147 2784 delicit
1177 2730 1189 2784 ξ
1220 2715 1296 2784 sic
1325 2715 1485 2765 Jttdati
1531 2717 1596 2768 ab
1638 2713 1758 2784 igne

209 2786 460 2838 odiorum
488 2796 696 2836 suorum
736 2781 785 2832 in
813 2783 1106 2846 superbiam
1148 2783 1195 2835 el
1216 2783 1266 2836 ιιι
1297 2793 1454 2844 super
1483 2781 1749 2839 Christum

210 2856 594 2915 clamaverunt,
623 2851 891 2921 Crutiﬁge,
919 2852 1149 2922 cruri/iga
1173 2869 1301 2905 eum.
1332 2853 1394 2906 Et
1417 2863 1570 2920 capto
1596 2857 1756 2908 insul-

213 2933 485 2985 taverunt,
509 2937 566 2974 ac
587 2923 895 2989 pendentem
923 2922 1212 2974 irrisetttul.
1243 2923 1343 2974 Sed
1369 2927 1505 2974 unde
1534 2927 1756 2976 victores

216 2993 542 3053 timuerunt,
575 3005 690 3043 mox
725 2992 839 3044 victi
872 3000 1217 3054 evanuerunt,
1245 3000 1297 3044 et
1326 2992 1400 3044 sic
1429 2993 1753 3058 defecerunt,

215 3064 345 3130 quia
377 3061 503 3114 nihil
534 3061 773 3113 ellectum
800 3059 1072 3112 dederunt.
1101 3061 1344 3129 Sequitur
1371 3077 1384 3112 :

295 3132 442 3186 Sicut
465 3132 572 3200 ﬂuit
604 3145 711 3182 cera
737 3147 768 3181 a
797 3130 924 3195 {arie
948 3129 1096 3196 ignis,
1129 3131 1196 3180 ita
1242 3142 1440 3194 pereant
1480 3141 1758 3200 peccatores

214 3219 250 3256 α
281 3203 412 3268 [acie
456 3199 562 3251 Dei.
596 3199 738 3252 Licet
782 3202 915 3252 istud
961 3201 1011 3251 itt
1054 3201 1242 3251 bonum
1274 3201 1338 3251 de
1374 3201 1566 3252 ludatis
1599 3205 1760 3267 possit

215 3271 414 3335 εειοὶβί,
446 3270 542 3323 hoc
571 3272 724 3322 modo
755 3270 841 3322 Sic
868 3279 1066 3335 pereant
1094 3279 1372 3329 peccatores
1398 3269 1558 3322 .ludari
1585 3290 1596 3322 :
1621 3289 1650 3322 a
1679 3277 1757 3332 ra-

216 3344 299 3394 εἰς
330 3340 441 3397 Dii.
473 3339 522 3392 id
553 3349 652 3404 est,
698 3355 786 3406 per
815 3352 1099 3406 praecones.
1149 3340 1250 3390 llor
1300 3349 1401 3398 est,
1443 3339 1517 3391 sic
1560 3340 1760 3394 difﬂuat

218 3409 418 3462 duritia
468 3410 638 3461 cordis
683 3423 863 3460 eorum
909 3408 959 3459 in
1009 3410 1248 3477 lacrytuis
1300 3409 1619 3475 poenitentia:
1669 3423 1760 3476 per

221 3481 400 3541 ignem
430 3480 736 3529 constantia:
763 3487 1057 3530 sanctorum
1081 3493 1388 3547 martyrum,
1415 3479 1492 3530 vcl
1516 3489 1760 3545 quorum-

222 3549 356 3602 libet
385 3548 586 3600 iilorum
613 3547 676 3599 de
702 3547 885 3614 quibus
913 3547 1210 3613 est,spiritu
1243 3547 1520 3609 ferventes,
1543 3548 1760 3602 Domino

219 3617 552 3680 servientes,
584 3618 708 3668 sicut
753 3615 1002 3682 cera'igoi
1051 3616 1276 3669 adhibita
1307 3618 1434 3683 ﬂuit.
1471 3616 1535 3669 Et
1573 3620 1667 3672 ltoc
1695 3620 1762 3673 sit

220 3687 424 3740 dictum
448 3695 694 3752 quantum
724 3687 785 3738 ad
815 3686 1063 3753 quosdam
1097 3685 1534 3744 Jutlaeos,scilicet
1561 3691 1644 3755 qui
1674 3703 1760 3742 ac-

217 3758 475 3810 cedentes
501 3755 566 3807 ad
594 3756 854 3817 apostolos
883 3757 1117 3807 dixerunt
1153 3774 1162 3807 :
1195 3756 1328 3819 Quid
1363 3756 1634 3821 faciemus.
1669 3759 1760 3810 viri

219 3829 430 3894 fratres.
466 3834 566 3877 etc.
607 3823 756 3877 Juxta
787 3826 922 3888 quod
951 3841 1171 3891 sequens
1199 3840 1380 3878 versus
1412 3827 1477 3876 ita
1506 3827 1758 3890 simplici.

219 3905 310 3948 ter
330 3895 736 3948 continuabitur.
765 3894 826 3946 Et
848 3896 1105 3964 lactijttslt'
1123 3899 1397 3964 epulantur,
1422 3906 1522 3947 etc.
1555 3896 1757 3963 Liquet,

221 3966 464 4032 inquam,
511 3964 578 4015 ita
630 3979 780 4029 posse
816 3965 945 4026 dici,
979 3974 1146 4018 tamen
1179 3966 1399 4017 maxime
1444 3966 1644 4019 videtur
1684 3971 1759 4021 eis

224 4035 418 4103 minari
459 4032 542 4086 ltic
591 4043 841 4103 attentum
883 4033 1216 4099 supplicium,
1246 4035 1445 4087 scilicet
1473 4043 1525 4088 ut
1550 4039 1759 4103 quando

229 4102 487 4156 Dominus
513 4102 680 4156 veniet
718 4104 765 4153 itt
799 4103 1064 4168 majestate
1091 4103 1254 4154 Patris
1275 4113 1326 4156 et
1352 4102 1644 4156 sanctorum
1677 4122 1762 4158 an-

224 4172 494 4238 gelorum,
527 4173 667 4224 velut
695 4173 826 4240 ignis
855 4173 916 4222 ad
947 4172 1280 4227 rremandum
1311 4175 1494 4232 malos.
1526 4185 1575 4225 et
1604 4175 1663 4226 ad
1698 4178 1758 4225 il-

221 4241 586 4310 lttntittandutn
631 4242 812 4293 IIOIIIIS.
854 4240 905 4291 ltt
949 4241 1063 4310 igne
1115 4242 1252 4294 enim
1285 4252 1362 4295 est
1411 4251 1462 4295 et
1506 4245 1646 4295 calor
1683 4254 1759 4297 et;

219 4311 499 4376 splendor.
531 4309 676 4364 Tunc
719 4309 1016 4378 peccatores
1060 4310 1222 4363 .Ιιιι1ι’.;ἱ
1265 4313 1313 4364 in
1347 4314 1571 4380 pet-catis
1597 4317 1757 4381 persi—

218 4389 448 4442 stentes,
478 4382 716 4452 remoue
751 4381 879 4434 iac-ie
928 4381 1034 4434 Dei.
1084 4381 1307 4434 Tollatttr
1333 4383 1459 4434 enim
1489 4383 1672 4452 impius
1704 4401 1762 4437 ne

219 4452 391 4502 videat
419 4452 630 4518 gloriam
665 4449 772 4510 Dei,
819 4461 1028 4518 pereant
1073 4454 1120 4501 itt
1153 4462 1373 4504 attentas
1400 4449 1639 4504 tenebras
1669 4457 1756 4506 de-

223 4521 382 4582 trusi,
406 4520 544 4590 sicut
583 4521 692 4572 lluit
720 4535 835 4590 cera
867 4520 1091 4574 adhibita
1120 4523 1241 4589 igni.
1276 4521 1336 4572 Et
1384 4530 1502 4590 tunc
1537 4523 1665 4590 justi
1693 4538 1752 4574 ex

220 4589 473 4655 opposito
515 4588 794 4655 epulentur,
824 4591 870 4641 id
911 4599 1010 4652 cst,
1057 4590 1119 4640 de
1147 4588 1284 4642 certa
1322 4588 1602 4643 refectione
1630 4607 1756 4657 gau-

222 4659 389 4710 deant
413 4668 458 4709 et
487 4663 728 4711 exsultent
754 4661 803 4710 in
828 4670 1085 4725 conspectu
1113 4657 1218 4713 Dei.
1252 4659 1301 4710 id
1332 4668 1428 4719 est,
1453 4661 1570 4725 quia
1599 4661 1756 4713 Deum

227 4728 364 4777 lacte
385 4727 445 4776 ad
470 4725 652 4779 faciem
677 4727 993 4794 constiicicut
1020 4737 1066 4778 ει
1087 4726 1386 4778 delectentur
1415 4738 1553 4790 tunc,
1585 4730 1632 4779 id
1656 4740 1754 4788 est,

222 4796 279 4848 in
313 4795 484 4846 latitia
509 4797 622 4849 sine
645 4797 868 4849 tristitia.
896 4796 1040 4848 Nunc
1067 4798 1201 4847 euiut
1228 4797 1352 4862 justi
1382 4797 1633 4852 laetantur.
1663 4800 1752 4850 sed

225 4880 336 4917 non
367 4863 481 4916 sine
508 4865 733 4918 tristitia.
766 4867 891 4930 Quia
920 4867 1104 4918 dicitur
1127 4867 1220 4927 eis,
1248 4865 1439 4920 Servite
1469 4866 1680 4918 Domino
1708 4869 1757 4917 iu

223 4935 427 4994 timore,
459 4943 505 4985 et
544 4937 782 4987 exsultate
827 4936 870 4986 ei
915 4951 1024 4986 cum
1071 4946 1296 4987 tremore.
1348 4936 1407 4988 Et
1446 4936 1603 4988 alibi:
1635 4936 1760 4989 Cum

222 5006 412 5072 timor:
438 5013 480 5054 et
509 5012 717 5057 tremore
754 5013 961 5056 vestram
986 5006 1203 5072 ipsorum
1234 5016 1490 5071 oper-antes
1529 5009 1755 5059 salutem.

225 5074 296 5124 Et
329 5071 447 5124 ideo
475 5087 612 5126 nunc
644 5084 743 5126 non
764 5084 844 5126 est
873 5071 1218 5137 vt-rala‘titia,
1241 5075 1331 5125 sed
1358 5084 1477 5126 tunc
1509 5077 1622 5126 erit
1640 5090 1758 5127 vera

226 5139 434 5211 laetitia,
459 5143 668 5211 quando
707 5157 965 5211 nunquam
1013 5145 1232 5211 amplius
1261 5145 1489 5196 occurrit
1528 5145 1755 5196 tristitia.

226 5210 412 5264 Potest
446 5213 601 5264 etiam
632 5209 713 5265 ltic
746 5209 876 5265 idem
912 5209 1231 5267 versus‘dici
1277 5213 1341 5266 de
1388 5214 1649 5278 praesenti,
1679 5229 1761 5265 se-

226 5279 460 5332 cundum
486 5282 708 5347 priorem
738 5281 787 5334 itt
814 5282 947 5334 bono
969 5283 1276 5335 sententiam
1305 5284 1380 5333 sic
1411 5299 1423 5331 :
1458 5282 1760 5335 Petentores

228 5351 496 5418 faclijusti
525 5353 800 5420 epulentstr,
831 5351 878 5402 id
908 5362 1006 5410 est,
1042 5353 1200 5403 verbo
1227 5352 1314 5403 Dei
1358 5360 1598 5420 tanquam
1626 5353 1759 5404 dulci

225 5419 388 5485 epulo
415 5419 730 5482 reﬁciantur,
757 5432 800 5472 et
829 5421 1071 5473 exsultent
1096 5423 1145 5473 in
1170 5430 1431 5487 conspectu
1457 5419 1566 5480 Dei,
1586 5420 1632 5470 id
1659 5431 1757 5483 est,

228 5487 284 5540 in
317 5491 474 5542 corde
513 5503 529 5540 ε
562 5491 646 5543 ubi
691 5490 942 5549 conspicit
970 5505 1062 5542 eos
1095 5492 1247 5554 Deus,
1279 5501 1329 5542 et
1357 5490 1423 5541 ab
1450 5491 1525 5542 eis
1554 5491 1759 5554 conspi-

225 5556 385 5617 citur,
417 5565 461 5607 et
489 5559 539 5609 in
567 5559 664 5612 hac
694 5560 866 5611 latitia
896 5559 1218 5613 delectantur.
1257 5559 1385 5614 Vera
1415 5561 1551 5612 enim
1585 5560 1760 5611 laetitia

225 5636 316 5678 est
342 5640 659 5692 cognoscere
685 5628 862 5682 Deum.
883 5629 1050 5681 PotcSt
1077 5633 1209 5694 quod
1241 5644 1267 5681 a
1291 5629 1544 5695 principio
1567 5627 1759 5680 dictum

222 5706 331 5756 est,
359 5709 459 5747 non
482 5696 649 5749 solum
676 5700 740 5751 ad
781 5700 1012 5762 Judzeos,
1041 5701 1128 5751 sed
1153 5701 1214 5749 ad
1255 5712 1436 5750 omnes
1465 5699 1618 5750 etiam
1660 5698 1759 5750 luis

229 5766 400 5818 uicos
430 5763 634 5826 referri,
668 5776 722 5819 ttt
749 5771 824 5820 sic
851 5771 1085 5822 dicatur:
1119 5768 1361 5820 Moriatur
1382 5769 1557 5829 homo,
1587 5781 1762 5818 rcsur-

226 5846 320 5901 gat
351 5835 488 5890 Deus
517 5845 568 5891 et
593 5836 1021 5906 homo-,asecndit
1064 5849 1110 5892 cl
1152 5837 1310 5891 tuiSso
1360 5837 1549 5902 Spiritu
1578 5847 1760 5891 sancto

1854 1951 2066 2014 cedant.
2097 1949 2308 2021 Proprie
2337 1957 2474 2004 enim
2503 1949 2916 2021 fttgere‘dicitur,
2945 1956 3152 2021 quando
3176 1949 3385 2010 reditus

1850 2023 2176 2092 desperatur.
2212 2019 2274 2092 _Et
2294 2021 2410 2072 ideo
2435 2024 2546 2092 plus
2565 2019 2701 2075 dicit
2731 2024 2811 2075 ltic
2850 2019 3006 2092 quant
3050 2025 3214 2092 prius.
3259 2025 3385 2077 Pos-

1855 2103 1971 2159 sent
1992 2088 2224 2159 euitn_ad
2247 2098 2449 2155 tempus
2474 2091 2797 2157 dissipari,et
2824 2088 2946 2146 item
2965 2088 3188 2147 restitui.
3211 2095 3384 2159 Quare

1850 2158 2100 2232 subjecit,
2126 2157 2339 2232 Fugiant
2376 2170 2428 2232 et
2475 2161 2708 2224 deﬁciunt
2753 2171 2872 2216 tunc
2900 2166 2950 2215 iu
2998 2157 3382 2232 superbia—sua,

1850 2230 1974 2282 sicut
2005 2228 2167 2299 deﬁcit
2190 2228 2516 2297 [ιιιιιιω.νει“ἓ
2540 2233 2680 2283 enim
2705 2233 2930 2294 tleliciet,
2955 2235 3042 2299 qui
3064 2228 3094 2283 ξ.
3119 2248 3241 2285 vero
3265 2246 3385 2286 esse

1851 2295 2252 2364 tit-parabuntur,
2277 2308 2329 2350 et
2359 2308 2656 2363 peccatores
2683 2302 2872 2363 repul~i
2895 2317 2921 2352 a
2953 2295 3083 2353 facie
3114 2302 3222 2354 Dei.
3256 2299 3382 2353 Tol-

1852 2367 1983 2418 latur
2011 2365 2140 2420 enim
2172 2366 2353 2435 impius
2385 2381 2446 2416 tte
2481 2367 2638 2418 uideat
2676 2371 2888 2435 gloriam
2923 2370 3030 2431 Dei,
3072 2371 3146 2421 sic
3174 2379 3388 2435 pereant

1855 2437 2088 2488 adhibito
2121 2435 2235 2501 igne
2283 2434 2534 2487 dis-tritta!
2580 2434 2871 2499 sententia),
2921 2440 3056 2490 sicut
3104 2434 3218 2490 linit
3263 2453 3383 2490 cera

1852 2504 2092 2558 adhibito
2125 2504 2250 2572 igni.
2298 2503 2337 2556 Ε
2373 2515 2553 2556 eontra
2579 2515 2751 2558 autent
2782 2507 2904 2572 justi
2952 2509 3247 2572 epulantur,
3279 2515 3384 2560 etc.

1923 2574 2126 2626 Cuntale
2157 2571 2279 2625 Deo.
2321 2572 2458 2624 Istud
2484 2572 2629 2640 juxta
2653 2571 2923 2642 prmd’ictas
2955 2571 3238 2629 sententias
3261 2591 3386 2628 ron-

1856 2643 2086 2697 tinttatur
2113 2643 2298 2694 eodem
2331 2643 2515 2705 modo;
2543 2643 2620 2695 sic
2657 2647 2876 2699 scilicet.
2907 2646 2971 2700 Ut
3000 2659 3090 2707 vos
3117 2645 3387 2700 exsultetis

1854 2723 1906 2783 et
1931 2711 2262 2783 delet'tetttiui
2292 2723 2341 2763 et
2371 2709 2456 2783 llic
2489 2724 2540 2764 et
2583 2714 2636 2783 iu
2662 2713 2858 2778 futuro,
2887 2730 3010 2783 ergo
3035 2724 3229 2767 cantate
3258 2714 3384 2778 Deo,

1857 2780 1904 2834 id
1927 2790 2026 2843 est,
2056 2784 2119 2835 ad
2145 2780 2344 2832 laudem
2371 2777 2482 2844 Dei,
2514 2788 2568 2834 et
2604 2781 2752 2835 dicite
2777 2777 3020 2847 psalmum
3050 2785 3235 2836 nomini
3258 2777 3388 2850 eius,

1857 2867 1959 2904 non
1992 2862 2167 2905 vestro
2195 2850 2552 2916 glorificantia.
2601 2850 2689 2904 Ille
2722 2853 2828 2906 Deo
2860 2863 3054 2913 cantat,
3103 2852 3254 2919 cujus
3299 2867 3389 2906 cor

1856 2930 2048 2973 sanctae
2091 2919 2410 2973 meditationi
2437 2929 2488 2972 et
2531 2919 2832 2986 cogitationi
2885 2937 3092 2988 semper
3117 2922 3386 2987 invigilat;

1858 2991 2113 3054 psalmum
2145 3000 2266 3057 vero
2285 2988 2427 3049 dicit,
2459 2990 2542 3052 qui
2571 2990 2895 3045 extrinsecus
2924 2992 3052 3043 bona
3077 3005 3233 3057 opera
3266 2992 3388 3042 facit

1857 3059 1921 3109 ad
1953 3055 2349 3110 aediﬁcationem
2377 3057 2617 3119 proximi.
2646 3059 2708 3110 Et
2729 3063 2873 3126 quasi
2902 3061 3042 3112 dicat
3072 3077 3082 3110 :
3117 3055 3388 3112 Cantando

1857 3136 1903 3178 et
1945 3128 2212 3193 psallendo
2241 3125 2388 3190 facile
2417 3126 2457 3176 ei
2481 3126 2571 3177 iter
2597 3127 2646 3178 ιιι
2675 3127 2821 3180 vobis
2861 3137 2914 3181 et
2952 3129 3002 3180 in
3037 3130 3173 3191 aliis,
3202 3129 3249 3180 id
3283 3138 3384 3191 est,

1864 3207 2150 3262 praeparate
2197 3196 2331 3264 viam
2365 3194 2616 3259 Domino,
2647 3196 2846 3251 scilicet
2886 3208 2941 3250 tit
2991 3213 3081 3264 per
3125 3198 3389 3264 speciosus

1863 3267 2018 3328 pedes
2050 3263 2516 3331 Evangelizautium
2543 3267 2713 3331 pervia
2745 3267 2871 3319 flant
2909 3269 2954 3320 ei
2981 3263 3135 3320 corda
3160 3263 3381 3319 creden-

1861 3334 2006 3404 tium.
2036 3336 2098 3388 Et
2127 3338 2244 3388 dico
2267 3335 2349 3398 qui
2367 3335 2588 3404 ascendit
2611 3350 2760 3402 super
2792 3353 3037 3398 occasum,
3069 3337 3118 3389 td
3147 3344 3258 3391 est.
3303 3339 3388 3404 qui

1857 3403 2051 3456 devicit
2091 3403 2358 3460 mundum,
2407 3403 2523 3469 quia
2555 3415 2725 3458 morte
2753 3421 2843 3458 sua
2884 3407 3138 3460 destruxit
3176 3403 3385 3457 lllnllt‘ltt

1859 3482 2094 3527 nostrum
2151 3486 2416 3530 occasum,
2474 3473 2522 3523 id
2573 3484 2672 3534 est,
2717 3486 2936 3530 ιηοιιειιι
3001 3487 3250 3527 nostram.
3301 3476 3388 3527 Vel

1859 3542 2010 3595 aliter
2040 3561 2051 3594 :
2080 3544 2265 3598 Oriens
2290 3541 2534 3594 dicuntur
2562 3556 2745 3596 omnes
2794 3546 2889 3606 illi,
2920 3544 3006 3611 qui
3053 3545 3208 3595 tidem
3237 3558 3389 3596 accea

1860 3623 2046 3678 perunt
2089 3623 2141 3666 ot
2184 3613 2316 3667 bona
2371 3625 2526 3677 opera
2576 3612 2763 3665 iaciunt
2795 3629 2806 3662 τ
2840 3626 3057 3666 oecasus
3105 3627 3229 3664 vero
3268 3619 3390 3667 sunt

1857 3695 2041 3746 omnes
2065 3682 2163 3747 illi,
2193 3678 2383 3750 quibus
2407 3695 2558 3732 verus
2587 3682 2664 3733 sol
2688 3683 2901 3748 justitia:
2923 3682 3134 3742 occidit,
3163 3693 3384 3748 quarunt

1859 3751 2149 3805 intellectus
2179 3761 2232 3805 et
2279 3751 2409 3801 ratio
2455 3759 2576 3802 sont
2616 3753 2886 3804 obscurata
2913 3793 2926 3810 ,
2974 3762 3025 3804 et
3072 3750 3187 3803 ideo
3232 3763 3389 3818 upcr't

1858 3832 2038 3872 eorum
2061 3831 2283 3873 mortua.
2307 3819 2474 3884 Super
2497 3820 2590 3869 ltos
2616 3819 2861 3872 Dominus
2889 3822 3122 3873 ascendt
3142 3823 3228 3880 ita,
3245 3821 3386 3887 quod

1857 3902 2098 3940 occasum
2132 3891 2180 3942 in
2219 3891 2295 3944 eis
2322 3895 2551 3957 superat,
2583 3889 2700 3953 quia
2732 3889 2826 3940 ltus
2852 3889 3007 3941 etiattt
3060 3890 3187 3942 tales
3227 3891 3388 3957 gratia

1859 3972 1949 4009 sua
1982 3959 2254 4024 illuminat,
2296 3965 2349 4012 et
2379 3960 2510 4008 licita
2543 3956 2591 4008 itt
2623 3958 2698 4008 eis
2728 3957 2847 4010 facit
2873 3972 3049 4024 opera.
3082 3956 3388 4012 Talls’euint

1858 4026 2126 4080 llattlttetts
2157 4029 2269 4095 fuit,
2301 4039 2454 4094 quem
2483 4025 2550 4095 de
2579 4026 2782 4079 teloneo
2818 4027 3065 4081 Dominus
3088 4030 3388 4094 assitmpsit,

1858 4106 1911 4149 et
1966 4096 2186 4161 Paulus,
2243 4113 2396 4164 quem
2451 4094 2519 4146 alt
2575 4097 2816 4150 Ecclesia:
2886 4098 3244 4163 persccutione
3305 4112 3387 4148 re-

1859 4166 2036 4231 traxit,
2065 4179 2115 4220 et
2146 4178 2414 4233 patronum
2449 4164 2693 4217 Ecclesia:
2733 4166 2870 4217 fecit.
2919 4167 2976 4218 Et
3005 4168 3190 4218 merito
3213 4180 3388 4216 ascen-

1857 4235 1928 4286 dit
1956 4237 2067 4301 ipse
2113 4252 2260 4304 super
2284 4250 2539 4304 occasum,
2557 4235 2682 4302 quia
2713 4237 2787 4286 illi
2826 4245 3104 4287 estnomen
3154 4233 3391 4286 Dominus

1858 4306 2174 4371 specialiter,
2226 4308 2344 4369 quia
2398 4303 2699 4357 Dominator
2745 4315 2829 4357 est
2879 4308 3130 4370 omnium,
3192 4315 3243 4357 et
3299 4318 3388 4355 rc-

1857 4376 2096 4441 demptor
2122 4376 2375 4429 omnium.
2423 4373 2576 4437 Dixit,
2629 4376 2719 4426 iter
2753 4377 2896 4442 facile
2935 4376 3001 4428 ei.
3055 4375 3116 4427 Et
3156 4377 3270 4442 quia
3300 4371 3391 4439 qui

1860 4444 2054 4498 iaciunt
2083 4447 2202 4510 iter,
2233 4450 2392 4498 multa
2440 4445 2572 4496 mala
2625 4446 2906 4511 patiuntur,
2951 4447 3067 4511 quia
3095 4459 3259 4493 omnes
3305 4443 3390 4510 qui

1861 4516 2030 4564 volunt
2057 4517 2135 4582 pie
2163 4517 2319 4568 vivere
2342 4516 2392 4566 in
2418 4513 2633 4576 Christo,
2668 4529 2863 4567 mersae
2891 4525 2960 4566 est
3003 4523 3056 4564 ut
3093 4515 3391 4578 persecutio-

1861 4598 1968 4633 nem
1995 4587 2263 4651 patiantur.
2298 4583 2516 4636 Maxime
2544 4583 2631 4648 qui
2680 4585 2753 4635 sic
2792 4585 2877 4648 pie
2907 4584 3084 4640 vivere
3126 4583 3384 4651 insistunt,

1857 4659 1912 4701 tit
1937 4650 2154 4718 et'juste
2186 4655 2386 4705 vivant.
2419 4652 2507 4704 Pio
2533 4652 2738 4716 quidem
2789 4663 3036 4717 quantum
3076 4650 3140 4702 ad
3201 4652 3388 4710 Deum,

1851 4720 1990 4786 juste
2020 4737 2144 4775 vero
2181 4733 2429 4791 quantum
2459 4724 2520 4791 ad
2554 4722 2885 4791 proximum._
2911 4722 3074 4784 Quem
3103 4721 3258 4791 verbo
3300 4721 3392 4769 ad-

1856 4799 2035 4844 mouet
2079 4803 2131 4845 et
2177 4789 2437 4858 exemplo,
2470 4790 2584 4842 ideo
2613 4792 2810 4853 subdt,
2866 4789 3122 4841 Exsultute
3171 4789 3220 4837 in
3270 4802 3391 4858 cou-

1854 4871 2023 4925 specta
2049 4864 2176 4931 ejus.
2199 4856 2351 4927 Quasi
2381 4864 2546 4913 diCut:
2574 4860 2634 4910 Et
2661 4861 2704 4911 si
2734 4864 2962 4931 exterius
2987 4856 3385 4931 coutristztmini,

1858 4938 2028 4982 tamen
2066 4926 2304 4983 Exsultate
2331 4931 2383 4981 in
2421 4937 2683 4996 conspectu
2711 4931 2841 4996 ejus,
2869 4929 2914 4977 id
2939 4935 3038 4986 est,
3067 4926 3116 4976 in
3142 4926 3389 4996 interiori

1857 5010 2050 5061 vestro,
2082 5002 2166 5053 tibi
2211 5003 2318 5066 ipse
2345 4994 2627 5064 conspicit,
2668 4994 2760 5064 spe
2801 4996 2997 5048 scilicet
3024 4994 3308 5066 gaudentes
3333 5005 3388 5050 et

1859 5065 2246 5121 tribulationem
2277 5071 2546 5134 patientes.
2582 5066 2683 5120 Vos
2723 5067 2840 5119 «ιιι-ο
2895 5077 3064 5116 tamen
3104 5065 3380 5127 exsultate,

1857 5141 1973 5200 quia
2006 5140 2268 5190 turbantes
2298 5154 2384 5189 vos
2416 5153 2515 5189 non
2546 5137 2876 5190 exsultabttnt
2897 5174 2910 5196 ,
2970 5135 3072 5184 ittto
3121 5134 3391 5184 turbabun-

1858 5214 1957 5258 llr.
1981 5207 2106 5269 Quia
2135 5209 2355 5273 portabit
2374 5208 2622 5274 judicium
2647 5208 2938 5272 quicunque
2959 5215 3039 5257 est
3061 5204 3166 5265 ille,
3201 5203 3383 5254 remoti

1857 5292 1885 5325 a
1912 5278 2038 5341 [acie
2063 5277 2190 5340 eius,
2225 5278 2270 5329 id
2302 5287 2401 5337 est,
2435 5276 2654 5337 Domini,
2683 5275 2795 5340 ejus
2823 5278 2939 5325 dico
2957 5276 3110 5340 patris
3136 5275 3388 5339 orpltauo-

1857 5360 1990 5405 rum,
2021 5346 2068 5396 id
2092 5357 2191 5409 est,
2219 5349 2304 5411 qui
2337 5348 2634 5398 consolatur
2681 5346 2964 5405 orpltauos,
2996 5356 3047 5394 et
3074 5345 3160 5408 qui
3206 5341 3386 5407 judex,

1860 5415 1907 5464 id
1931 5427 2029 5476 εει,
2059 5414 2299 5467 defensor
2324 5415 2610 5465 viduarum.
2645 5411 2916 5482 Orpltanos
2944 5421 3092 5465 vocat
3122 5413 3234 5461 illos
3257 5423 3388 5482 quos

1858 5485 2053 5549 g'adius
2083 5485 2224 5538 verbi
2264 5485 2349 5537 Dei
2375 5484 2550 5535 divisit
2579 5496 2608 5533 a
2654 5478 2847 5534 mundo
2874 5484 3018 5548 quasi
3049 5491 3211 5546 patre,
3244 5478 3390 5549 quasi

1858 5548 2206 5615 consulatum,
2238 5556 2304 5605 ita
2331 5567 2384 5604 ut
2411 5554 2514 5603 sint
2541 5552 2765 5614 separati
2805 5566 2832 5602 a
2861 5548 3392 5603 societatesamularis

1860 5625 1989 5688 spei.
2043 5621 2138 5674 Per
2171 5624 2350 5674 viduas
2385 5637 2506 5674 vero
2533 5623 2711 5687 accipe
2752 5622 2888 5688 plus,
2917 5621 3033 5672 illos
3069 5620 3272 5679 scilicet
3301 5617 3389 5684 qui

1861 5705 1977 5744 com
2011 5695 2150 5757 prius
2175 5692 2468 5744 carnalibus
2488 5701 2666 5743 essvnt
2695 5690 2878 5755 dediti,
2905 5692 3008 5756 jam
3043 5688 3247 5755 penitus
3269 5695 3390 5757 sunt

1861 5765 1925 5811 an
1963 5756 2102 5812 omni
2146 5763 2338 5813 carnali
2385 5761 2733 5812 delectatione
2777 5757 3023 5824 stiparati,
3066 5757 3202 5808 sicut
3241 5756 3391 5806 vidua

1861 5833 1926 5884 dt.
1947 5834 2042 5886 itur
2080 5832 2262 5885 mulier
2293 5831 2399 5898 illa,
2431 5844 2547 5900 qua:
2578 5828 2721 5898 prius
2759 5829 2934 5898 juncta
2966 5828 3096 5896 viro,
3128 5829 3282 5880 modo
3312 5834 3392 5880 eat
