3898 6226
198 364 306 424 853

861 364 925 423 ΙΝ
962 364 1372 422 Ρδλιιιιυιιωι
1411 366 1662 423 ιιιιιιυιι
1705 367 1721 422 l

1825 369 2054 424 SGESIS.
2098 400 2162 408 -
2202 369 2439 425 P5.\l.ll.
2491 371 2688 426 LXVII.

3288 369 3390 430 851

186 499 263 540 est
293 488 377 541 lex
408 486 518 550 illa,
545 485 665 551 quia
697 483 931 554 infirmos
953 481 1074 536 fecit
1101 482 1346 554 minando
1369 497 1595 554 poenam,
1624 500 1724 536 non
1756 490 1801 546 Α
1828 484 1972 536 eritis
2010 499 2184 549 penna:
2211 483 2455 538 τοιοιιηὺω
2491 487 2845 554 dearqentatar.
2893 486 3032 543 later
3079 489 3173 546 has
3209 503 3384 546 autem

184 558 419 622 juvando
445 555 685 624 gratiam.
735 553 814 605 Tu
841 569 951 624 ivero
978 553 1226 624 perfecisti
1257 569 1366 604 cant
1396 551 1729 624 legem,quia

185 628 330 692 quod
364 624 685 686 impossibile
713 623 941 692 eratlegi
973 623 1257 692 secundum
1286 636 1521 692 carnem,
1552 623 1601 673 id
1625 634 1728 686 est,

185 691 330 760 quod
357 711 458 747 non
491 702 694 760 poterat
724 691 923 757 impleri
946 691 1229 743 secundum
1259 691 1520 743 carnalem
1550 694 1730 744 obser-

188 775 444 824 vantiam,
477 763 640 815 feciSti
671 772 723 814 ut
755 761 906 815 facile
933 760 1236 826 impleretur
1264 760 1546 812 secundum
1573 762 1729 827 spiri-

189 835 386 886 tualeiu
413 833 821 901 intelligentiam.
862 829 950 882 Vcl
979 831 1046 901 ita
1073 829 1328 895 infirmata
1356 839 1426 901 est
1456 831 1730 885 lucreditas

188 910 277 953 tua
330 918 421 968 per
471 899 654 969 legein,
688 899 848 979 .quia,
893 900 1137 979 veniente
1194 900 1495 979 mendacio,
1542 902 1756 979 revixit“

187 983 488 1036 peccatum,
529 968 584 1022 et
613 968 738 1032 quia
781 985 873 1036 per
904 969 1068 1034 legem
1115 983 1214 1020 non
1246 968 1340 1020 fuit
1368 969 1445 1020 eis
1476 968 1731 1034 jusritica-

185 1041 281 1103 tio,
315 1042 406 1094 sed
441 1040 815 1106 przevaricatio.
851 1039 922 1090 Tu
952 1053 1063 1089 vero
1092 1039 1342 1102 per/ecisti
1364 1054 1471 1089 eam
1504 1038 1730 1091 Incredi-

185 1119 370 1174 tzitem,
405 1111 546 1176 quia,
578 1108 873 1161 abundante
901 1116 1128 1172 peccato,
1158 1116 1212 1158 et
1260 1107 1615 1172 multiplicatis
1649 1113 1729 1162 iti-

183 1179 520 1232 lirniitatibus
573 1193 785 1243 eorum,
842 1179 1297 1241 acceleraverunt,
1354 1178 1418 1227 ad
1468 1179 1728 1232 medicum

183 1248 578 1313 ingemuerunt,
618 1261 898 1300 oraverunt
930 1257 1003 1310 ut,
1047 1262 1110 1298 eo
1134 1245 1366 1312 juvantc,
1401 1246 1727 1313 impleretur,

180 1318 328 1384 quod
358 1318 782 1385 eojulienteiion
813 1317 1142 1381 implebatur.

257 1384 513 1438 Animalia
543 1397 643 1438 tua.
681 1385 968 1448 l'ei'l‘ecisti,
999 1389 1232 1452 inquam,
1262 1384 1643 1446 hazrcditatetn,
1678 1397 1730 1440 et

180 1455 235 1507 in
267 1472 327 1508 ea
370 1458 672 1509 brereditate
716 1455 1019 1507 habitabunt
1046 1454 1310 1515 animalia,
1345 1454 1392 1506 id
1423 1463 1522 1517 est,
1555 1459 1727 1508 mino-

181 1541 274 1578 res
321 1526 522 1589 ﬁdi-les,
553 1525 638 1590 qui
687 1526 856 1577 adhuc
904 1525 1076 1578 alendi
1116 1533 1254 1575 sunt.
1287 1525 1559 1586 Animalia,
1587 1526 1725 1588 dico,

179 1607 294 1657 ma,
330 1612 432 1648 non
455 1612 566 1657 siia,
595 1595 685 1646 tibi
709 1595 930 1654 subdita,
962 1611 1063 1645 non
1087 1594 1202 1653 sibi,
1231 1594 1387 1646 libera
1410 1598 1472 1643 ad
1500 1605 1547 1646 te
1569 1609 1728 1660 egen-

177 1667 276 1727 tia,
325 1680 427 1718 non
473 1666 536 1717 ad
583 1673 632 1716 te
663 1665 992 1718 sufficientia.
1045 1664 1107 1716 Et
1138 1664 1252 1715 ideo
1299 1663 1365 1715 ibi
1409 1663 1723 1728 habitabant,

173 1736 304 1798 quia
338 1746 414 1789 tu.
450 1737 600 1794 Deus.
634 1736 845 1800 parasti,
880 1735 930 1787 id
967 1742 1064 1794 est,
1101 1741 1336 1799 paratum
1388 1733 1551 1784 feri-ti
1595 1750 1724 1799 pitu-

177 1805 327 1880 pert,
348 1805 396 1880 id
431 1814 528 1880 est,
562 1805 748 1880 cuique
791 1804 1011 1880 lltwllils
1041 1817 1097 1880 se
1128 1802 1428 1879 pauper-and
1469 1811 1520 1880 et
1553 1804 1721 1880 humi-
1759 1824 1800 1880 Β

175 1872 328 1925 liunti
379 1875 427 1925 in
458 1874 760 1926 haereditate
791 1874 897 1926 illa.
943 1874 1006 1924 Et
1053 1873 1148 1923 hoc
1181 1887 1280 1922 non
1317 1871 1365 1922 in
1396 1871 1596 1925 meritis
1635 1888 1725 1926 eo-

174 1956 318 2004 rum,
347 1945 436 1996 sed
465 1945 515 1996 in
538 1944 821 2007 dulcedine,
857 1943 904 1994 id
937 1951 1035 2003 est,
1066 1942 1293 1993 bonitate
1323 1951 1428 1991 tua.

257 2012 499 2064 Dominus
538 2013 696 2064 dabit.
729 2012 967 2065 Ostendit
1003 2027 1156 2078 quem
1188 2020 1492 2077 apparatum
1528 2011 1726 2077 fecerit,

172 2090 229 2132 et
257 2084 521 2134 convertit
551 2098 608 2134 se
637 2082 699 2134 ad
734 2098 847 2134 nos.
890 2081 1045 2145 Quasi
1085 2080 1222 2131 dicat
1249 2098 1260 2130 :
1315 2080 1445 2133 Vere
1477 2082 1727 2137 Dominus

174 2160 422 2216 paratum
453 2154 568 2204 facit
597 2152 912 2203 animaLbus
936 2152 1065 2212 suis,
1095 2151 1212 2214 quia
1248 2152 1438 2202 cibaria
1465 2151 1728 2206 ministrat

170 2220 254 2272 cis
286 2222 386 2272 hoc
430 2222 585 2274 modo
617 2239 630 2274 :
681 2223 798 2287 quia
835 2220 1074 2271 Dominus
1102 2220 1235 2269 dabit
1284 2220 1496 2283 verbum,
1533 2223 1579 2272 id
1623 2234 1719 2287 est,

169 2290 494 2350 doctrinam,
534 2307 632 2357 qua
663 2291 904 2343 cibentttr
943 2291 1187 2341 aniitIaEia
1235 2301 1326 2340 siia
1376 2291 1726 2354 eiriuigcfizau-

168 2357 309 2411 tibus
368 2362 415 2411 in
460 2362 637 2412 virtute
680 2361 854 2413 multa.
893 2359 981 2411 Vel
1031 2361 1080 2408 iii
1133 2359 1433 2410 fortitudine
1488 2362 1568 2410 illa
1624 2379 1724 2427 qua

174 2428 366 2481 eduxit
414 2432 630 2490 vinctos,
684 2430 899 2491 scilicet,
945 2437 1002 2480 ut
1029 2427 1295 2478 ambulent
1339 2428 1495 2478 invia
1532 2446 1724 2495 pra-ce-

169 2504 408 2560 plorant.
441 2498 528 2551 Vel
562 2499 609 2550 in
642 2499 797 2550 multa
828 2499 1025 2559 virtute,
1059 2497 1105 2547 id
1137 2507 1234 2556 est,
1269 2497 1316 2548 iit
1351 2512 1531 2564 magna
1569 2502 1722 2552 inira-

166 2567 417 2619 culorum
446 2568 788 2630 exhibitione,
813 2567 961 2635 juxta
990 2566 1113 2618 illud
1140 2582 1150 2614 :
1187 2565 1400 2617 Danii'iio
1431 2583 1725 2630 reaperante

163 2644 215 2703 et
249 2651 527 2689 scipionem
557 2638 884 2703 con/irritante
907 2636 1221 2702 sequentibus
1249 2638 1424 2700 signis.
1457 2635 1720 2702 Dominus,

165 2700 412 2773 inquam,
444 2708 579 2759 dabit
620 2700 838 2769 verbum,
871 2700 1081 2771 qui—est,
1118 2703 1223 2756 Ilva:
1264 2709 1501 2755 virtutum
1530 2700 1718 2767 dilecti,

167 2772 218 2823 id
247 2772 354 2833 est,
389 2777 474 2841 qui
499 2778 734 2836 virtutes,
767 2776 815 2828 id
842 2785 944 2838 est,
975 2788 1242 2841 praecones
1270 2775 1382 2826 illos
1408 2773 1606 2838 dilecti,
1633 2779 1721 2844 qui

165 2853 294 2894 sunt
317 2844 426 2908 jam
461 2847 693 2908 virtutes,
727 2846 774 2896 id
805 2855 903 2906 est,
956 2846 1005 2896 in
1038 2858 1312 2910 praeconan
1339 2855 1385 2894 :o
1416 2847 1597 2906 fortes,
1641 2863 1721 2900 re-

162 2911 240 2977 git
275 2914 339 2965 ad
375 2915 490 2975 hoc,
525 2925 578 2968 ut
603 2916 704 2966 sint
734 2915 880 2968 tales.
913 2915 969 2964 l'Lt
999 2914 1175 2978 accipe
1216 2914 1456 2964 dilectum
1492 2917 1629 2966 illum
1657 2916 1721 2967 de

163 2997 276 3046 quo
307 2986 503 3036 dictum
532 2993 608 3038 est
638 3001 650 3035 :
686 2983 784 3035 llic
807 2995 873 3035 est
899 2982 1059 3034 Elius
1083 2998 1218 3033 meus
1250 2984 1474 3034 dilectus.
1517 2983 1717 3048 Dilecti,

161 3050 310 3111 dieii,
355 3070 456 3104 non
489 3055 861 3120 cujuscunque,
889 3054 975 3105 sed
1010 3051 1504 3117 suecialili-rdilecti
1537 3062 1583 3103 et
1615 3055 1722 3106 cle-

163 3121 234 3193 (_'.ti
263 3123 488 3193 dit-idem
510 3123 528 3193 (
547 3138 638 3189 pro
663 3124 724 3175 ad
749 3120 1103 3186 dixidcudmu)
1129 3121 1487 3193 spoliu'spct'ici
1517 3123 1716 3176 donius.

161 3187 347 3255 Spolia
392 3187 599 3258 piop'rie
631 3201 896 3255 voeaiitur,
945 3208 1060 3258 qua:
1101 3191 1165 3242 ab
1197 3192 1344 3242 hoste
1374 3192 1716 3257 auferuntur;

161 3260 409 3324 speciosa
463 3277 581 3314 vero
627 3264 813 3314 donius
865 3271 945 3313 ist
993 3259 1244 3322 Ecclesia,
1303 3269 1357 3310 ut
1407 3261 1619 3313 habetur
1671 3263 1720 3313 iu

164 3329 455 3396 lavatigelio
479 3347 490 3382 :
529 3328 654 3382 Cum
681 3331 826 3396 [ortis
854 3340 1078 3380 arinatus
1101 3330 1312 3378 custodit
1339 3330 1525 3380 atrium
1555 3348 1719 3393 suum,

160 3397 212 3447 in
246 3415 374 3463 pace
395 3409 508 3452 sunt
533 3402 699 3450 omnia
729 3415 840 3467 qua!
873 3399 1122 3464 possidet;
1151 3398 1190 3446 si
1215 3407 1378 3467 autem
1421 3398 1597 3464 fortior
1635 3403 1721 3450 illo

156 3471 520 3529 superveniens
553 3471 718 3521 ricerit
743 3466 888 3530 eum,
921 3485 1061 3518 arma
1089 3483 1195 3534 ejus
1227 3466 1446 3530 auferet,
1476 3485 1521 3518 er
1562 3471 1720 3534 Spolia

161 3537 456 3589 distribuet.
505 3539 649 3591 Sicut
695 3537 885 3591 factum
917 3547 1012 3588 est.
1053 3536 1200 3587 Venit
1242 3537 1462 3588 dilecms
1507 3538 1621 3596 iste,
1668 3539 1716 3590 id

159 3613 265 3668 est,
302 3607 546 3659 Christus
578 3609 626 3660 in
671 3609 883 3659 domum
915 3605 1082 3667 fortis,
1118 3606 1164 3653 id
1196 3617 1292 3664 e~t,
1340 3607 1388 3655 in
1439 3607 1717 3660 humanum

157 3689 352 3740 genus,
388 3680 524 3743 quod
556 3677 941 3730 iuhabitabatur
969 3692 994 3724 a
1025 3674 1140 3725 forti
1183 3673 1390 3724 diabolo
1425 3691 1514 3740 per
1544 3678 1720 3728 lucar-

162 3743 395 3797 naliouis
425 3747 750 3812 mysterium,
783 3755 836 3797 et
865 3745 1056 3797 devicit
1091 3745 1277 3795 fortem
1320 3747 1486 3810 ipsum
1522 3761 1611 3812 pcr
1641 3747 1718 3797 lii-

160 3815 493 3869 earuatiouis
520 3818 938 3870 Sacranicntuui.
976 3815 1040 3866 Et
1074 3816 1228 3866 homo
1261 3813 1591 3868 humanitatis
1629 3831 1718 3868 ec-

160 3884 237 3949 pit
286 3900 430 3947 eum,
481 3888 599 3952 quia
649 3886 735 3938 ille
764 3885 986 3937 credens
1026 3898 1143 3935 eum
1185 3883 1449 3952 hominem
1497 3894 1718 3948 tantum,

162 3969 382 4004 manum
416 3955 467 4007 in
496 3950 616 4007 eum
645 3953 804 4011 misit,
851 3955 900 4004 iii
929 3968 1031 4018 quo
1065 3954 1259 4002 nullum
1284 3950 1371 4016 jus
1401 3967 1551 4004 suum
1585 3957 1720 4006 iuve-

161 4023 260 4086 uit,
292 4031 345 4074 et
372 4023 488 4074 ideo
513 4022 631 4090 jure
661 4022 882 4091 perdidit
913 4022 1050 4087 illos,
1084 4023 1132 4072 in
1157 4034 1289 4091 quos
1313 4020 1398 4086 jus
1429 4023 1628 4074 liabui'.
1658 4026 1718 4074 Et

159 4092 298 4144 filios
345 4090 669 4154 diffidentiae,
711 4106 930 4159 quorum
979 4090 1285 4143 infidelitate
1309 4091 1450 4156 prius
1482 4094 1719 4144 utebatur

159 4163 318 4215 fortis
350 4163 442 4217 ille
486 4162 550 4213 ad
601 4161 922 4227 implendam
973 4162 1292 4212 voluntatem
1333 4175 1500 4223 suam,
1547 4171 1598 4215 et
1628 4178 1718 4227 per

160 4246 302 4300 quos
335 4230 642 4300 propinabat
663 4231 780 4282 aliis
808 4231 1050 4297 poculum
1081 4230 1281 4281 mortis.
1313 4229 1464 4293 Vasa,
1494 4232 1714 4295 scilicet,

159 4299 248 4352 illa
285 4299 540 4353 Dominus
582 4301 629 4354 ei
653 4300 916 4364 abstulit,
950 4310 1001 4353 et
1033 4308 1361 4366 peccatorum
1413 4304 1718 4353 remissione

159 4374 474 4433 Inundavit,
529 4379 580 4422 et
636 4369 788 4422 donis
839 4371 1194 4437 spiritualibus
1241 4369 1614 4432 sanctilit-avit;
1665 4382 1716 4422 ct

159 4441 358 4492 deinde
385 4440 561 4491 divisit
599 4454 658 4491 ea
696 4441 758 4489 ad
786 4439 1014 4505 speiieni
1057 4439 1243 4489 donius
1271 4437 1402 4504 ejus,
1441 4439 1488 4489 id
1519 4450 1617 4502 est,
1651 4441 1713 4492 ad

1834 555 2251 624 construi-tiones
2300 554 2410 607 haec
2466 555 2644 608 ultima
2685 567 2737 609 et
2769 559 2930 624 prima
2963 560 3204 614 metiorcs
3235 577 3379 622 sunt,

1835 632 1888 674 et
1931 623 2218 674 secundum
2264 640 2355 676 eas
2384 625 2566 676 beatus
2620 628 2957 692 Augustinus,
2987 639 3039 681 et
3089 632 3173 682 alii
3206 637 3374 683 sancti

1836 692 2163 762 potissimum
2197 693 2332 743 hunc
2365 709 2568 747 versuzn
2598 707 2882 762 exponunt.
2916 699 3062 760 Quod
3094 712 3268 753 autem
3297 702 3373 752 di-

1833 758 2314 836 cit,‘lnrer__m_edi_as
2336 764 2510 823 cleros,
2541 758 2718 817 eum
2744 758 2952 829 positio'
2971 779 3066 829 est,
3093 771 3209 834 quia
3237 771 3376 836 quod

1834 829 2048 882 Latinus
2079 831 2202 882 dicit
2244 830 2381 882 Inter
2421 849 2498 883 me
2531 846 2577 883 et
2616 844 2680 890 te.
2716 836 2814 886 hoc
2845 836 3054 889 Graecus
3086 829 3208 890 dicit
3243 829 3378 890 inter

1832 902 2049 969 medium
2096 915 2261 949 incum
2300 910 2345 951 et
2394 911 2550 952 tuum.
2585 903 2769 954 Dicunt
2807 906 3014 969 quidam
3049 907 3180 959 duos
3209 909 3380 963 clerus

1833 968 1938 1020 duo
1968 984 2085 1021 esse
2130 979 2472 1031 testamenta,
2509 981 2562 1022 ut
2612 987 2699 1034 per
2732 968 2865 1024 idem
2898 976 3034 1037 quod
3069 977 3294 1029 etlicitur
3324 979 3372 1030 id

1831 1040 1968 1105 quod
1996 1037 2190 1088 efficiat
2235 1040 2542 1101 accipiatur.
2578 1041 2673 1093 l’er
2703 1051 3072 1096 testamentum
3103 1047 3242 1099 enim
3283 1047 3377 1098 di-

1833 1117 1916 1158 tur
1948 1107 2253 1168 ibt'l‘étlllﬂS,
2283 1116 2337 1159 ct
2375 1108 2692 1160 cleronomia
2727 1110 2910 1163 (ira-ce
2942 1113 3217 1166 limredltas
3246 1117 3373 1176 (lici-

1835 1185 1937 1236 tur,
1965 1177 2308 1247 (jlerouoiuos
2339 1191 2462 1247 vero
2494 1179 2681 1230 haeres.
2709 1178 2888 1231 Cieros
2916 1191 3087 1233 autem
3120 1193 3198 1236 est
3234 1199 3372 1247 sors,

1829 1259 1880 1296 et
1926 1261 2040 1296 sors
2083 1261 2175 1309 pro
2205 1246 2521 1321 hatreditatis
2571 1259 2715 1321 parte
2757 1251 3025 1314 accipitur.
3058 1252 3202 1305 Unde
3244 1246 3378 1321 prat-

1828 1325 2037 1377 ceptnm
2067 1323 2147 1365 est
2180 1330 2243 1365 ne
2283 1314 2476 1367 Levitis
2506 1317 2639 1368 inter
2672 1317 2859 1371 fratres
2901 1327 3116 1372 daretur
3157 1314 3295 1384 sors,
3325 1323 3375 1376 id

1828 1394 1929 1442 est,
1966 1400 2084 1447 pars
2132 1384 2468 1444 lizcreditatis,
2522 1387 2639 1449 quia
2670 1387 2734 1438 de
2781 1386 2996 1440 decimis
3020 1389 3238 1442 aliorunt
3277 1397 3374 1446 de-

1831 1450 2022 1504 bebant
2055 1454 2360 1526 su_s_tei_ita_ri.
2405 1453 2656 1526 Columba
2678 1467 2858 1526 autem
2889 1459 2953 1509 de
2992 1473 3091 1526 qua
3121 1460 3202 1512 hic
3243 1461 3375 1514 dici«

1830 1528 1930 1590 tur,
1983 1531 2065 1572 est
2110 1521 2361 1590 Ecclesia,
2411 1523 2478 1576 de
2522 1541 2618 1590 qua
2675 1525 2722 1576 in
2776 1521 3022 1578 Canticis'
3052 1530 3374 1586 canticorum

1831 1589 2049 1667 habetur
2076 1608 2084 1640 :
2117 1589 2230 1641 Una
2259 1593 2513 1667 estauiii'a
2533 1609 2658 1654 mea,
2684 1594 2910 1667 columba
2933 1613 3060 1659 mea,
3085 1609 3137 1650 et
3155 1600 3375 1667 reliqua.

1833 1658 2060 1711 Vocatur
2089 1672 2263 1711 autent
2319 1663 2548 1713 Ecclesia
2595 1664 2838 1714 columba
2872 1658 3083 1729 propter
3125 1658 3376 1722 innocen-

1831 1730 1974 1804 tiam,
2027 1740 2078 1804 et
2125 1740 2336 1804 propter
2376 1729 2704 1804 Δ[μιξσιιιυιιιυιιι
2751 1734 3017 1804 gemitum,
3064 1746 3115 1789 ct
3163 1750 3378 1804 propter

1833 1802 1991 1849 multa
2025 1799 2235 1850 similia.
2282 1802 2342 1850 fit
2373 1799 2482 1851 ltzcc
2512 1802 2771 1862 columba,
2807 1803 2853 1852 id
2886 1814 2984 1865 est,
3020 1799 3276 1867 Ecclesia,
3296 1818 3377 1861 est

1830 1868 2190 1936 drargentata,
2236 1868 2283 1920 id
2335 1877 2435 1930 est,
2489 1870 2658 1923 nitore
2706 1872 2863 1923 divini
2905 1875 3095 1936 eloquii
3147 1879 3366 1930 erudita.

1831 1935 1992 2011 Cujus
2023 1952 2205 2011 pennae
2232 1949 2353 2011 sunt
2397 1939 2563 2011 sancti
2613 1935 3154 2005 pr.i'diiatori-s,dicti
3189 1960 3374 2011 penna:

1831 2007 2033 2058 duabus
2063 2010 2127 2059 de
2157 2009 2348 2068 causis,
2394 2010 2610 2069 scilicet,
2647 2015 2761 2075 quia
2800 2020 2853 2062 et
2883 2007 3248 2077 praedicatione
3287 2032 3379 2068 eo-

1831 2089 1955 2147 rum
1978 2077 2139 2143 gloria
2172 2078 2414 2147 Ecclesia:
2443 2080 2773 2141 sublimatnr,
2805 2090 2856 2131 et
2881 2082 2999 2147 quia
3026 2085 3120 2143 ipsi
3148 2084 3196 2135 in
3225 2084 3380 2135 altio-

1829 2157 1884 2194 ra
1912 2145 2199 2196 clevantnr.
2242 2145 2386 2198 Unde
2415 2162 2548 2197 unus
2577 2164 2636 2199 ex
2665 2149 2741 2199 eis
2770 2145 2935 2200 dicit:
2971 2151 3089 2203 Sire
3110 2163 3268 2203 inmte
3289 2170 3376 2207 ex-

1829 2214 2048 2264 cedimus
2097 2216 2220 2288 Deo,
2245 2225 2298 2267 et
2319 2226 2488 2288 tamen
2512 2221 2803 2288 conipagiiii
2832 2220 3082 2270 Ecclesia:
3105 2233 3380 2288 quantum-

1830 2297 2038 2347 cunque
2066 2284 2375 2335 subliinctur
2403 2285 2691 2340 ιιιιιιςιξιδειιι.
2728 2286 2870 2339 Unde
2903 2290 3074 2340 subdit
3104 2284 3261 2343 {Slve
3290 2309 3376 2344 so-

1829 2350 1922 2400 brii
1960 2369 2130 2404 sumus
2150 2355 2302 2404 vobis.
2335 2355 2708 2406 Uoruiitioui-m
2735 2371 2856 2408 vero
2876 2356 3010 2409 S'ilv'l
3035 2358 3208 2411 divina
3233 2363 3376 2413 Scri-

1829 2431 1975 2485 ptuia
2026 2438 2119 2487 pro
2173 2433 2338 2475 morte
2377 2425 2634 2488 accipere,
2684 2435 2738 2476 ut
2770 2427 2881 2478 ibi:
2934 2425 3040 2492 Ego
3080 2429 3292 2482 doi‘iuiri
3329 2442 3377 2483 et

1826 2504 2056 2540 somnum
2079 2494 2204 2556 cepi,
2233 2493 2442 2542 dormivi
2470 2496 2812 2545 conturbatus.
2848 2497 2899 2545 ln
2935 2495 3029 2547 ltac
3050 2510 3223 2548 autem
3255 2516 3374 2551 seu-

1828 2562 1985 2630 teutia
2019 2560 2261 2612 dormitm
2288 2562 2593 2627 simpliciter
2626 2578 2718 2630 pro
2742 2565 2937 2630 quiete,
2973 2576 3024 2616 ut
3046 2569 3111 2616 sit
3142 2567 3372 2622 dor-inire

1826 2629 1951 2678 inter
1981 2632 2162 2680 iiurilios
2192 2632 2370 2688 τίει-υς,
2406 2635 2452 2680 id
2483 2641 2582 2694 est,
2621 2629 2915 2685 interduos
2945 2637 3117 2687 clcros
3142 2640 3371 2689 auctori-

1826 2699 2017 2771 tatibus
2063 2698 2282 2750 duorum
2333 2709 2761 2754 testamentorum
2815 2705 3166 2771 iii-quiescere,
3209 2718 3254 2757 et
3296 2708 3372 2759 sic

1825 2766 2257 2820 documentorum
2303 2785 2482 2821 eorum
2529 2773 2826 2824 concordia:
2869 2766 3010 2836 dare,
3058 2766 3276 2837 si-iiicet,
3313 2785 3371 2829 ut

1823 2839 2029 2902 quando
2062 2837 2254 2903 aliquid
2291 2854 2352 2888 ex
2386 2839 2464 2888 his
2505 2843 2763 2903 profertur
2792 2852 2879 2893 aut
2906 2846 3172 2907 probatur,
3201 2844 3373 2899 omnis

1822 2907 2088 2957 contentio
2121 2907 2329 2972 pacifica
2365 2909 2539 2974 quiete
2564 2911 2787 2962 finiatur.
2829 2915 2884 2962 lit
2910 2912 2985 2963 sic
3012 2912 3251 2965 videntur
3279 2917 3372 2966 ad-

1825 2976 2024 3048 moneri
2065 2979 2483 3043 evangelia-antes
2529 2979 2716 3032 \‘il‘lllle
2762 2983 2939 3048 multa,
2993 2991 3113 3035 tunc
3156 2985 3234 3035 eis
3259 2985 3370 3038 dari

1821 3045 2034 3118 vciliuiu
2081 3049 2332 3108 veritatis,
2386 3058 2440 3098 ut
2487 3052 2716 3113 perfecte
2754 3045 2952 3115 possint
2989 3055 3367 3118 evangelzare,

1825 3112 1865 3162 si
1899 3112 2119 3165 duorum
2153 3112 2586 3167 testaiiii-nturuin
2618 3112 2899 3171 auctorias
2940 3120 3004 3171 ab
3032 3122 3106 3173 eis
3124 3112 3252 3172 ⁷ιιοιι
3286 3112 3371 3175 re;

1827 3181 2104 3248 linquatur.
2126 3187 2198 3260 lit
2229 3201 2273 3260 ei
2291 3195 2378 3236 unt
2408 3201 2584 3260 pruna:
2605 3188 2843 3260 columba:
2865 3191 3220 3260 drargrntatu',
3249 3206 3372 3260 quo-

1829 3265 1942 3302 rum
2000 3253 2365 3317 prictlicatiiine
2419 3258 2577 3322 gloria
2635 3255 2879 3310 Ecclesia:
2924 3253 3369 3312 sublinretuix'lit

1823 3322 2097 3395 posteriora
2141 3325 2274 3395 dorsi
2313 3328 2421 3394 ejus
2459 3327 2715 3378 columba:
2740 3339 2901 3386 erunt
2935 3329 2984 3378 in
3014 3329 3206 3395 pallore
3232 3335 3369 3394 auri,

1826 3393 2112 3463 posteriora
2144 3391 2299 3445 dorsa
2332 3391 2444 3461 ejus
2476 3395 2801 3447 intraiisitive
2834 3391 3021 3461 accipe
3055 3399 3193 3450 illam
3239 3391 3370 3463 par;

1826 3468 1927 3509 tein
1959 3461 2123 3533 dorsi,
2155 3478 2253 3528 qua
2286 3478 2431 3533 opus
2462 3463 2716 3531 subigitur
2747 3466 2896 3533 inter
2937 3469 3194 3533 scapulas,
3226 3461 3368 3522 scili-

1823 3537 1924 3605 cet,
1958 3542 2009 3580 ut
2038 3531 2251 3582 Grurcus
2284 3532 2459 3597 habet,
2495 3533 2580 3583 ubi
2611 3532 2848 3600 quaedam
2890 3531 3044 3598 aves,
3072 3547 3126 3587 ut
3153 3539 3362 3605 aquilio,

1824 3596 1992 3660 pullos
2042 3613 2165 3672 suos
2213 3604 2380 3653 Solent
2430 3596 2658 3668 portare.
2695 3606 2757 3653 Et
2800 3615 2882 3656 est
2925 3620 2984 3657 ea
3018 3596 3159 3672 ri-gio
3203 3596 3365 3670 retro,

1821 3678 1937 3731 quin
1982 3676 2061 3720 est
2106 3669 2241 3719 circa
2283 3687 2392 3735 cor,
2442 3675 2522 3724 tibi
2578 3673 2674 3724 ala}
2705 3675 2864 3738 figunt
2913 3669 3160 3728 radicdu.
3219 3669 3365 3729 Unde

1824 3749 1913 3800 per
1948 3747 2236 3809 posteriora
2280 3739 2419 3792 dorsi
2469 3745 2565 3792 hi.c
2595 3743 2762 3792 SUIIIIII
2817 3752 3044 3805 notatur,
3074 3747 3192 3809 ιιηιιιι
3224 3747 3365 3798 subit

1821 3821 1970 3857 onus.
2007 3807 2067 3858 Et
2102 3822 2191 3872 per
2231 3811 2342 3861 alas
2379 3821 2638 3875 prmccpla
2681 3810 2903 3877 gemina:
2945 3807 3236 3874 mundatis,
3270 3829 3361 3879 per

1821 3887 2004 3925 aurum
2046 3892 2168 3928 vero
2202 3880 2480 3944 sapientia,
2517 3881 2564 3930 id
2592 3891 2690 3943 est,
2722 3881 2841 3934 boni
2871 3897 3043 3934 mores
3067 3884 3363 3948 signihcan-

1823 3950 1922 3992 tur.
1974 3948 2098 4018 Qua.-
2146 3948 2403 4018 sapii-ntia
2450 3949 2515 4001 ad
2564 3951 2952 4015 huc.per'tinet,
3001 3962 3054 4002 ut
3102 3952 3363 4018 sapienter

1819 4026 1850 4060 υ
1893 4027 1952 4085 us
1990 4015 2258 4085 Subeatur,
2300 4017 2348 4068 id
2386 4029 2487 4081 est,
2521 4020 2768 4071 Subeatur
2813 4021 2940 4070 illud
2972 4015 3175 4072 tantum
3206 4036 3360 4085 oiius,

1818 4082 2336 4158 quodsubeundum
2363 4101 2464 4148 cst,
2513 4090 2734 4158 scilicet,
2775 4089 2952 4156 jnguni
2983 4090 3195 4151 Christi,
3226 4082 3362 4158 quod

1820 4165 1926 4229 non.
1953 4153 2221 4229 deprimit,
2247 4155 2340 4207 sed
2371 4157 2539 4222 erigit.
2568 4157 2741 4229 Pallor
2765 4153 2938 4211 autem
2968 4161 3082 4211 auri
3117 4153 3254 4212 vitor
3279 4175 3360 4214 est

1819 4223 1951 4280 auri,
1983 4223 2102 4288 quia
2131 4238 2314 4273 aniuin
2342 4239 2575 4276 nativum
2603 4228 2759 4280 habet
2795 4231 3060 4290 ruborem,
3094 4242 3142 4281 et
3172 4231 3288 4282 ideo
3315 4233 3358 4282 si

1821 4290 1981 4364 pallor
2036 4292 2358 4364 ei‘accedat,
2416 4310 2478 4345 es
2531 4297 2720 4349 rubore
2747 4307 2800 4350 et
2845 4301 3042 4364 pallore
3084 4298 3361 4351 conlicdnr

1820 4361 1975 4433 vitor.
2023 4361 2116 4433 Qui
2152 4363 2291 4433 viror
2337 4364 2577 4433 designat
2617 4361 2948 4431 charitatem,
2997 4383 3113 4433 qua:
3155 4383 3364 4433 semper

1819 4431 1984 4502 viret,
2019 4432 2137 4502 quia
2183 4431 2247 4482 de
2294 4448 2352 4484 ea
2401 4432 2592 4486 dictum
2645 4446 2726 4489 est
2765 4451 2778 4485 :
2836 4431 3065 4487 Charitas
3108 4431 3362 4502 nunquam

161 4521 536 4560 Ul'ttalttrlttum
577 4500 844 4567 Ecclesiae,
881 4509 997 4574 quia
1029 4509 1154 4557 alios
1192 4500 1391 4572 quidem
1430 4509 1561 4557 dedit
1590 4500 1713 4571 apo-
1750 4501 1794 4556 ι)
1825 4501 2026 4548 ι’-ιϊὶαὶιο
2080 4500 2176 4551 l’et'
2223 4516 2377 4567 quani
2419 4504 2726 4584 chariiatoiu
2777 4505 2874 4584 hoc
2913 4506 3164 4582 efﬁcitur,
3214 4500 3266 4556 ut
3300 4514 3359 4584 ,ιρι

156 4580 340 4638 stolas,
369 4577 497 4628 alios
525 4577 870 4642 evangelistas,
900 4576 1025 4627 alios
1065 4577 1331 4642 prop/tetas
1350 4613 1364 4638 ,
1396 4579 1522 4626 alios
1549 4578 1718 4627 docto-

156 4664 237 4700 res
259 4658 308 4698 et
334 4654 578 4712 pastores,
609 4658 662 4699 et
692 4645 910 4712 reliqua.

187 4759 196 4766 .
231 4718 296 4771 Si
336 4718 598 4768 doimiatis
635 4715 784 4767 inter.
822 4715 1011 4766 Versus
1043 4714 1138 4766 istc
1185 4713 1556 4780 inuldpliciter,
1604 4730 1713 4767 ma-

161 4797 329 4841 nente
363 4795 539 4839 tamen
565 4787 748 4838 eodem
782 4785 1068 4848 intellectu,
1095 4788 1432 4836 construitur.
1465 4785 1575 4836 Uno
1606 4787 1716 4850 qui-

158 4858 283 4909 dem
315 4859 473 4909 uiodo
504 4857 578 4908 sic
604 4873 615 4906 :
668 4855 910 4906 Dominus
949 4854 1081 4905 dabit
1111 4859 1309 4907 verbum
1338 4856 1717 4920 euangelizanti-

160 4927 278 4986 bus;
315 4927 486 4990 vobis,
512 4927 653 4987 dico,
687 4927 771 4992 qui
799 4924 960 4990 spolia
990 4933 1137 4976 entes
1165 4923 1456 4976 dividiinini
1490 4939 1579 4987 per
1605 4940 1716 4974 ιιιμ

164 4996 560 5046 uilestationem
593 4995 835 5060 Spiritus,
872 4993 934 5043 ad
968 4992 1242 5045 utilitatem
1270 4993 1457 5058 speciei
1489 4995 1715 5044 donius:

161 5065 202 5117 si
236 5078 332 5116 vos
356 5064 617 5113 dormiaiis
660 5065 782 5113 inter
805 5063 1014 5122 incitas,
1038 5074 1185 5113 entes
1212 5062 1452 5112 coltiinbw
1474 5069 1718 5128 (li'argen-

164 5144 302 5185 talie.
357 5134 399 5185 Ο
432 5146 520 5184 vos
552 5132 715 5196 spolia
745 5133 830 5197 qui
883 5130 1170 5182 dividimini
1221 5146 1310 5197 per
1343 5132 1719 5181 inanilestatio-

166 5221 284 5254 nem
311 5203 535 5265 Spir.tus
566 5199 629 5250 ad
663 5200 935 5249 utilitatem
967 5200 1160 5265 speciei
1189 5200 1396 5259 donius,
1430 5200 1471 5248 si
1495 5203 1716 5250 dormiu—

165 5276 230 5323 tis
260 5275 391 5322 inter
420 5273 607 5321 medios
635 5272 820 5330 cteros,
849 5281 967 5317 tunc
997 5283 1172 5333 penna:
1201 5271 1444 5320 columba:
1478 5271 1716 5332 ileorgen-

166 5351 283 5392 tutu:
330 5342 693 5392 dealbubunlur
742 5337 792 5387 in
841 5336 1070 5388 Selmon.
1127 5337 1213 5388 Vel
1263 5337 1331 5388 ita
1361 5354 1374 5388 :
1408 5342 1448 5387 U
1486 5353 1573 5387 vos
1629 5339 1716 5403 qui

165 5411 480 5471 div.diiuini,
516 5423 568 5462 ut
597 5418 805 5468 cattera,
848 5406 888 5456 si
941 5418 1031 5454 vos
1068 5415 1214 5456 eules
1263 5423 1437 5471 penna:
1480 5408 1719 5458 (olunti

165 5485 506 5545 deurgentata'
536 5479 797 5529 dorntiatis
819 5477 945 5525 inter
969 5474 1158 5523 medios
1181 5479 1358 5545 cirros,
1385 5479 1501 5526 dum
1525 5479 1716 5526 discer-

167 5550 238 5597 nit
283 5544 494 5597 ra'lestis
540 5562 680 5613 reges
734 5561 884 5611 super
935 5558 1066 5605 eum,
1109 5554 1230 5595 tunc
1266 5544 1627 5597 deutbubuntur
1666 5548 1717 5595 in

165 5617 375 5670 Silanon
410 5617 477 5667 Illi
508 5617 595 5682 qui
625 5617 983 5668 remissionem
1009 5621 1340 5682 peccatoium
1376 5630 1465 5680 per
1495 5615 1716 5680 gratiam

167 5697 502 5751 acceperunt.
527 5680 630 5736 Vel
673 5693 778 5737 ita:
823 5686 865 5734 υ
892 5696 982 5733 vos
1016 5683 1103 5747 qui
1145 5680 1434 5735 dividimini
1463 5686 1526 5735 ad
1559 5699 1717 5735 orna»

167 5769 404 5810 utentum
453 5761 659 5822 domus,
720 5757 762 5809 si
816 5753 1075 5806 dormiatis
1115 5752 1241 5804 inter
1292 5755 1713 5824 medioscleros,

1821 4579 2075 4640 pi-arcepta
2121 4571 2658 4640 geiiiiiia:_cliaiitatis
2705 4573 2860 4625 facile
2912 4574 3240 4640 impleantur.
3297 4573 3356 4626 Et

1820 4638 1933 4712 leve
1964 4649 2029 4687 sit
2058 4638 2376 4712 oiitis,_quod
2406 4642 2643 4690 subditur
2671 4657 2680 4691 :
2716 4643 2833 4705 quia
2861 4638 2999 4712 quod
3042 4645 3253 4694 difticile
3280 4663 3306 4695 e
3337 4656 3355 4696 t

1823 4710 2042 4768 uolenti,
2080 4708 2178 4757 hoc
2212 4709 2359 4758 facile
2388 4719 2469 4759 est
2501 4713 2715 4762 amanti.
2743 4712 2804 4762 Et
2830 4708 3101 4779 poStqnaiu
3133 4728 3218 4776 per
3241 4713 3353 4777 Spi-

1817 4787 1967 4826 rstum
1996 4788 2245 4841 sanctum,
2273 4779 2358 4844 qui
2394 4779 2541 4829 datus
2564 4789 2633 4831 est
2671 4782 2809 4830 nobis
2837 4783 3052 4832 i‘ltaritus
3076 4783 3257 4844 ili/[um
3289 4790 3352 4832 est

1818 4851 1866 4896 in
1894 4847 2122 4896 cordibus
2150 4859 2349 4912 nostris,
2380 4848 2602 4900 amando
2630 4849 2915 4902 liberaliter
2942 4849 3184 4910 facimus,
3221 4851 3353 4914 quod

1819 4920 1961 4981 ptius
1998 4914 2232 4968 timendo
2265 4920 2528 4969 serviliter
2562 4918 2899 4979 faciebamus,
2932 4927 2982 4968 et
3022 4923 3140 4969 lacti
3179 4934 3354 4968 sumus

1817 4987 1969 5036 aurci
2004 4989 2148 5037 recti.
2183 4987 2293 5036 [Non
2324 5004 2459 5037 eniin
2496 5002 2647 5038 verus
2676 5002 2872 5037 anticus
2900 4989 3025 5039 reeti
3064 4997 3168 5050 est,
3198 5002 3280 5051 qni
3311 4987 3352 5037 si

1819 5065 1993 5120 posset
2028 5055 2160 5113 heri,
2195 5056 2330 5120 quod
2364 5067 2563 5108 rectum
2607 5066 2704 5115 est,
2737 5058 2896 5108 nollet
2939 5057 3130 5120 jt-bct'l.
3186 5057 3272 5106 list
3303 5065 3355 5106 et

1816 5124 1911 5173 alia
1943 5123 2218 5184 sententia,
2266 5127 2487 5188 scilicet,
2522 5135 2574 5176 ut
2603 5141 2694 5189 per
2721 5127 2850 5176 duos
2896 5127 3062 5178 ileros
3108 5139 3208 5175 non
3249 5125 3352 5174 duo

1821 5202 2147 5255 testamenta,
2180 5192 2270 5244 scd
2294 5193 2423 5244 duas
2469 5197 2798 5245 hacteditates
2826 5195 2875 5245 in
2909 5197 3032 5259 ipsis
3069 5195 3352 5257 promissas

1816 5261 2148 5326 accipiamus.
2187 5261 2384 5313 Veteris
2427 5280 2565 5314 enim
2617 5266 2910 5315 testamenti
2958 5263 3233 5314 haeicditas
3273 5271 3357 5314 cst

1819 5340 2024 5382 terrena
2058 5331 2310 5394 felicitas;
2345 5335 2462 5384 novi
2497 5348 2616 5384 vero
2653 5341 2846 5382 artrrna
2875 5331 3256 5384 immortalitas.
3291 5331 3355 5382 lit

1815 5401 2098 5466 accipieur
2133 5402 2211 5453 hic
2241 5405 2472 5455 dormire
2506 5419 2599 5468 pro
2631 5400 2780 5462 litori,
2813 5411 2865 5449 ut
2890 5401 3129 5463 superius
3155 5402 3349 5450 dictum

1816 5479 1911 5531 est,
1943 5477 1996 5517 ut
2028 5473 2092 5520 sit
2125 5471 2258 5522 inter
2287 5475 2417 5523 duos
2459 5478 2626 5524 claros
2655 5468 2902 5531 dormire,
2937 5472 3010 5518 sit:
3035 5469 3188 5520 vitam
3220 5469 3352 5517 inter

1817 5537 1944 5589 duas
1992 5538 2317 5592 lizcreditates
2363 5545 2531 5602 linire,
2564 5550 2619 5590 ut
2648 5554 2814 5603 neque
2856 5537 3099 5588 ardenter
3137 5544 3352 5599 ειιψνιςι-

1818 5623 1931 5658 lllUS
1962 5617 2244 5679 lelCllalll,
2287 5619 2338 5660 (ι
2382 5617 2636 5674 patienter
2672 5621 3037 5679 υχδιιεοιυιιιιιε
3079 5613 3351 5679 :L'tcruattt.

1818 5679 1942 5728 {\am
1973 5678 2056 5744 qui
2108 5689 2377 5743 propterea
2428 5679 2534 5730 Deo
2573 5681 2830 5739 serviunt,
2881 5675 2984 5727 iniu
3015 5675 3218 5748 seivire
3249 5687 3354 5748 tm-

1821 5748 1951 5815 lunt,
1995 5749 2117 5802 dum
2162 5754 2337 5804 uthac
2385 5751 2483 5804 \‘ita
2518 5750 2817 5806 felicitatem
2861 5752 3119 5815 quierunt,
3155 5744 3219 5794 ab
3247 5744 3360 5793 ista
