3898 6226
525 366 629 427 853

978 366 1175 419 “Eli/Ii
1220 366 1654 421 VENEllABlLlS
1694 368 1839 421 UI‘P.
1886 369 2055 425 PARS
2097 370 2154 422 ΙΙ.
2195 371 2384 425 SECT.
2429 374 2488 426 ll.
2528 401 2596 413 --
2638 372 2836 427 DUBIA
2877 373 2959 425 El‘
2998 373 3261 429 SPURIA.

3603 379 3703 432 3“

521 484 789 552 (ζεηιίςυηι
817 498 827 532 ε
858 482 973 546 quia
1003 488 1122 530 sunt
1152 480 1199 531 in
1233 480 1330 531 hoc
1361 482 1559 552 psalmo
1586 482 1739 532 verba
1776 495 2046 552 expressa,
2080 484 2122 537 Α
2155 480 2251 531 tias
2300 483 2586 535 divinitatis
2632 498 2781 544 meae,
2828 484 2921 537 sed
2973 484 3191 537 formam
3242 488 3566 552 paupertatis
3605 489 3698 542 hu.

522 568 638 619 quae
677 550 726 603 iii
760 552 997 617 passione
1036 564 1149 606 eius
1188 559 1323 619 sunt
1348 550 1605 619 completa
1631 590 1645 609 ,
1680 560 1755 613 u',
1793 548 2047 601 Dederunl

519 618 571 673 in
611 636 774 674 etcum
819 635 976 670 meam
1020 620 1104 680 fel,
1132 628 1184 668 ct
1213 618 1417 669 similia.
1456 619 1517 668 Et
1554 618 1792 669 dicuntur
1841 634 1930 683 pro
1970 619 2048 669 Itis

518 692 601 757 qui
628 688 1072 742 commutabantur.
1096 686 1439 757 Commutatio
1463 687 1559 738 alia
1590 690 1637 757 in
1666 690 1913 747 deterius,
1945 691 2045 739 alia

521 755 569 812 in
620 760 829 812 melius.
858 757 1019 810 Adam
1063 756 1201 808 enim
1244 764 1299 807 et
1344 755 1444 807 Eva
1491 758 1539 807 in
1581 756 1813 809 deterius
1861 760 2043 809 mutati

519 840 677 881 sunt:
709 828 794 889 qui
826 841 946 877 vero
974 841 1036 876 ex
1064 826 1222 875 Adam
1252 835 1303 878 et
1338 825 1438 876 Eva
1466 825 1673 876 (Ihristn
1694 826 2040 885 cohaeserunt,

521 900 571 949 in
604 898 787 950 melius
818 897 995 946 mutati
1043 904 1183 946 sun'.
1216 894 1279 945 Et
1306 898 1764 947 commutationem
1812 895 1860 945 in
1899 897 2044 947 dete-

521 966 628 1019 rius
657 966 898 1031 iniquitas
927 962 1064 1019 fecit,
1094 964 1551 1015 commutationem
1584 977 1708 1014 vero
1737 963 1786 1014 iu
1834 963 2038 1026 melius,

519 1035 709 1087 Christi
752 1032 1100 1085 uiisericordii
1136 1035 1393 1094 prtest'itit.
1426 1032 1589 1093 Hujus
1624 1034 2044 1084 coniuiutationis

520 1105 569 1154 in
600 1104 781 1155 melius
825 1116 977 1153 causa
1012 1109 1091 1151 est
1121 1110 1173 1150 et
1218 1102 1323 1163 ipsa
1357 1104 1547 1164 passio.
1582 1102 1629 1151 id
1662 1110 1762 1160 est,
1797 1102 2043 1153 transitus

517 1174 747 1225 Christi:
780 1170 897 1235 quia
930 1170 1024 1221 nisi
1078 1170 1167 1219 ille
1218 1171 1485 1220 transisset
1524 1173 1611 1235 qui
1664 1170 1954 1232 ili-scendit,
1989 1180 2045 1222 ut

519 1256 613 1292 nos
653 1242 897 1294 liberaret
938 1236 1014 1290 v'el
1064 1238 1380 1299 sublevaret,
1434 1239 1573 1289 nullo
1622 1240 1776 1288 modo
1818 1254 1911 1289 nos
1953 1242 2039 1305 qui

516 1311 897 1367 decideramus,
924 1308 1144 1358 transire
1170 1320 1458 1366 posst‘mus.
1489 1306 1569 1358 Fit
1598 1318 1766 1359 autem
1798 1307 2041 1359 transitus

518 1382 615 1431 iSIe
645 1383 708 1431 de
747 1378 939 1429 mundo
970 1378 1031 1427 ad
1059 1376 1269 1435 ((eluin,
1303 1376 1368 1426 de
1409 1386 1612 1427 terrena
1652 1378 1749 1426 vita
1792 1377 1853 1425 ad
1881 1378 2037 1428 coale-

515 1458 671 1503 stem.
702 1449 765 1499 de
795 1447 997 1497 mortali
1029 1447 1090 1494 ad
1126 1446 1492 1505 immortalem,
1524 1444 1587 1496 de
1614 1444 1936 1509 corrtlptibiii
1974 1446 2038 1497 ad

522 1514 992 1583 incorruptiliilem.
1034 1514 1099 1565 de
1145 1516 1317 1565 labore
1366 1514 1428 1564 ad
1476 1526 1725 1566 aeternam
1781 1513 2033 1579 requiem.

512 1585 735 1636 Causam
767 1598 891 1649 ergo
932 1583 1351 1635 commutationis
1384 1592 1599 1644 nostrae,
1633 1584 1680 1634 id
1729 1593 1829 1643 est,
1875 1586 2035 1647 ipsam

512 1654 705 1707 ChriSti
758 1652 1083 1720 passionem,
1138 1661 1471 1715 nostramque
1517 1652 1567 1703 in
1618 1651 2038 1704 tribulationibus

514 1738 692 1774 vocent
724 1724 771 1774 in
806 1723 902 1773 hoc
930 1722 1111 1788 psalmi
1141 1733 1386 1772 contextu
1434 1723 1722 1777 audiamus.
1754 1736 2035 1785 eogniisca.

515 1806 648 1853 inus,
681 1792 1117 1860 ingemiscaniiis:
1150 1799 1201 1839 et
1230 1788 1507 1849 audiendo,
1547 1791 1925 1855 Cllgll"SC(§nl|0,
1960 1791 2036 1860 iii-

515 1858 851 1928 geniisceiido
884 1868 1284 1919 committi-mur,
1318 1860 1693 1928 etcoutmutati
1726 1875 1841 1909 eum
1870 1858 2039 1921 capite

514 1925 693 1980 nosuo
722 1929 973 1985 dicamus,
1008 1928 1213 1977 Salvum
1244 1941 1320 1977 me
1359 1926 1441 1993 fac
1484 1925 1636 1977 Deus.
1684 1928 1925 1977 lloriatur
1951 1944 2041 1979 ati-

514 2008 615 2049 tent
649 2012 744 2050 nos
792 2006 946 2061 caput
985 1998 1033 2047 in
1081 1997 1179 2047 hoc
1211 1997 1429 2058 psalmo,
1472 2006 1524 2046 ut
1567 2011 1656 2060 per
1697 1996 1810 2059 ejus
1843 1998 2041 2061 passio-

506 2082 631 2117 nem
654 2078 708 2119 et
735 2066 1028 2118 meret-dein
1059 2066 1389 2117 attendamus
1430 2077 1657 2115 nostram
1690 2079 1893 2129 quoque
1927 2080 2039 2127 pas-

515 2137 714 2187 sionem
741 2144 794 2188 et
824 2132 1141 2195 meri-edem,
1170 2143 1222 2185 et
1250 2137 1325 2184 sic
1351 2135 1743 2198 compatiamur,
1772 2145 1823 2184 ut
1850 2145 1900 2183 et
1930 2135 2041 2195 glo-

514 2206 795 2257 rilicemur.
838 2204 890 2255 Si
940 2205 1076 2254 enim
1123 2206 1487 2266 compatimur,
1528 2210 1580 2253 et
1623 2202 2038 2266 congloriiicahi-

512 2289 643 2326 mur.
675 2274 737 2325 Et
764 2284 877 2325 orat
906 2274 981 2323 sic
1024 2288 1114 2334 pro
1145 2285 1200 2323 se
1243 2281 1295 2322 et
1324 2286 1416 2335 pro
1448 2272 1697 2322 membris
1725 2272 1831 2321 suis
1858 2289 1869 2319 :
1905 2269 2039 2323 Deus

507 2342 661 2395 Pater
684 2344 874 2394 salvum
906 2358 980 2391 me
1014 2345 1113 2407 fac,
1160 2340 1483 2392 restituendo
1514 2354 1596 2389 me
1641 2340 2034 2391 immortalitati.

515 2411 699 2463 Salvos
738 2410 815 2463 iac
853 2420 904 2462 et
936 2425 1100 2467 meos.
1148 2424 1282 2460 nunc
1326 2408 1530 2459 interim
1579 2408 1810 2459 interiori
1856 2422 2039 2460 resur-

510 2483 761 2541 reCiioue,
788 2490 1056 2545 quousque
1082 2478 1239 2529 etiam
1263 2477 1529 2528 exteriori.
1555 2477 1612 2528 Et
1637 2491 1850 2528 necesse
1876 2488 1956 2529 est
1985 2487 2038 2528 tit

512 2550 684 2601 salvos
705 2562 797 2599 nos
822 2548 998 2608 lacius,
1022 2547 1263 2613 quoniam
1295 2560 1437 2607 aqua
1462 2547 1767 2615 intraverunt
1798 2562 1947 2615 usque
1971 2548 2036 2598 ad

506 2618 727 2668 animam
755 2631 931 2667 meam.
963 2618 1121 2675 Aqua:
1150 2615 1389 2665 dicuntur
1418 2616 1499 2664 hic
1531 2616 1689 2665 turbat
1720 2613 1916 2666 Judasci
1946 2629 2037 2680 po-

509 2684 638 2752 puli,
681 2694 930 2748 quanlitm
972 2685 1034 2734 ad
1082 2684 1246 2748 ipsum
1292 2692 1447 2740 caput
1475 2700 1495 2734 ε,
1520 2690 1768 2747 quantum
1810 2697 1933 2735 vero
1970 2683 2035 2734 ad

510 2754 761 2815 ueuihra,
792 2754 1033 2804 dicuntur
1060 2766 1205 2815 aquae
1254 2752 1408 2803 etiam
1458 2754 1748 2814 quicunque
1795 2766 2036 2816 persecu-

510 2832 647 2875 tores
677 2823 937 2873 Ecclesiai.
967 2821 1111 2885 Quod
1139 2829 1309 2873 autem
1341 2821 1482 2877 dicit,
1519 2818 1837 2885 Intraverunt
1866 2836 2030 2887 aquae,

507 2892 569 2942 ad
610 2890 998 2942 similitudinem
1043 2891 1235 2941 dictum
1264 2900 1363 2941 Cal.
1393 2890 1541 2941 Sicut
1570 2890 1707 2941 enim
1738 2903 1871 2953 aqua
1917 2905 2035 2951 pau-

508 2960 646 3010 latim
695 2961 879 3018 intrat,
911 2961 1075 3009 d0uec
1108 2960 1276 3009 navim
1323 2960 1622 3022 subinergat
1657 2968 1707 3007 et
1760 2960 1985 3007 involvat
2016 2974 2025 3007 :

506 3028 581 3079 sic
623 3028 719 3092 ipsi
747 3025 908 3078 Judaei
944 3027 1188 3091 paulatim
1217 3027 1538 3077 involventes
1579 3040 1634 3075 se
1679 3026 1855 3075 latenti
1887 3026 2029 3085 odio,

512 3096 694 3147 deinde
741 3096 1013 3146 consilium
1065 3094 1285 3145 ineundo
1331 3108 1447 3145 cum
1497 3094 1772 3158 tliScipulo,
1821 3095 2027 3146 tandem

506 3166 659 3215 etiam
684 3166 959 3215 manifeste
978 3165 1343 3229 oppugnando,
1369 3178 1418 3215 ei
1441 3177 1595 3227 super
1614 3139 1731 3213 eum
1756 3139 2028 3213 clamando
2055 3139 2098 3198 (ἶ

505 3232 749 3301 Cruciﬁge
771 3249 899 3295 eum,
926 3233 1250 3291 intraverunt,
1284 3232 1330 3282 id
1355 3240 1452 3290 est,
1480 3232 1854 3301 prazialueiunt
1882 3247 2033 3298 usque

511 3306 574 3351 iid
620 3300 837 3353 animam
882 3316 981 3352 non
1032 3301 1351 3362 imitandam,
1392 3302 1480 3351 Sed
1531 3300 1933 3366 demergendam
1982 3311 2033 3350 et

507 3371 874 3423 destruendam
906 3385 1084 3421 eorum
1120 3373 1537 3435 reputationcin:
1570 3371 1643 3419 sic
1678 3379 1731 3420 et
1768 3370 1832 3418 de
1868 3383 2032 3421 inem-

506 3439 611 3491 bris
640 3454 735 3491 suo
763 3441 917 3489 modo
942 3440 1103 3489 dices.

602 3505 801 3571 Inﬁnit;
847 3523 954 3557 sum
1000 3506 1050 3554 in
1107 3506 1247 3558 limo.
1294 3504 1411 3557 ideo
1459 3520 1602 3569 aqua:
1653 3506 2032 3569 prirvaluertmt

514 3576 642 3627 mihi
662 3616 675 3638 ,
716 3576 833 3642 quia
862 3589 957 3638 ego
986 3589 1095 3624 sum
1124 3575 1305 3638 infixus
1332 3577 1381 3624 in
1418 3576 1667 3641 prol’uiido
1699 3575 1836 3625 limo.
1868 3575 2032 3625 Homo

510 3644 673 3695 factUs
703 3658 729 3693 a
763 3644 867 3696 Deo
902 3645 967 3692 de
998 3643 1136 3703 limo,
1168 3660 1257 3707 per
1290 3644 1760 3705 prtevaricationeni
1792 3658 1910 3695 vero
1957 3643 2033 3695 la-

508 3722 621 3765 ctus
645 3724 723 3763 est
756 3712 1039 3775 profundus
1068 3712 1238 3763 limus.
1270 3713 1558 3763 l’rol‘nudus
1585 3713 1792 3776 quidem
1822 3720 2032 3776 propter

508 3783 817 3847 multiplices
867 3795 1045 3847 pmnas
1098 3782 1310 3842 pet-cati.
1364 3781 1415 3831 lu
1463 3784 1559 3830 hoc
1607 3782 1729 3830 limo
1776 3780 2031 3845 profundo

506 3850 696 3902 inﬁxus
727 3853 837 3916 ipse
882 3851 989 3911 luit,
1022 3849 1139 3912 quia
1174 3848 1450 3900 humanam
1499 3856 1732 3898 naturam
1780 3851 2027 3911 suscepit.

510 3924 567 3970 lit
598 3920 714 3971 ideo
741 3919 865 3970 dicit
892 3936 904 3969 :
937 3918 1133 3983 lliﬁI-Ub’
1160 3933 1266 3967 sum
1297 3918 1346 3966 in
1376 3920 1492 3967 limo
1530 3916 1796 3980 profundo.
1828 3916 1886 3965 Et
1918 3920 2032 3966 ideo

508 4004 609 4039 non
644 3999 724 4039 est
762 3989 884 4038 milii
918 3988 1228 4047 mutantia,
1258 3989 1304 4035 id
1334 3996 1433 4043 est,
1467 3986 1803 4035 subsi-teiitta
1836 3986 2029 4048 aliqua,
2064 4006 2067 4010 ·

508 4069 561 4106 iit
587 4069 675 4121 per
706 4071 786 4107 me
821 4057 1008 4120 passim
1039 4056 1307 4108 demersus
1334 4057 1397 4104 ab
1429 4053 1575 4118 aquis
1600 4054 1697 4106 illis
1724 4052 2031 4113 Sllbaialcl‘e,

509 4125 601 4174 lIlSI
630 4134 682 4173 tu
722 4122 999 4175 resuscites
1027 4138 1129 4173 me.

586 4188 702 4240 Veni
729 4193 777 4239 in
808 4190 1119 4241 altitudinem
1150 4192 1318 4239 maris.
1347 4189 1539 4255 lii/imus
1566 4205 1696 4252 sum,
1729 4189 1951 4255 inquam,
1982 4189 2032 4239 in

510 4260 761 4325 profundo
782 4261 920 4321 limo,
944 4269 995 4310 et
1026 4259 1121 4307 hoc
1151 4272 1262 4317 non,
1280 4273 1344 4309 ex
1367 4260 1532 4322 aliqua
1562 4260 1889 4318 neces~itaie,
1913 4260 2032 4324 quia

508 4342 603 4392 ego
628 4330 736 4379 veni
780 4342 839 4378 ex
874 4329 1078 4392 propria
1106 4326 1385 4389 voluntate,
1428 4342 1527 4376 non
1559 4340 1622 4377 ex
1665 4328 1950 4389 coactione,
1984 4330 2033 4377 in

506 4397 818 4448 altitudinem
867 4397 1048 4456 maris,
1102 4394 1149 4444 id
1196 4402 1303 4455 est,
1356 4394 1611 4458 assumpsi
1663 4396 2029 4446 humanitatem

504 4467 605 4517 alte
632 4475 841 4531 pr0pter
872 4478 1047 4529 poenas
1080 4471 1271 4527 peccati
1302 4463 1688 4531 amaricantem.
1723 4465 1855 4513 Idem
1889 4464 2026 4514 enim

505 4533 554 4587 in
587 4530 679 4586 liac
709 4530 789 4588 est
817 4534 967 4585 limus
1016 4532 1317 4598 profundus,
1351 4544 1402 4583 et
1434 4530 1590 4582 maris
1627 4534 1862 4583 altitudo.
1898 4534 2024 4581 l’tis-

504 4612 625 4655 sunt
657 4613 710 4655 et
737 4604 889 4655 aliter
922 4604 969 4653 lii
998 4609 1099 4651 duo
1129 4615 1310 4651 versus
1358 4616 1457 4650 non
1494 4602 1771 4663 incongrue
1813 4602 2022 4665 exponi.

507 4674 659 4733 Quasi
689 4671 861 4723 dicat:
895 4668 1088 4734 Iulianis
1126 4683 1235 4717 sum
1278 4671 1327 4719 in
1366 4670 1483 4719 limo
1514 4669 1779 4735 profundi,
1825 4669 1874 4719 id
1915 4680 2022 4729 est,

512 4747 645 4789 terra
691 4741 873 4790 tradita
923 4748 1001 4789 est
1048 4738 1096 4787 in
1148 4751 1329 4787 manus
1377 4749 1724 4799 peccatorum.
1772 4737 1935 4787 Homo
1973 4747 2026 4787 ut

509 4808 838 4870 praediximus
885 4809 1046 4858 lactus
1086 4812 1165 4856 est
1199 4804 1266 4872 de
1298 4805 1441 4863 limo,
1472 4808 1560 4856 si-d
1593 4821 1683 4872 per
1714 4806 2023 4869 ιη’ίιεγςιτίελ-

512 4877 704 4925 tionem
752 4872 917 4925 factus
965 4884 1044 4923 est
1093 4871 1376 4935 profundus
1410 4871 1856 4940 liiiius.’Quisqnis
1904 4888 2026 4923 vero

511 4953 701 5007 praeter
739 4941 1002 5006 originalia
1038 4949 1242 5003 peccata
1291 4943 1547 5007 immergit
1590 4956 1646 4993 se
1687 4944 1735 4991 in
1782 4943 2021 5003 actualia,

510 5020 701 5077 quanto
743 5009 886 5074 plut:
927 5009 1228 5069 committit,
1268 5016 1411 5059 tanto
1458 5009 1841 5071 profttndioreiii
1892 5012 1920 5058 li
1948 5027 2025 5060 .iic

511 5082 687 5129 limum
714 5077 903 5127 reddit.
925 5077 1067 5128 Hunc
1095 5081 1271 5128 limum
1307 5079 1688 5139 [lltDiFtileillelH
1712 5082 1773 5127 ad
1804 5079 2023 5142 aliquam

510 5148 850 5212 iniquitatem,
881 5146 922 5195 si
951 5160 1065 5209 quis
1103 5149 1403 5207 contemnit,
1439 5148 1614 5197 limum
1656 5162 1802 5197 suum
1844 5162 2024 5196 aurum

516 5219 665 5275 iacit,
695 5216 811 5280 quia
862 5216 1063 5264 tandem
1111 5212 1159 5262 iu
1208 5220 1470 5269 ccclestem
1522 5216 1749 5265 habitum
1802 5225 2026 5266 mutatos

512 5288 723 5347 :equalis
768 5283 823 5334 lit
870 5283 1065 5348 angelis
1109 5280 1218 5331 Dei.
1254 5283 1305 5331 lu
1356 5286 1453 5333 hoc
1502 5284 1625 5335 liino
1670 5284 1925 5348 prelundo
1956 5284 2027 5333 in-

512 5356 647 5404 lixus
674 5360 752 5404 est
778 5353 1032 5410 Christus,
1058 5349 1174 5415 quia
1206 5362 1472 5416 corruptio
1506 5362 1699 5403 natura:
1730 5369 1831 5403 non
1860 5354 2024 5403 solum

512 5437 603 5485 per
649 5422 934 5484 originalia,
983 5420 1069 5469 sed
1124 5418 1278 5469 etiam
1332 5434 1421 5483 per
1475 5423 1690 5470 actualia
1737 5419 1829 5470 luit
1874 5434 2025 5471 causa

509 5504 669 5553 qu:ire
699 5490 883 5541 infixus
915 5487 1021 5537 fuit.
1056 5487 1116 5538 Et
1146 5489 1261 5538 ideo
1288 5487 1413 5538 ἀίω
1442 5503 1450 5535 :
1480 5485 1673 5549 lnﬁxux
1698 5504 1805 5537 sum
1833 5490 1881 5537 in
1909 5486 2027 5536 limo

512 5559 767 5624 profundi,
802 5559 848 5607 id
882 5568 978 5617 est,
1016 5556 1137 5607 liaisi
1170 5557 1258 5614 ibi,
1290 5555 1409 5620 quia
1442 5569 1622 5617 cupitis
1672 5570 1804 5613 smn,
1839 5570 2021 5612 laesus,

513 5627 823 5690 tingellalus,
869 5626 1166 5677 cruciﬁxus.
1216 5626 1277 5675 Et
1328 5628 1425 5676 hoc
1472 5626 1605 5683 ideo,
1636 5626 1751 5687 quia
1800 5640 1899 5673 non
1949 5634 2023 5674 est

512 5694 795 5743 substantia
827 5696 875 5743 in
908 5709 1007 5755 me,
1041 5696 1087 5745 id
1116 5704 1213 5757 est,
1249 5696 1366 5761 quia
1415 5709 1515 5745 noti
1553 5693 1751 5743 ostendi
1796 5694 1868 5744 cis
1899 5692 2028 5743 diri—

2156 564 2346 619 ωηιξη.
2381 554 2677 603 Suhstanlia
2709 555 2846 604 et-im
2883 568 2976 619 pro
3020 555 3213 605 divitiis
3246 556 3367 618 pnni
3413 558 3567 607 solet.
3615 559 3683 611 Di

2153 618 2290 669 vitire
2321 624 2461 671 enim
2490 632 2611 672 sunt
2641 623 2689 672 in
2736 622 2851 689 hoc,
2880 618 2998 689 quia
3029 638 3129 674 non
3166 626 3399 685 rapinam
3425 625 3699 683 arbitratu

2149 697 2219 737 est
2244 704 2298 738 se
2326 704 2428 741 esse
2456 692 2697 749 azqualem
2724 688 2850 753 Deo,
2875 688 2952 741 cui
2988 706 3109 743 vere
3142 692 3377 756 minutiis,
3403 706 3696 748 maternus

2151 767 2201 806 et
2231 760 2693 828 consubstantialis
2716 760 3002 828 secundum
3038 759 3262 812 Verbum
3284 772 3385 814 est.
3418 762 3697 828 Paupertas

2147 839 2269 876 vero
2297 829 2412 888 ejus
2448 830 2495 877 in
2530 828 2631 879 hoc
2669 826 2781 887 fuit,
2809 827 2929 893 quia
2960 844 3011 879 se
3050 829 3212 889 ipsum
3248 826 3552 886 exinanivit,
3596 836 3694 893 (or-

2146 909 2277 943 mam
2305 897 2426 946 servi
2453 897 2723 955 accipiens,
2751 897 2924 947 habitu
2950 898 3174 949 iuventtis
3200 908 3275 949 est
3311 908 3362 947 ut
3393 900 3562 951 homo.
3586 902 3692 963 Otia

2150 973 2452 1036 paupertate
2476 966 2769 1036 ilives_l'uit,
2800 970 2918 1031 quia
2952 980 3047 1017 nos
3089 967 3266 1018 multis
3296 968 3493 1018 divitiis
3526 974 3689 1036 reple-

2148 1032 2239 1082 vit.
2267 1032 2393 1083 (Σιιιιι
2436 1035 2573 1084 enim
2604 1033 2750 1086 dives
2776 1043 2936 1098 esset,
2972 1048 3063 1098 pro
3105 1036 3254 1088 nobis
3289 1050 3485 1101 pauper
3530 1032 3690 1091 factus

2144 1108 2241 1161 i-st,
2277 1112 2328 1168 ut
2374 1117 2465 1150 nos
2497 1112 2798 1167 paupertate
2837 1118 2927 1155 sua
2959 1104 3165 1157 ditaret.
3205 1104 3296 1156 Vel
3327 1108 3521 1156 aliter:
3556 1107 3683 1160 Suti-

2143 1170 2332 1219 stantia
2366 1172 2558 1221 dicitur
2583 1172 2831 1237 quidquid
2863 1186 2890 1223 a
2923 1171 3029 1223 Deo
3056 1182 3290 1223 creatum
3322 1184 3423 1234 est,
3450 1184 3503 1223 et
3538 1177 3688 1227 homo

2142 1248 2355 1289 ereatus
2382 1254 2409 1289 a
2444 1241 2548 1291 Deo
2592 1250 2646 1290 ut
2687 1241 2997 1297 substantia,
3035 1240 3085 1292 ld
3116 1250 3217 1303 est,
3246 1252 3302 1293 ut
3333 1257 3396 1293 eo
3430 1242 3583 1305 digna
3613 1262 3690 1295 es-

2142 1316 2243 1357 set.
2280 1309 2340 1358 Ει
2366 1310 2408 1357 si
2453 1323 2515 1359 ea
2563 1310 2849 1360 substantia
2882 1310 3195 1370 mansisset,
3240 1326 3396 1371 quam
3430 1311 3564 1363 Dens
3603 1330 3686 1371 νει-

2144 1376 2646 1452 llllll,'iﬂiill15ll0ll
2680 1378 2983 1452 esset._Sed
3034 1377 3192 1429 homo
3243 1378 3422 1445 lapsus
3468 1394 3551 1431 est
3599 1397 3684 1442 per

2144 1446 2492 1507 iniquitatem,
2539 1460 2653 1509 quie
2705 1448 2950 1510 iniquitas
2996 1463 3096 1498 uon
3148 1458 3229 1499 est
3276 1458 3540 1510 creatura,
3572 1456 3681 1515 quia

2144 1528 2244 1561 non
2288 1522 2369 1566 est
2420 1526 2624 1585 natura,
2657 1526 2809 1579 quam
2850 1516 2983 1568 Dens
3033 1516 3250 1585 creavit,
3281 1520 3372 1567 sed
3425 1522 3684 1585 mlrl‘pll“

2140 1590 2359 1640 nature,
2387 1598 2542 1648 quam
2578 1584 2687 1649 ipse
2716 1587 2872 1636 homo
2904 1586 2952 1636 iii
2986 1599 3044 1638 se
3076 1584 3214 1637 fecit.
3244 1588 3325 1636 Ab
3350 1587 3557 1637 Adamn
3588 1584 3686 1638 Viui-

2139 1653 2311 1715 quitas
2338 1653 2497 1712 venit,
2528 1663 2583 1704 et
2614 1670 2713 1703 non
2746 1665 2824 1704 est
2856 1654 3166 1705 substantia.
3200 1655 3321 1718 quia
3346 1669 3450 1705 non
3482 1664 3564 1707 est
3592 1658 3683 1708 ini-

2140 1722 2311 1781 quitas
2351 1735 2377 1769 a
2413 1720 2518 1788 Deo
2548 1722 2701 1773 facta.
2735 1722 2859 1773 Nam
2893 1736 2996 1774 non
3040 1732 3119 1773 est
3164 1720 3319 1785 facta,
3349 1724 3471 1788 quia
3513 1728 3680 1777 omnii

2071 1817 2116 1878 Β
2143 1802 2238 1878 per
2270 1789 2436 1878 ipsum
2468 1787 2597 1841 facta
2622 1799 2762 1851 sunt,
2793 1803 2842 1878 et
2873 1790 3045 1842 omnis
3076 1801 3312 1878 creatura
3340 1805 3367 1841 a
3397 1792 3674 1878 beo-iacta.

2145 1859 2349 1908 Laudat
2376 1872 2495 1910 eum
2530 1874 2632 1910 non
2664 1861 2803 1919 quod
2834 1874 3043 1911 sensum
3078 1859 3265 1910 habeat
3297 1859 3562 1922 laudandi,
3594 1866 3679 1915 sed

2142 1930 2259 1989 quia
2312 1930 2581 1979 materiam
2630 1932 2824 1992 praebet
2854 1928 3114 1979 laudandi.
3147 1928 3354 1980 Nullum
3404 1939 3578 1980 autem
3612 1934 3680 1983 vi-

2144 2002 2270 2046 tium
2319 1996 2536 2047 materia
2586 2006 2667 2047 est
2716 1996 2956 2048 laudandi
3005 1996 3187 2058 Deum,
3218 2011 3381 2061 quare
3444 1998 3679 2062 iniquitas

2148 2078 2247 2114 non
2292 2076 2372 2115 est
2402 2074 2665 2128 creatura,
2697 2074 2747 2115 et
2782 2067 2897 2117 ideo
2925 2065 3066 2121 dicit.
3097 2063 3297 2128 Inﬁxae
3327 2082 3437 2115 sum
3473 2072 3523 2116 in
3569 2070 3681 2118 lium

2140 2131 2413 2196 profundi;
2457 2144 2508 2186 et
2539 2136 2635 2185 hoc
2685 2131 2820 2195 ilco,
2853 2138 2969 2197 quia
3015 2148 3113 2185 IlO-l
3156 2143 3238 2185 est
3274 2133 3584 2192 substantia.
3630 2140 3677 2187 id

2139 2206 2389 2267 est,~quia
2422 2217 2521 2253 non
2568 2204 2735 2254 iuveni
2785 2206 2834 2253 iii
2884 2204 3093 2255 homine
3137 2204 3480 2253 substantiam
3529 2221 3673 2267 quam

2142 2268 2387 2322 feceram.
2429 2270 2547 2322 Veni
2577 2272 2627 2322 in
2652 2273 2967 2324 altitudinem
3008 2273 3178 2324 matis.
3220 2271 3414 2323 lniixus
3442 2288 3575 2337 sum,
3604 2276 3677 2325 in-

2138 2354 2323 2404 quam,
2374 2341 2464 2391 sed
2519 2356 2619 2389 non
2673 2356 2736 2391 eti
2788 2344 2954 2407 aliqua
3014 2342 3356 2397 necessitate,
3409 2357 3528 2405 quia
3578 2357 3669 2399 ezo

2138 2414 2327 2469 sponte
2357 2410 2466 2459 veni
2493 2409 2545 2459 in
2574 2409 2903 2460 altitudinem
2936 2413 3108 2470 muris,
3145 2408 3192 2459 id
3225 2419 3325 2469 est,
3360 2408 3408 2459 in
3441 2412 3568 2461 hanc
3596 2413 3670 2462 vi-

2142 2484 2244 2525 tam
2292 2478 2661 2529 amariciiniem
2714 2492 2889 2541 pinnas
2935 2480 3153 2540 peccati,
3203 2478 3269 2529 ita
3314 2487 3483 2529 tamen
3531 2487 3586 2530 ut
3627 2482 3675 2532 in

2136 2545 2241 2595 alto
2269 2546 2395 2596 mari
2426 2560 2619 2607 essein,
2652 2548 2698 2597 id
2729 2557 2827 2607 est,
2860 2547 2908 2597 in
2941 2560 3006 2596 eo
3051 2547 3165 2597 loci
3197 2546 3281 2611 qui
3326 2546 3497 2598 minus
3532 2561 3665 2600 com-

2137 2623 2458 2676 moveretur,
2487 2614 2685 2667 scilicet
2716 2625 2768 2666 ut
2795 2625 2848 2667 et
2886 2616 2926 2666 si
2960 2628 3323 2666 eoiumuverer
3356 2618 3524 2680 poenis
3556 2632 3665 2677 pec-

2138 2683 2262 2741 c.iti,
2297 2694 2396 2732 non
2432 2692 2602 2734 tamen
2645 2697 2705 2734 us
2726 2698 2807 2748 pie
2847 2686 2944 2735 huc
2974 2686 3172 2749 sumpsi
3206 2698 3500 2747 peccatum.
3530 2685 3667 2736 Maii:

2134 2762 2271 2800 enim
2302 2760 2355 2801 et
2383 2753 2553 2803 omnis
2583 2754 2738 2803 etiam
2784 2767 2939 2819 aqua,
2974 2752 3023 2803 iii
3054 2768 3151 2817 qua
3197 2764 3343 2815 parte
3385 2758 3537 2804 altior
3565 2769 3659 2813 est,

2136 2823 2305 2870 minus
2342 2830 2719 2873 commovetur.
2756 2821 2841 2873 Vel
2894 2822 3005 2871 veni
3040 2822 3092 2871 in
3133 2820 3454 2871 altitudinem
3499 2825 3665 2885 maria,

2134 2886 2182 2937 id
2227 2897 2334 2948 est,
2382 2890 2517 2939 inter
2550 2888 2688 2947 illm,
2718 2889 2803 2955 qui
2854 2892 3081 2943 maxime
3110 2892 3458 2941 ainaricantcs
3502 2905 3665 2954 erant,

2131 2954 2329 3006 scilicet
2376 2957 2507 3007 inter
2554 2954 2781 3009 Jttdaao’s.
2834 2959 2894 3009 Et
2950 2957 3065 3009 ideo
3118 2968 3407 3023 tempestas,
3454 2959 3501 3009 id
3548 2970 3656 3020 est,

2131 3024 2472 3091 contradictio
2533 3033 2587 3076 et
2657 3026 2802 3077 furor
2867 3027 3007 3077 illius
3081 3028 3251 3091 populi
3330 3042 3431 3078 non
3494 3030 3653 3079 solum

2134 3090 2312 3143 mersit
2357 3107 2461 3154 me,
2513 3107 2632 3144 cum
2681 3110 2839 3160 super
2893 3111 2975 3145 me
3027 3090 3090 3145 ut
3132 3093 3500 3161 triteiligerer.
3546 3101 3654 3149 cla-

2139 3170 2386 3213 marent:
2426 3163 2515 3214 sed
2564 3165 2717 3215 etiam
2764 3164 2995 3214 demersit
3040 3180 3115 3215 uie
3156 3169 3308 3225 adeo,
3361 3174 3416 3216 ut
3464 3180 3542 3217 me
3583 3184 3665 3218 se.

2139 3230 2381 3293 peliretil.

2204 3298 2448 3349 Laboravi
2476 3299 2718 3360 clamans,
2741 3315 2925 3351 raucae.
2952 3300 3049 3368 Ipsi
3078 3302 3288 3367 quidem
3314 3301 3667 3355 demerserunt

2134 3380 2236 3437 me,
2265 3381 2361 3431 ego
2392 3383 2515 3437 vero
2563 3370 2736 3419 monui
2786 3384 2875 3421 eos
2904 3370 2968 3421 de
3012 3372 3240 3437 ipsorum
3282 3372 3473 3435 salute,
3506 3380 3554 3423 et
3593 3374 3661 3423 sio:

2134 3435 2353 3485 laboraui
2381 3435 2604 3487 clamans
2640 3440 2703 3488 ad
2752 3452 2863 3497 eos,
2897 3435 3157 3503 quomodo
3186 3440 3433 3491 clamavit
3478 3441 3660 3503 ille_de

2133 3518 2235 3573 quo
2265 3504 2457 3556 dictum
2500 3514 2580 3557 est
2621 3506 2756 3572 quod
2805 3522 2903 3557 non
2939 3507 3205 3573 reSpondit
3236 3509 3311 3560 eis
3344 3509 3571 3562 verbum.
3609 3512 3663 3559 tt

2134 3572 2198 3622 de
2226 3587 2327 3635 quo
2356 3574 2532 3635 Isaias,
2564 3575 2706 3626 Sicut
2742 3575 2857 3627 ovis
2903 3575 2967 3627 ad
2998 3572 3317 3628 occisionem
3346 3577 3530 3629 ductus
3571 3588 3661 3637 est,

2133 3651 2183 3711 et
2212 3643 2331 3691 dum
2378 3642 2444 3692 ita
2490 3653 2818 3705 tractaretur,
2865 3661 2964 3695 non
3006 3646 3212 3711 aperuit
3241 3659 3299 3695 os
3350 3658 3523 3696 suum.
3565 3646 3661 3699 Sed

2136 3710 2250 3759 hiet
2294 3727 2341 3758 ιιι
2377 3712 2617 3771 passione
2645 3727 2746 3763 non
2776 3710 3049 3773 clamaret,
3081 3728 3221 3779 prius
3254 3721 3429 3765 tamen
3476 3714 3657 3765 clama-

2134 3780 2204 3827 vit
2235 3782 2451 3829 tnuittim
2482 3781 2660 3832 ditem
2685 3795 2699 3831 :
2737 3780 2824 3831 Vw
2854 3783 3062 3843 mundo,
3088 3793 3133 3833 et
3162 3781 3281 3833 :Ya:
3309 3784 3458 3834 vobis
3486 3798 3657 3835 serum

2132 3854 2176 3894 rt
2214 3846 2475 3906 I’liai-ismi,
2519 3850 2601 3913 qui
2636 3850 2835 3901 habetis
2881 3851 3053 3902 claves
3100 3851 3393 3912 sapientie,
3442 3866 3535 3903 nec
3571 3868 3654 3901 ru.

2133 3916 2181 3963 iii
2212 3916 2356 3976 ratis,
2390 3931 2483 3967 nec
2504 3920 2633 3968 alios
2662 3921 2854 3970 intrare
2888 3919 3204 3982 permittitis,
3236 3927 3291 3970 et
3333 3923 3491 3971 multa
3524 3920 3654 3971 ιλιαδ.

2136 3984 2196 4031 Et
2232 3983 2511 4054 ldtPOLdlCll
2542 4001 2554 4037 :
2598 3986 2842 4036 Luboravi
2882 3988 3119 4038 clamans.
3152 3988 3253 4039 Sed
3302 3999 3473 4040 tamen
3498 3990 3656 4054 (qua~i

2134 4053 2288 4115 dicat)
2323 4051 2448 4102 nihil
2486 4057 2675 4115 proieci
2704 4071 2715 4105 :
2748 4056 2865 4119 quia
2895 4056 3067 4120 fauces
3108 4071 3249 4117 mete,
3284 4058 3331 4105 id
3379 4068 3482 4117 est,
3507 4051 3657 4108 voces

2134 4134 2261 4169 mea:
2301 4135 2465 4171 rauca:
2503 4122 2649 4185 [actia
2688 4133 2824 4181 sunt,
2859 4134 3105 4189 quantum
3138 4131 3201 4175 ad
3231 4124 3479 4176 effectum
3508 4144 3516 4173 :
3549 4141 3655 4185 quia

2133 4189 2265 4238 sicut
2294 4200 2389 4238 vox
2422 4190 2636 4252 alicujus
2669 4189 2808 4243 rauci
2839 4192 3052 4243 Confusa
3076 4204 3178 4252 est,
3206 4203 3260 4243 et
3290 4207 3393 4242 nan
3428 4193 3652 4243 auditur:

2134 4260 2199 4305 ita
2247 4256 2399 4307 veiba
2431 4271 2544 4309 mea
2578 4259 2641 4309 ab
2671 4274 2745 4309 τις
2778 4275 2879 4309 non
2910 4259 3329 4324 intelligetianlur
3360 4274 3459 4312 nec
3488 4261 3643 4312 audio

2135 4324 2337 4375 bantur.
2372 4330 2428 4376 lit
2475 4327 2714 4377 nimirum
2756 4327 2800 4378 si
2829 4330 3143 4379 adversariis
3174 4327 3292 4380 {auc
3315 4345 3351 4379 ’ς
3390 4344 3516 4380 mea:
3543 4345 3648 4379 rau~

2131 4404 2369 4455 cnerunt,
2397 4395 2512 4465 quia
2544 4397 2675 4446 oculi
2705 4400 2818 4458 mei,
2855 4396 2902 4448 id
2931 4406 3029 4457 est,
3076 4396 3149 4448 illi
3194 4400 3279 4465 qui
3317 4397 3443 4448 mihi
3489 4397 3652 4449 adiit-

2068 4458 2109 4513 Ι)
2136 4465 2332 4519 reliaut,
2363 4458 2421 4514 et?
2457 4464 2505 4514 iii
2553 4479 2771 4528 corpore
2803 4482 2917 4517 meo
2944 4466 3081 4517 Oculi
3114 4458 3287 4526 erant,
3327 4468 3375 4516 id
3408 4480 3504 4525 est,
3536 4482 3654 4531 apo-

2127 4534 2241 4581 stoli
2273 4532 2573 4597 dCICCt't'u'll.
2609 4542 2625 4582 t
2655 4542 2672 4584 t
2713 4534 2781 4583 illi
2812 4536 2914 4584 duo
2941 4535 3025 4600 qui
3057 4533 3177 4585 dum
3205 4536 3341 4586 oculi
3371 4550 3551 4587 eorum
3582 4546 3650 4586 te-

2128 4610 2374 4650 nerentur
2406 4602 2455 4650 iii
2486 4603 2585 4662 via,
2609 4618 2673 4652 ne
2701 4617 2817 4651 cum
2850 4616 3211 4667 agnoscerent,
3237 4603 3484 4655 dixerunt
3511 4622 3523 4655 :
3550 4602 3649 4654 Nos

2126 4668 2442 4733 sperabamus
2460 4670 2589 4733 quod
2612 4672 2715 4736 ipse
2738 4672 3079 4735 redempturus
3108 4681 3212 4721 erat
3242 4670 3427 4722 Israel.
3454 4672 3516 4723 Et
3545 4672 3651 4722 ideo

2126 4739 2440 4796 deiecerunt,
2474 4736 2594 4785 dum
2635 4752 2782 4798 spero
2814 4739 2863 4787 in
2895 4752 2943 4789 te
2973 4738 3146 4799 Deum,
3183 4739 3231 4788 id
3274 4754 3376 4802 esr,
3402 4755 3518 4804 quia
3550 4742 3651 4791 nal-

2129 4804 2232 4855 liiiii
2282 4805 2583 4854 miraculum
2634 4809 2750 4863 lect,
2787 4807 2978 4857 nullam
3033 4807 3316 4869 potentiam
3361 4822 3530 4858 meam
3569 4824 3645 4857 os-

2129 4874 2261 4923 tendi
2290 4888 2302 4921 :
2333 4875 2422 4923 sed
2474 4883 2668 4924 tantum
2701 4890 2846 4940 spem
2888 4889 3053 4925 meam
3085 4874 3133 4924 in
3169 4884 3219 4925 te
3263 4875 3370 4926 Deo
3402 4876 3516 4939 ﬁxi,
3555 4891 3647 4927 non

2126 4944 2191 4991 de
2238 4955 2393 4992 cruce
2441 4942 2827 5007 descendendo,
2857 4945 2947 4994 sed
2992 4954 3039 4993 te
3088 4957 3533 4997 reinuneratorein
3561 4960 3629 4995 ex-

2124 5010 2425 5077 spectando.
2464 5011 2636 5060 l'0iest
2664 5014 2816 5061 etiam
2852 5011 3142 5077 Defererunt
3177 5016 3309 5063 oculi
3339 5016 3434 5065 mei
3463 5014 3648 5073 simpli-

2125 5068 2253 5129 citer
2282 5091 2398 5128 esse
2425 5078 2706 5142 descriptio
2736 5068 2937 5131 mortis:
2962 5085 3115 5141 QuaSI
3145 5081 3286 5133 dicat
3311 5100 3321 5131 :
3351 5084 3461 5133 Non
3490 5068 3644 5133 solum

2129 5146 2301 5196 latices
2335 5157 2665 5207 raucueruiit,
2699 5147 2790 5199 sed
2820 5150 2972 5199 etiam
3002 5150 3129 5198 oculi
3152 5152 3245 5200 mei
3267 5153 3565 5216 defecerunt,
3599 5149 3640 5197 id

2127 5223 2223 5273 est,
2264 5216 2314 5264 iti
2357 5222 2573 5263 mortem
2604 5216 2753 5267 datus
2782 5232 2915 5273 sum.
2952 5218 3003 5267 In
3036 5228 3199 5269 morte
3228 5221 3364 5270 enim
3398 5222 3533 5269 Oculi
3564 5222 3647 5266 ιιιε

2129 5284 2320 5333 licinnt.
2358 5282 2417 5332 Et
2445 5282 2560 5333 ideo
2590 5285 2910 5348 delecermit,
2941 5287 3058 5335 dum
3100 5301 3246 5353 spero
3289 5288 3339 5335 in
3385 5285 3490 5337 Deo
3525 5304 3641 5345 meo,

2128 5360 2176 5400 ul
2213 5366 2368 5409 pnus.

2199 5418 2517 5486 Multiplicuti
2568 5431 2701 5471 sunt.
2750 5420 2880 5482 Quia
2927 5422 3097 5487 [aures
3144 5435 3266 5470 metr
3310 5436 3474 5471 rauce
3509 5424 3644 5486 fuch

2128 5498 2255 5547 sunt,
2288 5488 2403 5538 ideo
2435 5490 2507 5537 illi
2538 5490 2617 5552 qui
2639 5493 2849 5539 oderunt
2876 5505 2949 5540 me
2973 5490 3146 5555 gratis,
3177 5490 3227 5538 id
3254 5502 3351 5549 est,
3374 5491 3486 5541 sine
3514 5492 3641 5539 Ortini

2129 5570 2304 5615 tunsa,
2335 5555 2649 5618 multiplicati
2693 5568 2807 5608 sunt
2854 5570 2903 5609 et
2936 5560 2983 5606 iu
3026 5572 3134 5607 suis
3172 5568 3222 5606 et
3253 5558 3302 5607 in
3336 5558 3467 5608 meis
3494 5597 3505 5606 .
3534 5558 3647 5620 quia

2129 5639 2261 5673 unus
2289 5635 2441 5675 etiam
2489 5627 2553 5675 de
2596 5627 2867 5676 duodecim
2907 5634 3126 5675 aCCCSMl
3153 5625 3413 5690 cis_super
3446 5627 3641 5687 capillos

2126 5694 2298 5759 cupitis
2333 5694 2446 5753 Dlt’l,
2478 5695 2525 5743 id
2558 5704 2652 5755 cst,
2680 5691 2868 5744 iiiliniti
2912 5694 3030 5745 lacti
3063 5703 3202 5745 sunt.
3243 5685 3476 5747 ἰτιίιίιυιιι
3507 5685 3638 5747 enim
