3898 6226
227 349 333 407 849

933 348 994 404 IN
1035 342 1448 403 PSALMOltUSI
1488 307 1747 398 nam
1781 337 2491 397 EXEGESIS.—PSAL.\I.
2539 340 2763 395 mni.

3329 339 3446 395 850

230 464 712 518 commendaverat.
746 461 912 521 Super
941 460 1077 512 hanc
1104 457 1313 511 dulcem
1342 469 1515 509 escam
1548 452 1788 516 unitatis,
1823 455 1862 507 Λ
1894 459 2005 514 est,
2036 452 2204 519 gravis
2234 451 2457 505 vindicta
2490 461 2572 504 tua
2601 493 2616 517 ,
2643 450 3025 516 comprehendat
3054 467 3136 505 eos
3157 464 3436 519 quantum-

232 535 443 588 scilicet
490 532 725 601 corporis
754 530 944 582 Christi
993 537 1046 601 et
1091 526 1364 601 charitatis
1389 523 1605 601 Christi,
1635 536 1790 601 quam

231 605 394 658 etiam
445 592 776 653 cotnmendat
826 599 1105 662 Apostolus
1133 597 1321 649 dicens
1362 611 1377 648 :
1430 592 1576 647 Unus
1627 593 1792 654 panis.

235 690 395 724 unum
422 689 601 731 corpus
629 687 718 723 nos
746 684 923 740 omnes
952 668 1007 740 in
1037 666 1234 740 Christo
1262 679 1452 716 sumus.
1505 662 1794 740 Iniecerunt

235 742 408 795 Juda-i
437 743 653 794 lellitutu
683 751 882 806 potum,
915 738 963 788 id
989 746 1090 798 est,
1120 737 1478 806 seipsosqnos
1506 732 1794 806 ab_ttnitate

235 815 481 878 corporis
531 811 644 875 ejus
684 800 1107 878 discerpserunt.
1170 807 1231 856 Et
1281 803 1451 857 adhuc
1499 800 1797 878 quicunque

237 870 505 945 dissipant
551 870 801 932 unitatem
850 887 901 928 et
947 876 1285 948 charitatem,
1328 883 1382 925 et
1435 870 1798 948 cpntradicunt

245 938 578 1004 l-Zvatieelfca:
608 949 853 1007 veritati,
879 945 958 998 vel
1003 946 1090 1011 qtti
1123 945 1262 998 male
1295 940 1516 994 vivendo
1537 938 1797 991 scandali-

242 1031 367 1073 zant
402 1018 712 1080 Eeclesiam,
759 1030 918 1080 super
957 1014 1100 1068 illam
1144 1027 1319 1067 escam
1367 1011 1585 1064 follitum
1616 1018 1797 1080 potum

244 1092 548 1154 protiiuaut.
578 1087 682 1141 Sed
713 1079 837 1154 quid
857 1085 917 1158 tit
944 1085 1058 1137 eis?
1085 1083 1222 1137 idem
1253 1082 1452 1136 scilicet
1472 1079 1799 1158 _quo_d._tunc

245 1148 501 1212 Dominus
526 1158 669 1221 iecit,
700 1148 908 1223 quando
934 1168 1052 1206 cum
1091 1161 1377 1221 gustasset,
1400 1150 1568 1223 noluit
1596 1148 1794 1223 bibere.

241 1227 301 1282 lu
335 1244 440 1294 quo
468 1218 868 1297 Sacramentnm
914 1226 1012 1297 hoc
1042 1218 1354 1297 designavit,
1371 1220 1522 1297 _quia_
1545 1218 1674 1297 tales
1701 1231 1796 1297 gu-

242 1287 420 1350 standi
448 1296 656 1366 quidem
689 1307 832 1358 sunt,
865 1303 917 1348 et
965 1291 1300 1366 lereudi_uo_n
1336 1288 1581 1366 bibendo,
1614 1287 1663 1339 id
1694 1295 1794 1366 est,

244 1383 355 1420 non
384 1360 505 1419 sunt
551 1366 699 1420 nobis
747 1362 1134 1430 incorporatidi.
1161 1360 1440 1422 Dederunt,
1471 1360 1702 1424 inquam,
1750 1360 1802 1406 in

242 1453 417 1508 escam
441 1453 603 1489 meam
630 1437 716 1504 fel,
737 1447 793 1508 Aet
837 1434 890 1486 in
918 1433 1001 1486 siti
1028 1435 1136 1485 mea
1168 1437 1458 1508 potuerunt
1507 1443 1584 1507 me
1616 1437 1757 1505 aceto
1783 1439 1803 1476 :

244 1507 370 1571 quia
394 1522 510 1558 cum
541 1501 638 1574 ego
667 1506 862 1558 sitirent
889 1517 1079 1557 eorum
1105 1501 1410 1574 novitatem,
1438 1501 1532 1574 ipsi
1562 1501 1803 1564 propina-

248 1568 444 1629 verunt
489 1568 614 1628 milii
664 1574 905 1627 acerbam
956 1577 1290 1625 vetustatem.
1346 1568 1409 1620 Et
1454 1571 1567 1618 tunc
1611 1581 1801 1625 mensa,

249 1647 300 1696 id
327 1655 428 1706 est,
477 1647 592 1716 tatus
620 1643 937 1716 praeparatio
959 1655 1156 1696 mensae
1183 1654 1354 1693 eorum
1395 1637 1480 1702 ﬁat
1524 1636 1598 1716 eis
1627 1637 1679 1686 in
1702 1633 1804 1716 ita.

248 1731 453 1777 (meum,
502 1713 555 1766 id
599 1708 700 1776 est,
736 1708 1203 1781 impedimentum,
1246 1724 1350 1762 non
1382 1708 1804 1781 expeditneotnm

249 1774 588 1849 roramipsis,
624 1774 972 1850 id'estpipsis
1008 1774 1304 1834 sitientibus
1329 1792 1481 1852 eam,
1508 1786 1558 1828 et
1590 1789 1690 1826 non
1722 1774 1799 1852 i_n-
1837 1795 1881 1852 Β

252 1844 631 1922 teltigeutilnis.
684 1844 832 1918 Quod
865 1844 1004 1905 enim
1033 1865 1213 1923 coram
1255 1855 1358 1909 est,
1397 1846 1605 1898 videtur
1635 1854 1694 1923 et
1727 1844 1804 1894 iu-

250 1920 521 1990 telligitur.
548 1924 688 1976 Multi
712 1933 934 1975 noscunt
967 1920 1219 1974 malitiam
1243 1933 1389 1971 suam
1416 1925 1469 1969 et
1493 1920 1800 1992 nequitiam.

249 1992 350 2045 sed
371 1984 557 2045 'tameu
587 1993 929 2062 pertinaciter
953 1992 1004 2044 in
1031 2007 1093 2046 ea
1117 1987 1571 2062 perse_veraut._b;t
1603 1984 1652 2034 ιιι
1684 1998 1802 2062 [ier-

254 2064 460 2114 wciose
487 2063 536 2113 in
579 2053 784 2129 seipsos
821 2071 998 2128 agunt,
1030 2053 1149 2127 quia
1175 2058 1278 2111 vivi
1322 2056 1374 2129 iu
1414 2055 1672 2129 infernum
1695 2053 1806 2129 nde-

249 2135 530 2184 scendunt.
563 2120 718 2185 Tales
739 2133 822 2186 isti
841 2120 1080 2185 Erant-de
1099 2129 1286 2197 quibus
1321 2127 1404 2176 hic
1423 2124 1615 2197 dicitur
1642 2141 1653 2174 :
1688 2120 1805 2173 Fiat

251 2216 430 2253 eorum
460 2217 630 2270 mensa
658 2203 709 2254 in
743 2203 970 2267 laqueum
999 2193 1128 2264 ipsis
1150 2213 1243 2270 ens
1264 2210 1475 2270 coram,
1501 2206 1552 2245 et
1577 2193 1803 2270 ltoc‘nou

253 2270 474 2341 injuste,
515 2269 606 2324 sed
651 2272 703 2322 in
746 2262 1137 2341 reiributionem,
1168 2267 1218 2318 id
1253 2275 1354 2325 est,
1390 2263 1548 2341 justo,
1582 2262 1802 2341 scilicet,

249 2329 377 2405 quia
425 2329 843 2408 promi-ruerunt.
896 2338 964 2391 Et
1015 2329 1202 2408 liatlin
1245 2334 1564 2408 scandalum,
1614 2329 1664 2382 id
1702 2337 1808 2408 est,

254 2401 310 2461 in
342 2401 701 2475 offéusionem,
745 2411 824 2464 vel
867 2410 995 2478 ipsis
1038 2406 1234 2462 eisdem
1262 2403 1372 2473 qui,
1400 2413 1607 2478 quamq
1640 2401 1804 2478 magis

252 2478 488 2549 scienjcs
525 2481 576 2533 in
619 2469 757 2533 man
781 2469 1136 2546 perseverant,
1162 2469 1305 2549 tanta
1335 2469 1500 2549 magis
1529 2469 1776 2549 oll'ettduu

255 2559 363 2600 tur.
401 2548 490 2602 Vel
535 2551 759 2617 posteris
782 2538 912 2615 suis,
951 2538 1138 2614 quibus
1170 2546 1267 2597 hoc
1295 2538 1573 2617 petierunt,
1620 2538 1808 2592 dicen-

256 2627 340 2688 tes
371 2632 386 2669 :
416 2611 637 2688 Sanguis
666 2623 775 2681 eius
814 2611 981 2688 super
1015 2633 1127 2688 nos!
1148 2624 1387 2688 et_super
1415 2611 1558 2677 [ilios'
1586 2618 1803 2688 nostros.

256 2686 374 2737 Non
417 2681 590 2740 taméo
629 2689 764 2755 quod
806 2681 1033 2740 obl'uerit
1083 2686 1160 2739 eis
1211 2681 1323 2755 tunc
1348 2681 1690 2755 imprecatio,
1716 2682 1807 2732 sed

255 2757 500 2811 imitatio.
535 2757 624 2811 Vel
647 2751 807 2810 aliter
840 2774 851 2808 :
884 2757 1062 2809 Mensa
1090 2769 1281 2816 eorum,
1314 2751 1365 2806 id
1387 2761 1486 2815 est,
1529 2759 1810 2816 utrumque

257 2837 658 2888 testamentum,
683 2827 823 2895 quod
849 2826 1202 2893 principaliter
1231 2823 1326 2895 fuit
1352 2822 1426 2895 eis
1463 2821 1810 2895 proposition,

255 2905 314 2946 ul
345 2895 419 2967 ibi
448 2900 589 2951 velut
614 2901 663 2949 in
692 2889 869 2949 mensa
882 2889 1242 2967 reﬁcerentur,
1262 2891 1350 2967 ﬁat
1376 2891 1523 2967 eisin
1553 2889 1806 2967 laqueum,

254 2965 512 3032 quoidam
555 2967 855 3021 irretientur
885 2980 1062 3019 coram
1097 2964 1242 3032 ipsis,
1269 2959 1511 3032 subaudit
1541 2959 1810 3032 proposita

301 3036 534 3100 eutibus,
575 3038 799 3100 scilicet,
823 3025 1147 3088 adducantur
1176 3025 1234 3084 in
1274 3030 1679 3091 aunulatioucm,
1732 3025 1810 3082 νὶ-

298 3113 452 3157 entes
497 3109 715 3172 gratiam
763 3107 860 3158 sibi
895 3104 1037 3169 prius
1067 3103 1295 3155 oblatam
1313 3112 1665 3172 communem
1692 3112 1814 3172 geu-

258 3175 417 3247 tihusg
459 3167 666 3247 iactam.
716 3177 864 3247 Quod
899 3167 981 3247 lit”
1005 3174 1068 3247 ιιίΔ
1101 3172 1163 3224 ad
1205 3167 1588 3247 confusionem,
1617 3168 1814 3247 ethoc

262 3260 370 3295 non
407 3243 619 3308 injuste,
650 3245 742 3297 sed
765 3245 815 3296 in
843 3243 1236 3301 retributionem,
1263 3240 1310 3291 id
1332 3249 1431 3301 est,
1458 3240 1629 3305 juste;
1655 3245 1700 3308 et
1720 3242 1816 3308 ttat

255 3315 423 3366 etiam
456 3304 542 3367 eis
585 3304 637 3367 in
665 3315 982 3371 scandalum,
1034 3322 1090 3364 ut
1139 3308 1438 3376 praédictum
1461 3304 1574 3360 est.
1609 3306 1686 3359 Ad
1718 3304 1817 3376 hoc

256 3397 476 3451 quoque
502 3384 825 3437 obscurentur
863 3383 994 3435 oculi
1036 3375 1207 3451 eorum
1236 3394 1297 3430 ne
1323 3378 1544 3451 uideant,
1572 3388 1677 3430 etc.
1713 3375 1812 3451 Ρο-

260 3445 367 3520 test
393 3445 460 3505 ἐι
508 3456 809 3520 praecedens
855 3465 1034 3504 versus
1076 3450 1125 3502 in
1173 3451 1310 3500 bono
1338 3448 1434 3514 legi
1481 3450 1579 3497 hoc
1609 3445 1811 3498 modo:

264 3519 544 3585 Dederunt,
596 3526 822 3591 inquam,
864 3521 984 3573 mihi
1014 3520 1082 3587 fel
1118 3521 1169 3569 in
1209 3533 1402 3591 escam,
1449 3526 1493 3567 et
1525 3526 1817 3591 potauerunt

259 3606 341 3640 me
363 3602 521 3642 aceto.
556 3593 623 3644 Et
652 3585 768 3644 talis
796 3607 966 3642 mensa
989 3585 1177 3647 eorum,
1209 3585 1258 3638 id
1286 3595 1386 3647 est,
1419 3597 1596 3651 parata
1626 3587 1691 3636 ab
1717 3587 1812 3647 eis,

261 3660 357 3722 ﬁat
388 3662 439 3712 in
483 3659 712 3724 laqueum
743 3676 909 3712 coram
933 3661 1076 3727 ipsis,
1106 3657 1156 3711 id
1181 3664 1284 3727 est,
1319 3656 1368 3707 in
1408 3661 1696 3727 conspectu
1728 3671 1818 3727 eo-

266 3744 386 3781 rum
421 3737 813 3797 recbgnoscaut,
863 3724 1085 3790 scilicet,
1128 3724 1265 3795 quod
1316 3738 1493 3797 ineusa
1527 3724 1611 3777 ilia
1644 3724 1698 3775 lit
1738 3724 1818 3797 eis

261 3799 481 3864 laqueus
511 3793 868 3860 confusionis;
895 3810 938 3851 ct
964 3801 1053 3850 liat
1079 3793 1157 3850 eis
1180 3798 1229 3847 in
1252 3795 1648 3856 retributionem,
1676 3793 1816 3843 scili-

260 3863 371 3925 cet,
421 3881 475 3918 ιιι
508 3884 622 3935 quae
666 3871 952 3932 patiuntur,
1003 3882 1058 3919 se
1086 3874 1294 3933 propter
1326 3864 1466 3916 illam
1491 3865 1595 3931 pati
1627 3863 1818 3935 intellif

264 3944 430 4000 gant;
465 3931 630 4002 et'ﬁat
657 3931 798 3988 eisin
844 3931 1164 3996 scandalum,
1195 3935 1416 3990 scilicet,
1449 3945 1504 3984 ιιι
1554 3948 1643 3999 per
1689 3931 1815 3983 illud

269 4007 435 4057 Deum
459 4007 848 4059 scandalizasse
875 4013 1248 4070 recognoscant
1274 4045 1287 4066 ,
1318 4013 1372 4055 et
1402 4002 1477 4055 sic
1504 4011 1814 4054 convertan-

262 4086 351 4126 tur
376 4085 432 4142 et
473 4075 780 4137 pmttiteant.
813 4077 1012 4142 Quibus
1044 4090 1167 4127 vero
1209 4090 1308 4126 non
1359 4075 1446 4124 liet
1479 4074 1596 4131 hoc,
1643 4088 1816 4122 eorum

258 4141 405 4195 oculi
426 4145 752 4197 obscurentur
783 4141 1087 4199 ne’videant.
1115 4144 1269 4209 Quasi
1293 4142 1434 4195 dicat
1464 4159 1475 4192 :
1506 4142 1636 4204 Quia
1664 4143 1818 4193 nimis

263 4216 414 4278 prius
460 4223 782 4282 aperuerunt
808 4219 990 4268 oculos
1019 4230 1166 4274 suos,
1198 4224 1254 4265 ut
1301 4213 1532 4265 viderent
1567 4211 1705 4282 quod
1743 4228 1816 4282 v_t~

230 4280 508 4336 -denduui
541 4300 644 4336 non
673 4293 786 4337 erat
813 4323 827 4346 ,
858 4284 1094 4346 scilicet,
1127 4284 1348 4348 qualiter
1378 4283 1550 4333 omnia
1583 4281 1718 4348 dicta
1751 4280 1816 4331 de

259 4351 479 4407 Christo
509 4355 559 4407 in
599 4356 712 4420 lege
746 4363 798 4405 et
827 4353 1095 4420 prophetis
1127 4347 1489 4420 perverterent
1510 4387 1526 4410 ,
1560 4347 1678 4401 ideo
1711 4365 1812 4400 non

259 4426 593 4476 obscurentur
618 4419 747 4475 oculi
765 4419 1022 4483 eorum,ne
1045 4421 1240 4474 uideant
1261 4419 1398 4487 quod
1409 4430 1491 4487 est
1511 4420 1812 4482 videndum,

261 4492 474 4545 scilicet
514 4507 580 4544 ne
607 4506 792 4543 novam
821 4476 1044 4558 gratiam
1082 4476 1388 4555 intelligant.
1438 4486 1497 4539 Et
1522 4495 1578 4538 ut
1609 4502 1708 4538 non
1737 4476 1814 4538 vi;
1848 4476 1892 4531 ί)

258 4560 448 4622 deant,
478 4561 701 4623 incurva,
731 4560 969 4622 Domine,
996 4575 1188 4626 semper
1217 4561 1422 4618 dorsum
1449 4572 1641 4626 eorum,
1673 4558 1816 4610 scili-

261 4638 376 4694 cet,
403 4644 670 4693 nunquam
702 4629 766 4681 ad
795 4632 1066 4695 superiora
1091 4625 1395 4694 erigantur;
1439 4628 1529 4680 sed
1559 4625 1676 4692 qttia
1721 4626 1815 4691 ipsi

263 4714 331 4752 se
374 4700 425 4750 ιιι
474 4707 680 4752 terrena
725 4707 1095 4757 curvaverant,
1131 4697 1259 4764 quia
1293 4697 1464 4748 locum
1510 4706 1562 4747 et
1607 4706 1816 4761 gentem

264 4777 669 4835 praeposuerunt
693 4768 1027 4829 innocentia,
1057 4767 1195 4828 ideo,
1228 4764 1467 4827 Domine,
1493 4779 1700 4828 semper
1726 4779 1816 4818 eos

263 4841 388 4904 plus
434 4846 487 4890 et
529 4839 641 4904 plus
687 4839 917 4890 incurva.
969 4837 1184 4889 lucurva
1235 4835 1441 4901 quidem
1478 4850 1600 4904 non
1647 4849 1816 4887 excit:-

259 4903 460 4967 eando.
510 4905 604 4958 sctl
636 4922 735 4960 non
761 4905 1024 4975 juvaudo:
1051 4921 1176 4975 _nou
1211 4903 1545 4975 vulnerando,
1590 4907 1815 4975 seduno

260 4976 523 5029 sanando.
561 4972 835 5030 Incurvare
877 4976 1015 5027 enim
1050 4973 1139 5026 Dei
1168 4989 1270 5024 non
1304 4972 1354 5024 in
1384 4975 1519 5026 male
1557 4972 1814 5036 iaciendo,

260 5045 367 5100 sed
393 5046 442 5096 in
475 5059 574 5097 non
598 5046 972 5100 subveniendo.

341 5111 566 5178 E/funde
594 5131 742 5182 super
769 5132 852 5167 eos
881 5117 1025 5166 iram.
1053 5112 1210 5178 Quasi
1239 5113 1375 5165 dicat
1411 5128 1436 5166 ε,
1460 5114 1654 5164 Praeter
1685 5113 1818 5167 hanc

266 5186 538 5236 oecultam
571 5186 847 5234 \‘lttdltrlalti
881 5184 1140 5250 atuplilica
1169 5196 1326 5250 super
1351 5195 1440 5233 eos
1483 5184 1610 5233 iram
1653 5191 1812 5246 tuam,

268 5254 518 5317 Domine,
550 5268 639 5319 per
668 5256 980 5304 exteriorem
1009 5256 1164 5304 etiam
1198 5255 1504 5304 vnnlictam.
1535 5252 1667 5315 Quid
1691 5267 1818 5320 ergo

267 5321 465 5389 profuit
497 5323 709 5386 Caiphae
736 5362 750 5384 ,
782 5324 918 5387 quod
950 5323 1077 5374 dixit
1119 5339 1131 5373 :
1166 5323 1223 5375 Si
1263 5323 1552 5373 dimittimus
1583 5337 1694 5372 eum
1722 5327 1813 5384 sic,

264 5392 464 5442 venient
491 5392 705 5444 Romani
732 5432 746 5453 ,
773 5403 816 5441 et
845 5391 1017 5443 tollent
1047 5405 1268 5444 nostrum
1299 5393 1483 5451 locum,
1513 5400 1557 5442 et
1583 5394 1818 5458 gentem?

270 5459 419 5510 Ni‘ltil
453 5460 647 5526 utique.
680 5459 791 5512 Non
819 5461 960 5517 enim
999 5476 1116 5512 eum
1143 5461 1486 5521 dimiserunt,
1522 5459 1625 5511 imo
1657 5459 1817 5513 inter-

265 5532 510 5582 iecerant
534 5567 550 5590 ,
589 5541 638 5582 et
682 5541 852 5582 tamen
887 5529 1106 5584 Romani
1146 5540 1439 5591 venerunt,
1469 5537 1524 5581 el
1570 5529 1734 5580 locum
1767 5537 1819 5582 ct

262 5607 481 5666 gentem
509 5614 692 5651 eorum
725 5600 1113 5654 destruxerunt.
1156 5601 1215 5649 ιιι
1240 5598 1358 5651 ideo
1386 5599 1515 5650 dicit
1556 5613 1661 5649 non
1692 5599 1815 5652 odio

266 5670 634 5734 imprecantis,
663 5669 753 5733 sed
783 5671 1105 5734 praescientia
1134 5669 1490 5734 proplietantis
1524 5685 1534 5717 :
1570 5666 1810 5731 E/I‘un‘tte,

265 5737 493 5792 Domine
516 5776 531 5800 ,
579 5754 722 5808 super
753 5756 831 5792 eos
861 5741 989 5794 itam
1018 5749 1152 5792 tuam
1184 5775 1208 5800 ,.
1229 5746 1280 5790 et.
1302 5738 1444 5807 furor
1473 5739 1559 5791 irw
1587 5745 1683 5788 tua:
1709 5777 1724 5801 ,
1766 5741 1814 5790 id
1840 5809 1842 5812 ν

1893 536 2098 642 {illudne
2120 522 2404 588 dispersos,
2437 522 2659 585 scilicet,
2688 530 2745 574 ut
2773 521 2962 589 ubique
2987 526 3303 591 contemptui
3335 525 3435 581 lla-

1929 599 2130 642 eantur.
2782 635 2786 639 .

1929 599 2130 642 cantur.
2782 635 2786 639 .

1968 658 2082 711 Fiat
2109 659 2371 712 habitatio.
2417 660 2573 725 Quasi
2618 661 2759 713 dit-at
2789 677 2804 716 :
2835 660 2907 714 Ita
2949 661 3066 714 dico
3112 670 3168 713 ιιι
3203 661 3439 717 effundas

1895 728 2024 800 iratu
2057 738 2195 781 tuam
2227 745 2384 795 super
2413 746 2502 784 eos
2527 767 2542 790 ,
2576 728 2896 800 utiltabitatio
2925 746 3118 796 eorum,
3151 733 3198 785 id
3224 742 3325 800 est,
3355 748 3440 788 ct-

1895 799 2038 872 vitas
2079 799 2200 864 illo,
2249 816 2402 864 quam
2453 800 2593 872 prius
2641 799 3098 872 iuliahitaveruut,
3147 812 3198 856 et
3251 799 3439 872 inqua

1897 868 2129 921 maxime
2157 871 2437 922 srevierunt
2461 909 2478 935 ,
2510 870 2599 934 ﬁat
2627 871 2822 922 deserta
2851 881 3100 934 quantum
3132 872 3196 924 ad
3227 888 3315 924 eos
3341 868 3372 935 ς’
3394 882 3440 924 et

1898 955 1996 990 non
2020 940 2082 991 sit
2108 940 2193 1002 qui
2218 939 2459 992 inhabitet
2483 979 2498 1001 ,
2532 940 2579 991 id
2618 951 2697 992 est
2721 981 2733 999 ,
2768 941 2854 1007 qui
2878 951 3187 1007 perseveret
3211 943 3261 994 in
3284 944 3446 993 taber-

1898 1009 2092 1060 naculis
2123 1023 2295 1060 corum
2321 1049 2335 1070 ,
2379 1008 2429 1060 id
2461 1018 2540 1061 est
2571 1008 2822 1062 institutis
2843 1013 2905 1062 ad
2940 1019 3142 1076 tempus
3171 1012 3247 1065 eis
3286 1012 3443 1066 datis.

1898 1077 2048 1140 Quod
2070 1080 2135 1128 ita
2168 1077 2354 1131 factum
2385 1085 2484 1140 est,
2509 1079 2623 1143 quia
2648 1080 2899 1131 etcivitas
2917 1094 3098 1132 comm
3122 1081 3187 1134 ab
3217 1083 3294 1135 eis
3319 1096 3446 1136 eva-

1900 1157 2048 1201 cuata
2074 1156 2172 1209 est,
2201 1163 2298 1200 nec
2317 1159 2396 1200 est
2417 1149 2551 1200 inter
2569 1162 2662 1201 eos
2677 1149 2762 1214 qui
2788 1148 3017 1202 instituta
3043 1152 3224 1214 logalva
3247 1162 3442 1206 servet.

1975 1216 2223 1280 Quoniam
2261 1233 2404 1282 quem
2451 1228 2504 1268 tu
2531 1217 2835 1286 percussisti.
2864 1217 3022 1283 Quasi
3060 1221 3201 1272 dicat
3225 1239 3237 1274 :
3263 1221 3450 1274 Merito

1905 1286 2034 1339 iram
2067 1295 2204 1339 tuam
2253 1301 2414 1353 super
2443 1301 2534 1338 eos
2578 1286 2813 1339 elfuntles
2837 1328 2852 1349 ,
2895 1289 3012 1354 quia
3058 1291 3303 1354 persecuti
3329 1301 3448 1344 sunt

1858 1363 1871 1384 '
1905 1354 2261 1426 tribulatione,
2287 1357 2457 1424 quoad
2483 1365 2781 1419 potuerunt,
2807 1357 2950 1409 illuni
2978 1374 3123 1416 quem
3154 1369 3207 1410 tu
3246 1376 3450 1426 percus-

1901 1426 2007 1477 sisti
2031 1463 2045 1483 ,
2075 1425 2124 1478 id
2148 1435 2247 1487 εει,
2282 1442 2384 1480 me.
2414 1426 2674 1480 l’ercussit
2705 1427 2954 1479 Dominus
2982 1427 3032 1478 in
3062 1428 3224 1481 Adam
3254 1439 3308 1482 et
3339 1430 3440 1484 Eva

1904 1509 2062 1549 omne
2094 1497 2376 1548 humanum
2423 1511 2588 1564 genus
2629 1497 2959 1549 mortalitatis
2996 1507 3048 1550 et
3087 1499 3448 1564 passibilitatis

1904 1565 2117 1638 vulnere
2147 1605 2179 1638 ,Α
2212 1581 2330 1638 cum
2377 1565 2568 1638 dixit:
2619 1566 2681 1617 In
2727 1583 3023 1638 quacunque
3079 1569 3159 1621 die
3201 1570 3262 1620 de
3309 1569 3448 1638 ligno

1904 1636 2122 1687 scientia:
2164 1635 2276 1687 boni
2315 1644 2360 1687 et
2403 1634 2521 1685 mali
2558 1636 2871 1703 gustaverilis
2895 1676 2909 1698 ,
2957 1649 3109 1690 morte
3145 1634 3449 1692 moriemini.

1913 1706 1985 1758 De
2014 1707 2112 1759 hoc
2140 1719 2389 1770 percusso
2411 1703 2651 1758 Christus
2666 1719 2876 1758 carnem
2906 1707 3124 1770 accepit,
3149 1717 3200 1761 et
3227 1709 3344 1762 ideo
3371 1708 3452 1757 di-

1911 1777 1979 1827 cit
2014 1795 2024 1828 :
2055 1773 2308 1827 Persecuti
2343 1785 2459 1826 sunt
2485 1790 2626 1837 quem
2651 1785 2702 1826 tu
2734 1777 3034 1840 prrcussisti.
3068 1786 3113 1828 et
3136 1794 3284 1840 super
3306 1778 3454 1829 dolo-

1907 1861 2010 1896 rem
2036 1845 2295 1897 vulnerum
2326 1861 2372 1895 ιιι
2403 1860 2546 1895 orum
2571 1887 2586 1909 ,
2617 1854 2670 1898 et
2697 1860 2853 1909 super
2889 1843 3146 1898 tristitiam
3170 1860 3325 1913 quam
3352 1860 3454 1914 ego

1909 1915 2060 1966 habui
2110 1915 2176 1967 de
2217 1914 2558 1978 vulneribus,
2610 1915 2656 1965 id
2689 1925 2805 1977 est,
2847 1915 2911 1966 de
2959 1917 3182 1979 peccatis
3211 1930 3445 1968 meorum

1906 1985 2249 2045 addiderunt,
2294 1983 2411 2050 quia
2454 1993 2675 2037 mortem
2708 1984 2832 2036 mihi
2862 1986 3302 2038 acceleraverunt.
3339 1985 3448 2038 Ali-

1895 2064 1988 2108 iter
2029 2072 2043 2107 :
2087 2054 2252 2119 Super
2296 2054 2518 2104 dolorem
2566 2053 2825 2106 vulnerum
2877 2071 3099 2107 meorum
3157 2069 3447 2119 servorum,

1910 2125 2280 2192 prophetarum
2330 2123 2568 2194 scilicet,
2629 2126 2770 2187 prius
2817 2124 2880 2176 ad
2926 2127 3128 2180 vineam
3175 2125 3450 2194 uiisSorum

1908 2194 2234 2254 addiderunt,
2284 2193 2401 2260 quia
2455 2208 2538 2246 me
2587 2194 2745 2245 lilium
2792 2193 3185 2248 interfecerunt.
3233 2196 3396 2248 Aliter
3438 2212 3448 2246 :

1911 2262 2075 2325 Super
2102 2262 2324 2314 dolorem
2353 2261 2614 2314 vulnerum
2644 2279 2860 2315 meorum
2904 2265 2952 2314 iu
2992 2280 3074 2315 tue
3105 2267 3217 2321 ipso
3240 2264 3459 2317 rtddtde-.

1906 2345 2041 2396 runt,
2073 2332 2152 2384 vel
2195 2331 2546 2393 mendacium,
2576 2348 2680 2398 qtto
2707 2334 3142 2387 resurrectimzem
3171 2349 3339 2386 meam
3363 2350 3456 2386 ne-

1908 2418 2035 2471 gare
2066 2403 2358 2455 voluerunt.
2399 2400 2833 2471 Veladdidsrunt,
2859 2402 2976 2466 quia
3000 2418 3181 2454 manus
3209 2406 3366 2459 etiam
3394 2402 3447 2456 in

1908 2470 2171 2542 apostolos
2195 2481 2244 2542 et
2271 2471 2324 2542 iu
2351 2470 2596 2525 familiam
2625 2488 2794 2525 meant
2819 2474 3131 2536 injeco-runt.

1981 2542 2188 2609 Appone
2210 2541 2538 2607 iniquitatem.
2563 2542 2719 2604 Quasi
2747 2543 2885 2595 dicat
2917 2558 2928 2593 :
2966 2543 3079 2609 lpse
3101 2553 3153 2595 et
3173 2558 3231 2596 se
3262 2549 3454 2595 malum

1910 2612 2066 2666 modo
2097 2609 2432 2664 addiderunt.
2478 2610 2544 2663 Et
2574 2620 2626 2662 ιιι
2654 2651 2669 2672 ,
2704 2611 2922 2664 Domine
2947 2653 2959 2673 ,
2985 2629 3203 2677 appone,
3237 2627 3337 2665 non
3359 2627 3455 2665 ex-

1910 2682 2156 2736 caecanle
2181 2720 2196 2744 ,
2235 2679 2326 2732 sed
2367 2685 2470 2733 non
2512 2681 2741 2741 iuvando
2767 2698 2917 2743 super
2947 2683 3256 2749 iniquitatem
3286 2697 3457 2736 eorum
3489 2730 3491 2732 .

1910 2753 2061 2802 aliam
2110 2750 2443 2818 iniquitatem.
2495 2749 2745 2818 ltll‘WllfN
2799 2755 3040 2818 specialis
3090 2768 3272 2806 eorum
3327 2761 3450 2816 est,

1911 2821 2047 2890 quod
2099 2835 2267 2888 neque
2322 2826 2601 2873 attendunt
2651 2821 2902 2888 prstitiam
2955 2821 3225 2880 hominis,
3284 2836 3454 2890 neque

1910 2899 2164 2960 quantum
2194 2898 2462 2960 peccatum
2506 2892 2566 2943 sit
2606 2890 2799 2955 justum
2843 2891 3101 2945 hominem
3133 2889 3452 2944 interficere.

1913 2957 2081 3026 Super
2109 2960 2244 3010 hanc
2271 2957 2593 3024 iniquitatem
2631 2960 2730 3012 alia
2760 2971 3051 3026 apponatur
3074 3001 3088 3022 ,
3120 2970 3175 3010 ut
3203 2974 3303 3011 non
3339 2976 3455 3012 mo-

1913 3029 1980 3083 do
2006 3028 2204 3096 ju~tunt
2237 3027 2499 3081 hominem
2535 3029 2847 3083 interllciaut
2871 3070 2885 3093 ,
2930 3030 3021 3083 sed
3050 3036 3106 3083 et
3136 3029 3320 3084 Deum.
3355 3027 3449 3082 Vel

1915 3115 2112 3168 appone
2139 3099 2450 3165 iniquitatem
2481 3114 2630 3160 super
2659 3101 2999 3167 iniquitatem,
3032 3101 3081 3152 id
3114 3110 3194 3152 est
3219 3141 3233 3164 ,
3262 3098 3459 3168 iniquis

1917 3168 2154 3237 patrihus
2201 3168 2409 3235 iniquos
2453 3168 2591 3223 lilios
2617 3169 2933 3236 superadde.
2966 3170 3054 3223 Vel
3084 3185 3240 3234 super
3268 3167 3461 3236 iniqui-

1918 3248 2075 3291 tatem
2105 3237 2171 3291 de
2201 3249 2371 3308 morte
2400 3254 2514 3290 inea
2543 3254 2747 3306 appone
2773 3242 2924 3294 aliam
2966 3240 3314 3308 iniquitatem,
3353 3239 3459 3290 scio

1919 3309 2058 3370 licet,
2088 3316 2144 3360 ut
2181 3309 2232 3359 iu
2266 3307 2630 3361 incredulitate
2672 3318 3006 3376 perseverent
3031 3307 3121 3374 ,et
3153 3312 3227 3362 sic
3256 3324 3356 3360 non
3382 3309 3463 3361 in-

1917 3387 2079 3440 trent,
2121 3377 2169 3429 id
2200 3388 2311 3442 est,
2352 3392 2452 3429 non
2484 3379 2662 3428 vivant
2700 3380 2749 3430 in
2792 3379 2886 3431 hac
2913 3382 3036 3443 vita,
3068 3394 3185 3447 qua)
3215 3377 3460 3434 introitus

1916 3448 2084 3501 estad
2106 3461 2386 3507 supernam
2408 3462 2422 3509 ;
2448 3448 2499 3497 in
2520 3447 2771 3516 justitiam
2798 3457 2959 3511 tuam,
3003 3450 3050 3502 id
3078 3459 3178 3509 est,
3211 3449 3260 3500 iu
3287 3448 3466 3514 operi-

1917 3518 2014 3570 bus
2033 3517 2326 3581 justilicatis
2358 3516 2475 3570 lidei
2504 3528 2623 3568 tuac.

1992 3584 2262 3638 Deleantur
2291 3587 2350 3637 de
2372 3586 2498 3638 libro
2520 3588 2803 3640 viventium.
2838 3588 2972 3650 Non,
3002 3588 3232 3654 inquam,
3262 3587 3461 3640 intrent

1917 3655 1968 3706 iu
1994 3653 2213 3724 iustitia,
2242 3657 2351 3724 sed
2403 3666 2571 3720 potius
2613 3661 2873 3710 deleantur
2912 3661 2975 3710 de
3008 3658 3134 3709 libro
3166 3653 3458 3710 viventium.

1917 3723 2029 3778 Non
2059 3725 2176 3778 ideo
2202 3723 2327 3777 dicit
2355 3725 2422 3777 de
2463 3726 2593 3777 libro
2617 3764 2632 3788 ,
2665 3735 2718 3777 ιιι
2742 3727 2847 3780 illic
2876 3728 3063 3792 aliquis
3089 3730 3217 3780 liber
3248 3737 3336 3790 sit,
3369 3729 3462 3779 sed

1917 3797 1981 3847 ab
2012 3793 2612 3848 humana.similitudine
2644 3807 2869 3849 tractum
2903 3806 3004 3850 est.
3041 3799 3188 3864 Apud
3222 3799 3461 3850 homines

1917 3865 2078 3932 enim,
2108 3865 2223 3930 quia
2257 3864 2425 3918 labilis
2447 3866 2714 3918 memoria:
2740 3877 2894 3929 sunt,
2926 3883 3108 3920 necess
3128 3883 3278 3918 unum
3303 3874 3384 3918 est
3407 3876 3462 3916 ιιι

1923 3935 2038 3987 libri
2065 3936 2386 3994 habeantur,
2427 3934 2616 4000 quibus
2644 3950 2792 3989 meus
2821 3937 3044 3987 humana
3077 3935 3460 3988 recordationis

1917 4021 2016 4071 ope
2060 4004 2380 4056 sublevetur.
2434 4004 2530 4058 llic
2561 4020 2680 4056 vero
2709 4006 2884 4057 divina
2934 4021 3081 4055 u‘ieus
3113 4005 3240 4058 lber
3270 4004 3462 4070 aCcipi-

1921 4085 2005 4126 tur
2027 4113 2041 4134 ,
2087 4073 2170 4124 cui
2204 4073 2329 4124 nihil
2368 4077 2688 4139 praeteritum
2729 4075 2941 4137 excidit,
2977 4089 3072 4126 nec
3097 4073 3291 4140 aliquid
3323 4073 3459 4124 lutu-

1919 4159 2032 4195 tum
2064 4155 2253 4193 novum
2297 4143 2388 4204 lit,
2427 4142 2520 4194 sed
2551 4143 2722 4194 omnia
2763 4144 3157 4208 prazsentialiter
3183 4141 3337 4196 simul
3367 4157 3456 4194 as-

1921 4213 2063 4277 pici-it.
2093 4215 2153 4263 lat
2173 4212 2446 4264 estdicere
2466 4228 2478 4261 ε
2505 4211 2774 4263 Deleautur
2793 4230 2927 4264 nunc
2949 4215 3009 4265 de
3032 4213 3155 4264 libro
3172 4213 3452 4272 virentium,

1919 4284 1967 4334 id
1991 4291 2095 4346 est,
2123 4281 2454 4333 manifestum
2481 4282 2531 4334 iu
2560 4285 2801 4347 praesenti
2825 4299 3004 4335 eorum
3035 4283 3310 4335 iolidetitas
3345 4285 3465 4335 facit

1917 4351 2056 4417 quod
2082 4366 2110 4403 a
2137 4350 2388 4404 memoria
2434 4350 2485 4402 in
2516 4367 2613 4417 qua
2649 4355 2873 4404 maxime
2911 4367 2970 4404 se
3014 4355 3207 4416 positos
3240 4364 3422 4420 putant
3447 4391 3461 4414 ,

1921 4420 2212 4474 exciderint
2241 4436 2341 4470 non
2363 4421 2661 4488 Cognitione
2685 4458 2698 4481 ,
2733 4422 2822 4474 sed
2851 4421 3173 4487 dignatione.
3203 4421 3265 4474 Et
3299 4424 3351 4474 in
3383 4423 3462 4474 lu-

1923 4498 2036 4543 turo
2058 4507 2157 4541 non
2176 4490 2455 4540 scribantur
2476 4505 2585 4558 cum
2608 4489 2784 4558 justis,
2819 4493 2864 4542 id
2889 4500 3125 4552 cstpnun
3153 4493 3464 4558 participant

1923 4559 2292 4611 beatitudinem
2331 4573 2449 4611 cum
2485 4557 2656 4625 justis.
2698 4557 2796 4623 Qui
2829 4562 2967 4613 enim
3018 4577 3118 4612 non
3154 4557 3465 4628 participant

1923 4631 2005 4681 hic
2039 4629 2159 4692 title,
2194 4645 2296 4682 non
2329 4628 2711 4694 partit-ipabuut
2737 4631 2840 4682 illic
2868 4633 3206 4683 beatitudine.

1994 4697 2101 4767 Ego
2130 4715 2240 4750 sum
2283 4714 2491 4764 puerper.
2529 4698 2635 4751 Illic
2658 4737 2673 4762 ,
2708 4701 2918 4767 inquam
2945 4738 2960 4762 ,
3001 4716 3103 4752 non
3146 4698 3462 4758 scribentur,

1918 4781 2014 4831 ego
2045 4779 2216 4819 autem
2254 4780 2306 4819 et
2338 4767 2441 4819 mei
2470 4767 2760 4838 scribemur
2781 4809 2796 4834 ,
2840 4771 2960 4838 quia
2990 4784 3082 4835 ego
3117 4769 3164 4819 itt
3206 4785 3288 4838 me
3316 4778 3370 4819 et
3411 4772 3460 4819 in

1922 4843 2052 4890 meis
2077 4852 2187 4888 sum
2223 4851 2449 4904 pauper,
2496 4837 2545 4891 id
2592 4848 2672 4891 est
2701 4881 2714 4901 ,
2749 4837 2870 4892 Illllll
2920 4840 3046 4891 nihil
3077 4837 3386 4900 attribueus,
3419 4849 3462 4888 et

1919 4921 2032 4957 sum
2078 4907 2250 4958 dolens
2276 4922 2374 4973 ego
2399 4908 2605 4973 quidem
2639 4923 2734 4974 pro
2764 4913 2912 4961 meis.
2944 4907 3098 4960 Juxta
3129 4905 3265 4971 quod
3300 4907 3455 4960 Isaia.-

1917 4976 1984 5026 de
2014 4977 2128 5042 ipso
2156 4977 2229 5028 ait
2260 4992 2274 5028 :
2311 4977 2408 5041 Qui
2433 4993 2526 5046 pro
2563 4982 2701 5029 nobis
2728 4978 2904 5030 dolens
2931 4980 3217 5030 vulneratus
3245 4987 3318 5030 est
3349 4994 3460 5040 pro-

1918 5054 2027 5112 pter
2074 5047 2361 5113 iniquitates
2418 5056 2633 5098 nostras.
2688 5048 2783 5099 Mei
2838 5059 3012 5101 autem
3062 5056 3184 5100 sunt
3228 5047 3463 5100 dolentes

1920 5129 2016 5181 pro
2037 5118 2245 5169 miseria
2278 5130 2382 5166 sum
2413 5121 2744 5168 mortatitatis
2767 5129 2818 5170 et
2842 5118 3219 5179 possibilitatis.
3257 5118 3315 5168 lit
3342 5120 3459 5180 quia

1917 5200 2026 5235 sunt
2053 5199 2238 5248 pauper
2257 5195 2303 5236 et
2333 5186 2505 5236 dolens
2531 5226 2545 5250 ,
2583 5185 2717 5247 ideo,
2747 5205 2778 5239 ιι
2811 5187 2945 5239 Deus
2969 5224 2984 5249 ,
3016 5202 3137 5240 vera
3165 5187 3301 5238 salus
3331 5193 3420 5241 tua
3444 5223 3457 5244 ,

1917 5255 2224 5305 aeternitatis
2244 5293 2257 5312 ,
2287 5255 2485 5306 scilicet
2510 5297 2523 5318 ,
2564 5269 2613 5306 et
2640 5257 3070 5322 itupassibilitatis
3097 5299 3106 5314 ,
3140 5254 3355 5318 suscepit
3381 5270 3457 5304 me

1918 5335 1969 5393 et
1998 5324 2264 5393 tueos‘jatu
2294 5323 2672 5389 dispositione,
2697 5337 2755 5378 et
2784 5327 3033 5393 suscipiet
3064 5342 3110 5375 ιιι
3139 5336 3206 5375 te.
3243 5325 3302 5374 Et
3335 5335 3458 5376 tunc

1919 5392 1936 5441 ι
1971 5391 2132 5442 ιιάιιὺο
2162 5403 2214 5443 et
2253 5391 2303 5442 in
2344 5408 2426 5444 me
2457 5403 2509 5444 et
2539 5394 2589 5444 in
2625 5399 2754 5447 meis
2785 5391 2961 5446 nomen
2997 5396 3084 5447 Dei
3108 5408 3220 5444 cum
3242 5395 3460 5453 cantico,

1918 5461 1966 5513 id
1996 5472 2092 5519 est,
2130 5475 2249 5514 cum
2279 5463 2453 5513 laetitia
2479 5462 2592 5515 sine
2623 5465 2828 5518 tristitia
2850 5505 2863 5528 ,
2899 5478 2942 5516 et
2984 5463 3314 5530 magniﬁcabo
3342 5477 3457 5512 eum

1917 5531 1969 5582 iu
1997 5531 2145 5581 laude
2171 5571 2183 5589 ,
2219 5530 2266 5582 id
2298 5541 2398 5591 est,
2433 5531 2652 5586 laudabo
2685 5537 2852 5601 ipsum
2892 5537 3050 5586 Deum
3091 5535 3140 5584 iu
3180 5531 3454 5598 tuagnilica

1918 5601 2101 5663 laude,
2137 5603 2184 5650 td
2229 5610 2346 5664 est,
2391 5618 2440 5654 ut
2481 5616 2604 5654 vera
2650 5614 2704 5654 et
2744 5601 3058 5657 iudellcienti
3102 5601 3272 5653 laude.
3309 5602 3454 5651 Beati

1915 5670 2052 5721 enim
2079 5670 2163 5735 qui
2193 5669 2426 5722 habitant
2458 5670 2510 5722 in
2545 5671 2707 5722 domo.
2727 5683 2809 5723 tua
2831 5713 2846 5733 ,
2883 5673 3118 5731 Domine,
3151 5669 3201 5721 in
3232 5674 3423 5722 srecula
3444 5710 3456 5732 ,

1915 5739 2151 5803 scilicet,
2184 5739 2466 5794 laudabunt
2505 5748 2574 5793 te.
2609 5740 2785 5794 l'otest
2829 5755 3033 5810 quoque
3060 5739 3108 5793 in
3140 5739 3219 5794 liis
3248 5740 3471 5794 duobus.
