3898 6226
541 333 646 391 859

996 326 1187 383 ΒΕῡιιΕ
1232 328 1666 387 νεΝιειιΑιὶιιιε
1705 332 1852 384 OPP.
1894 324 2062 382 PARS

2203 324 2388 378 SECT.
2433 330 2490 384 ll.
2531 359 2595 370 —
2634 331 2830 386 DUBIA
2875 334 2958 386 ET
2994 334 3258 389 SPUKIA.

3618 334 3722 384 εδδ

542 460 706 498 meum
730 444 1039 493 annuntiabit
1058 440 1313 507 justitiam
1341 448 1634 503 essetnam,
1663 450 1712 494 et
1742 454 1844 510 non
1871 454 2062 495 meam,
2095 433 2141 488 Α
2169 441 2474 503 gettcrationi
2497 443 2631 492 omni
2652 458 2761 504 qua:
2782 455 2984 494 ventum
3005 454 3095 496 est.
3117 442 3516 508 Quiapnevidit
3543 444 3711 510 Spiri-

545 512 778 579 quoniam
824 525 920 579 ego
965 525 1060 560 non
1091 510 1298 579 cognovi
1345 510 1712 569 litteraturam,
1758 509 2072 579 itlres‘t,_nou

549 575 805 644 praesumo
834 575 1105 641 iustiﬁcari
1131 579 1196 628 de
1217 577 1387 629 littera
1417 579 1565 642 legis.
1589 579 1723 628 sicut
1752 578 1821 627 illi
1860 575 2072 636 iaciunt,

547 651 632 715 qui
661 648 756 701 soli
794 648 978 705 littera‘.
1009 646 1136 698 leuis
1166 645 1450 715 insistunt,
1477 655 1529 696 et
1559 661 1585 694 a
1618 646 1779 712 gratia
1811 645 2071 715 resiliunt,

550 712 648 769 non
677 715 1005 768 atlettdeutes
1036 714 1220 764 litterae
1259 714 1386 780 legis
1419 715 1638 778 gratiam
1693 729 1811 765 csse
1839 712 1899 762 ad
1931 714 2078 764 victi-

548 793 787 845 mam,et
832 784 1180 835 necessariam
1210 795 1327 832 esse
1376 784 1591 848 gratiam
1643 781 1971 845 adjuvantis,
2023 790 2078 832 ut

549 854 825 916 impleatur
851 861 1164 917 prteeeptum
1194 851 1441 914 jubentis,
1467 853 1583 915 quia
1611 849 1653 900 si
1687 865 1776 908 per
1805 859 1852 901 le
1883 864 2079 914 pra-Su-

552 923 740 976 mendo
769 923 832 971 de.
864 922 1056 970 virtute
1085 927 1167 969 tua
1191 918 1407 982 incipias
1445 929 1496 969 et
1545 918 1786 978 delicias,
1839 919 1938 969 erit
1987 919 2074 970 libi

550 992 628 1043 lex
656 989 820 1041 littera
846 989 1084 1053 puniens,
1120 1003 1220 1038 non
1250 988 1477 1036 salvans.
1510 987 1611 1037 ltex
1643 989 1778 1037 cnim
1810 987 1923 1037 sine
1952 1001 2076 1051 gra-

553 1062 620 1110 tia
648 1067 729 1111 est
757 1059 924 1108 littera
950 1056 1192 1108 occidens
1215 1095 1228 1117 ,
1273 1063 1325 1106 et
1369 1055 1501 1105 Valet
1549 1065 1744 1105 tantum
1770 1055 1830 1104 ad
1862 1057 2079 1106 convin-

550 1129 767 1180 condatn
801 1121 1121 1190 iniquitatem
1150 1163 1164 1185 ,
1216 1138 1315 1173 non
1348 1124 1408 1172 ad
1439 1123 1658 1174 dandam
1692 1124 1930 1174 salutem.
1962 1123 2078 1174 Non

550 1197 772 1260 cognovi,
807 1195 1012 1256 inquam
1042 1235 1054 1254 ,
1084 1194 1435 1249 litteraturam,
1468 1203 1517 1241 et
1547 1193 1661 1241 ideo
1709 1208 1809 1242 non
1861 1193 2077 1260 introibo

550 1259 739 1316 autodo
757 1277 856 1314 non
882 1262 928 1311 in
955 1264 1179 1323 potentia
1201 1262 1355 1325 legis,
1372 1261 1462 1311 sed
1487 1261 1538 1310 in
1561 1261 1827 1325 potentiam
1853 1259 2074 1321 Domini,

553 1334 601 1383 id
625 1344 721 1393 est,
753 1332 1015 1385 instituam
1056 1331 1244 1380 amodo
1273 1343 1450 1380 vivere
1491 1343 1591 1378 non
1631 1329 1915 1379 secundum
1947 1329 2081 1378 litte-

550 1416 661 1453 ram
713 1402 838 1467 legis-
883 1401 1218 1461 itnpotentem
1275 1397 1599 1467 justilicare,
1651 1397 1742 1446 sed
1797 1397 2078 1467 secundum

551 1464 775 1536 gratiam
802 1468 1003 1520 Domini
1049 1476 1311 1536 potentem
1356 1464 1673 1536 jnstilicare,
1708 1467 1879 1536 etsic,
1913 1481 1941 1514 ο
1977 1465 2078 1536 Do-

552 1534 703 1596 mine,
726 1536 1029 1586 memot'abor
1044 1534 1255 1603 justitiaz
1271 1544 1369 1603 tum
1386 1535 1560 1603 solius,
1582 1534 1745 1603 idest,
1768 1534 1816 1583 in
1835 1535 2079 1603 memoria

553 1621 760 1668 semper
787 1605 985 1655 habebo
1026 1601 1160 1669 quod
1202 1602 1395 1669 ju~lilia
1439 1601 1739 1670 justilicalio
1759 1602 1825 1652 sit
1849 1609 1930 1651 tua
1950 1639 1963 1659 ,
1997 1601 2079 1666 qui

559 1689 660 1725 non
681 1673 879 1725 meritis
896 1673 1203 1737 supplicium
1229 1671 1516 1727 reddidisti.
1548 1671 1868 1732 sedgratiam
1890 1671 2074 1734 impero
2127 1725 2129 1727 ,

555 1743 681 1806 ιὶειῐ,
709 1756 758 1792 ιιι
788 1744 863 1794 sol
891 1757 951 1792 us
982 1743 1162 1797 tui-sit,
1195 1751 1368 1790 etnon
1394 1739 1551 1798 servi,
1583 1741 1665 1800 qui
1709 1740 1874 1804 legem
1915 1740 2079 1789 dedit.
2114 1745 2156 1802 Β
2185 1739 2233 1788 in
2279 1746 2673 1804 superi-mestos
2716 1752 2979 1792 creaturas
3029 1739 3306 1793 altissimas
3340 1782 3349 1794 .

555 1810 613 1863 Si
652 1814 820 1873 enim,
862 1822 917 1862 ut
952 1811 1024 1861 ait
1064 1810 1374 1873 Apostolus,
1417 1809 1535 1858 data
1573 1818 1694 1858 esset
1727 1809 1806 1858 [ex
1828 1821 1938 1872 quia
1969 1822 2083 1871 pos—

553 1890 625 1932 set
661 1883 912 1945 vivifcare
935 1917 948 1936 .
984 1895 1092 1929 iure
1117 1894 1179 1928 ca:
1213 1876 1319 1943 lege
1347 1878 1696 1945 rssetjustitta.
1731 1877 1829 1926 Sed
1859 1880 1954 1926 hoc
1985 1892 2080 1925 non

562 1958 660 2008 est,
688 1944 804 2012 quia
830 1949 1069 2010 conclusit
1093 1947 1257 1996 omnia
1281 1946 1369 1995 sub
1401 1955 1599 2012 peccato
1630 1944 1907 2009 Scriptura.

627 2016 758 2070 Deus
798 2017 1009 2069 docuisti
1039 2031 1134 2064 me.
1179 2013 1331 2080 Quasi
1364 2014 1498 2063 dicat
1525 2029 1534 2062 :
1560 2011 1668 2080 illoc
1697 2025 1750 2062 ιιι
1798 2027 2078 2062 memorem

548 2085 765 2147 justit'a:
795 2096 892 2135 tute
932 2084 1060 2146 snli,
1093 2083 1301 2133 docuisti
1331 2098 1408 2132 me
1455 2091 1505 2130 ιιι
1547 2079 1684 2131 Deus
1729 2097 1788 2130 e1:
1821 2082 2080 2146 jurentute

553 2169 679 2216 mea,
707 2155 755 2205 id
782 2164 882 2216 ett,
913 2167 976 2202 ex
1007 2165 1108 2216 quo
1138 2164 1424 2202 Conversus
1443 2149 1505 2200 ad
1531 2157 1579 2201 te
1609 2150 1880 2200 innovatus
1907 2163 2018 2199 sum
2050 2165 2074 2199 a

554 2233 622 2282 te,
657 2225 740 2288 qui
767 2228 928 2273 l‘actns
956 2235 1068 2272 sum
1096 2234 1122 2269 a
1151 2230 1220 2272 te.
1274 2220 1332 2270 Et
1383 2218 1640 2283 quomodo
1687 2218 2097 2288 docttistiilluc‘

551 2286 728 2352 modo,
755 2291 982 2351 scilicet,
1033 2289 1148 2352 quin
1200 2302 1297 2351 ego
1326 2288 1598 2338 attendens
1650 2291 1873 2352 priorem
1921 2286 2075 2337 vitain

551 2375 742 2426 meam,
772 2361 922 2411 video
969 2358 1092 2424 quid
1135 2357 1359 2426 debeant
1383 2357 1525 2418 mitti,
1560 2356 1759 2426 etquid
1787 2357 2076 2426 acceperim

554 2445 647 2492 pro
685 2424 746 2481 eo
792 2430 926 2492 quod
956 2427 1241 2480 debebatur
1272 2425 1419 2477 mihi.
1469 2425 1758 2476 hebebatur
1785 2424 1907 2474 mibi
1940 2427 2076 2475 enim

555 2513 704 2566 pmna
725 2539 737 2559 ,
768 2509 823 2550 et
864 2500 980 2548 data
1010 2506 1091 2547 cst
1118 2494 1249 2566 mibi
1270 2496 1462 2560 gratia;
1513 2492 1800 2566 debebatur
1842 2492 2078 2566 nubige-

555 2560 723 2620 i-enna
748 2607 762 2629 ,
794 2576 846 2617 et
879 2566 995 2615 tlata
1020 2573 1099 2616 est
1120 2563 1252 2614 mihi
1279 2577 1398 2628 spes
1424 2575 1629 2612 auertite
1661 2562 1797 2611 vitre.
1832 2560 2075 2627 Docuisti,

553 2637 785 2700 inquam,
816 2642 1170 2702 exjuuentule.
1197 2644 1237 2681 et
1262 2648 1419 2702 usque
1447 2645 1576 2682 unm:
1601 2634 1754 2702 etiam
1784 2630 1941 2702 doces
1964 2646 2074 2702 tne.

550 2698 670 2770 Quia
697 2706 864 2768 adhuc
889 2698 1023 2768 regis
1052 2717 1152 2762 me,
1178 2703 1262 2766 qui
1296 2702 1343 2770 in
1378 2701 1454 2770 via
1487 2699 1705 2764 posuisti
1736 2714 1838 2750 mc.
1875 2698 1936 2748 Et
1962 2698 2078 2749 ideo

550 2769 704 2838 usque
729 2790 859 2824 nunc
886 2771 1158 2831 pronuntio
1187 2769 1434 2821 mirabilia
1465 2779 1580 2831 tua,
1611 2780 1661 2820 ct
1710 2783 1920 2838 semper
1963 2783 2081 2833 pro-

553 2837 788 2894 nuntiabo
813 2859 872 2893 ea
887 2851 1064 2890 sant-le
1087 2840 1405 2901 meditando,
1423 2848 1467 2888 et
1492 2839 1620 2888 bene
1640 2837 1904 2899 operando
1925 2853 2078 2897 usque

550 2915 603 2963 in
625 2924 871 2962 senectam
913 2918 958 2961 et
979 2909 1165 2961 senium
1195 2907 1445 2968 benedice
1481 2905 1749 2958 tnirabilia.
1785 2906 1910 2970 Qua:
1939 2907 2075 2958 enim

551 2980 747 3044 majora
779 2979 1035 3030 mirabilia
1062 2991 1214 3040 quam
1246 2987 1478 3044 mortuos
1502 2975 1787 3044 suscitare?
1837 2977 1890 3025 Si
1939 2975 2104 3042 enim‘

555 3043 744 3099 mortui
771 3063 871 3099 non
900 3060 1156 3106 essemus,
1206 3059 1308 3094 non
1355 3043 1550 3094 diteret
1581 3043 1728 3092 nobis
1775 3044 2072 3102 Apostolus,

553 3117 741 3181 Surge,
770 3117 854 3183 qui
880 3115 1089 3173 dormis,
1119 3122 1165 3164 et
1198 3127 1409 3183 exsurge
1431 3127 1459 3160 a
1487 3113 1714 3168 mortuis.
1744 3121 1784 3183 et
1805 3112 2079 3183 illumina—

553 3185 618 3234 bit
641 3193 687 3234 te
725 3181 873 3236 Deus.
923 3186 1115 3234 Umnes
1144 3181 1280 3233 enim
1333 3192 1628 3242 peceatores
1657 3190 1708 3230 et
1736 3181 1778 3231 si
1816 3181 1911 3231 vivi
1959 3193 2078 3231 sunt

554 3255 807 3314 exterius,
839 3253 1025 3305 mortui
1070 3261 1239 3300 tamen
1288 3250 1524 3300 interius.
1571 3249 1626 3300 Et
1656 3264 1842 3314 Corpus
1871 3251 2079 3314 quando

555 3323 894 3374 resuscitator
927 3359 941 3384 ,
1002 3318 1196 3373 mundo
1249 3317 1514 3375 redditur;
1569 3319 1739 3368 anima
1789 3333 1914 3370 vero
1979 3321 2077 3371 Sibi

556 3392 809 3444 redditur.
867 3391 1069 3455 Corpus
1119 3385 1326 3456 quoque
1371 3388 1674 3439 snScitatnm
1708 3397 1876 3453 potest
1906 3388 2078 3440 vivere

554 3461 667 3513 sine
695 3463 1006 3518 suscitatore
1029 3474 1141 3521 suo,
1176 3461 1346 3511 anima
1375 3466 1545 3507 autem
1595 3472 1695 3505 non
1740 3465 1930 3519 potest,
1959 3457 2076 3522 quia

553 3545 672 3580 cum
703 3533 805 3588 Silll
836 3533 951 3580 dine
981 3531 1129 3587 vitzc,
1160 3542 1258 3582 una
1287 3527 1518 3583 corporis
1543 3565 1554 3581 ,
1585 3528 1743 3575 altera
1773 3524 1976 3584 auium,
2009 3527 2076 3577 si-

555 3607 866 3663 cutcorpus
886 3597 1062 3662 nequit
1082 3598 1252 3646 vivere
1280 3596 1392 3645 siue
1419 3597 1601 3657 gratia,
1623 3594 1688 3642 ita
1707 3609 1876 3644 annua
1902 3596 2077 3661 IICQttit

559 3667 732 3716 vivere
762 3669 874 3717 sine
903 3668 1060 3724 uralia
1089 3675 1354 3730 perquam
1387 3663 1745 3714 resuscitatnr.
1779 3663 1972 3718 Etidco
1997 3664 2076 3715 dt-

557 3734 627 3785 cit
657 3749 820 3799 Usque
857 3749 990 3784 nunc
1018 3735 1170 3783 etiam
1197 3733 1354 3783 duces
1387 3747 1466 3782 tne
1492 3771 1504 3789 ,
1560 3734 1678 3796 quia
1728 3733 1869 3785 nullo
1924 3736 2078 3784 modo

557 3803 727 3853 anima
756 3803 850 3854 sibi
871 3803 1066 3856 reddita
1093 3803 1204 3853 sine
1220 3800 1470 3868 regimine
1491 3805 1671 3866 gratim
1692 3812 1865 3863 pas-set
1885 3803 2074 3853 vivere.

560 3872 618 3922 lit
653 3881 820 3934 petest
848 3870 1025 3923 rel'erri
1056 3870 1192 3936 quod
1226 3871 1307 3921 llic
1337 3870 1524 3920 dicitur
1551 3869 1614 3920 ad
1648 3883 2070 3936 unumauemqne

559 3942 870 4003 perleczum,
893 3951 940 3992 et
965 3939 1040 3990 sic
1064 3955 1151 4004 per
1173 3948 1416 3990 senectam
1461 3947 1506 3989 et
1526 3938 1714 3990 senium
1737 3939 2076 4004 accipiemus,

557 4011 637 4059 vel
670 4010 975 4074 simpliciter
1028 4010 1182 4059 linem
1229 4008 1366 4067 vitm,
1402 4007 1480 4059 vel
1532 4009 1816 4058 secundum
1865 4008 2076 4061 Grzecns

561 4092 833 4138 possumus
864 4079 1098 4142 accipere
1120 4092 1209 4140 per
1228 4087 1488 4135 senectam
1521 4091 1719 4126 murum
1745 4080 2074 4142 gravitatem,

560 4158 650 4209 per
680 4159 880 4196 sentum
913 4161 1036 4197 vero
1084 4147 1334 4210 integrann
1387 4145 1777 4212 perfectionem.
1811 4150 1955 4212 Apud
1986 4165 2078 4199 nos

560 4220 836 4278 utrumque
860 4214 955 4264 hoc
983 4228 1009 4262 a
1041 4229 1164 4264 sene
1194 4214 1387 4265 dic-lum
1415 4225 1512 4275 est,
1546 4224 1597 4264 et
1623 4229 1712 4274 pro
1728 4217 1911 4266 eodem
1942 4218 2076 4267 acci-

560 4281 727 4345 pitur;
760 4284 893 4346 apud
923 4280 1130 4332 Graccus
1159 4294 1284 4332 vero
1311 4295 1518 4333 senecta
1570 4299 1662 4344 pro
1698 4284 1948 4349 gravitate
1992 4285 2076 4336 illa

561 4365 762 4401 morum
811 4366 927 4416 qua;
972 4362 1052 4402 εει
1083 4361 1197 4411 pust
1226 4350 1424 4401 virilem
1458 4359 1659 4402 ιιτιιιιειιι
1688 4354 1940 4416 accipitur
1964 4392 1979 4416 ,
2027 4361 2080 4405 ct

2182 519 2263 556 tus
2288 518 2496 560 sanctus
2525 510 2775 571 quosdam
2810 512 3082 564 bazreticos
3109 512 3336 572 iuturus,
3365 514 3452 576 qui
3481 514 3716 564 affirma-

2177 584 2312 632 rent,
2337 587 2387 628 ct
2415 580 2759 641 sentientibus
2781 580 2888 631 suis
2907 581 3279 639 persuaderent
3299 591 3497 633 statum
3526 583 3708 634 ΕοςΙε-

2177 643 2268 693 διαὶ
2292 647 2430 695 brevi
2456 647 2778 699 duraturunt.
2809 649 3083 713 ΒδιΙΩΓκιιίΙ
3129 651 3246 701 illus
3272 665 3364 712 per
3395 652 3709 713 prophetam

2178 714 2571 790 ωίιυῖβουεξιίβτ
2599 716 2842 790 dicendi},
2877 717 3157 790 Eccledam
3181 719 3412 785 quandiu
3443 721 3718 784 generatio

2178 785 2273 853 erit
2308 793 2406 836 non
2436 785 2747 836 defuturam.
2777 785 2841 837 Et
2861 787 2937 838 sic
2960 787 3137 840 lidcles
3165 798 3429 851 premunt,
3459 804 3522 839 ne
3545 803 3710 853 quan-

2179 850 2348 914 doque
2373 853 2558 904 talibus
2581 855 2817 905 credant.

2251 919 2533 972 Potentiam
2559 932 2712 972 tuam.
2744 922 2960 986 Exponit
2989 922 3124 988 quod
3157 922 3428 974 brachium
3462 923 3707 979 accipiat.

2177 988 2332 1050 Quasi
2362 989 2497 1040 dicat
2547 1006 2558 1038 :
2615 989 2728 1041 Non
2757 991 3066 1054 derelinquas
3112 1007 3218 1051 me,
3263 993 3497 1054 inquam,
3554 992 3709 1042 dom-ir.

2178 1059 2462 1106 annuntieon
2487 1057 2739 1108 brachium
2768 1068 2926 1120 tuum,
2957 1060 3173 1114 Sl'iliCt'l.
3208 1061 3377 1111 d-~ncc
3402 1062 3704 1113 annunlient

2178 1125 2446 1191 potentiam
2472 1137 2627 1184 tuam,
2660 1127 2708 1176 id
2737 1136 2848 1181 est.
2887 1131 3103 1195 gratiam
3137 1138 3186 1178 lu
3210 1147 3273 1177 nn
3305 1127 3580 1179 facientem
3613 1146 3706 1180 nos

2181 1202 2422 1264 potentes
2452 1195 2514 1244 ad
2545 1195 2887 1264 resistendum
2941 1198 3329 1248 tentationibns.
3355 1197 3428 1264 Et
3459 1200 3708 1264 jtstitim

2179 1269 2335 1330 tuam,
2366 1261 2413 1313 il
2440 1272 2542 1323 est,
2575 1263 2810 1318 eamdem
2840 1266 3053 1324 gratiam
3087 1261 3597 1330 nnsjnstiﬁcasitem.
3646 1267 3708 1318 Et

2179 1329 2252 1380 sic
2284 1331 2417 1380 idem
2450 1342 2566 1382 sunt
2599 1332 2823 1396 potentia
2871 1341 2920 1383 et
2945 1331 3167 1395 iustitia.
3200 1335 3251 1383 Si
3283 1349 3408 1384 vero
3430 1333 3704 1385 Cassiodo-

2180 1413 2292 1447 rum
2325 1413 2619 1459 sequamur,
2649 1400 3002 1453 tliversilicare
3029 1417 3085 1452 ει
3133 1415 3432 1462 possumus,
3480 1403 3700 1464 scilicet,

2181 1476 2233 1536 ιιι
2266 1470 2548 1527 poteut’am
2580 1471 2892 1533 accipiamus
2922 1471 2968 1519 in
3001 1470 3116 1519 mod
3141 1488 3152 1519 ι
3176 1470 3532 1535 Ῑιιςιὶιί·ἐιιιιιο,
3553 1470 3700 1536 justi-

2183 1535 2305 1585 tiam
2352 1551 2475 1586 vero
2504 1538 2710 1588 tandem
2743 1538 2796 1587 in
2827 1537 3190 1589 discernenda.
3226 1535 3574 1600 Annuutiaho,
3632 1543 3706 1590 in-

2179 1618 2330 1673 quam
2355 1644 2367 1660 ,
2401 1605 2669 1671 potentiam
2697 1614 2833 1655 tuam
2863 1616 2908 1655 et
2929 1608 3174 1671 justitiam
3198 1616 3373 1663 tuam;
3411 1623 3528 1673 ego,
3573 1609 3709 1667 dico.

2187 1671 2400 1741 tendens
2434 1675 2584 1734 usque
2615 1674 2679 1723 ad
2701 1673 2942 1723 altissima
2966 1676 3214 1741 magnulia
3238 1715 3251 1732 ,
3297 1675 3343 1722 id
3371 1671 3493 1732 est,
3545 1691 3702 1740 usque

3405 1743 3702 1808 indignitate

2182 1821 2428 1871 quantum
2482 1811 2543 1860 ad
2592 1825 2686 1859 nos
2712 1850 2724 1870 ,
2770 1825 2899 1874 quas
2949 1820 3117 1861 tamen
3152 1821 3203 1861 tu
3234 1809 3401 1861 fecisti
3437 1810 3533 1861 hoc
3563 1817 3691 1875 quod

2182 1887 2319 1927 sunt.
2348 1878 2418 1928 De
2447 1879 2522 1926 bis
2547 1878 2868 1945 magnalibus
2901 1876 3015 1932 ideo
3043 1880 3272 1942 apponit,
3307 1895 3370 1926 ne
3403 1891 3693 1931 ιιιιειτιιιῐιιις

2181 1951 2396 2006 gratiam
2427 1947 2653 2015 avlsolos
2676 1947 2910 1998 homines
2941 1948 3221 2011 pertinere,
3248 1963 3364 1998 exnn
3394 1948 3548 1998 etiam
3582 1965 3694 2012 [ιε--

2183 2015 2287 2065 tiue
2324 2023 2341 2064 t
2380 2017 2441 2063 ad
2474 2016 2875 2074 superctelesles
2900 2015 3137 2077 spiritus,
3171 2018 3288 2081 quia
3322 2024 3376 2065 et
3419 2018 3514 2066 hoc
3563 2019 3696 2078 qum!

2181 2094 2319 2145 sunt,
2360 2091 2405 2132 t'l
2437 2082 2570 2148 quod
2597 2082 2728 2134 bene
2756 2086 2956 2140 vivunt.
2987 2083 3035 2134 id
3068 2097 3166 2139 εει.
3200 2086 3338 2148 quod
3393 2085 3441 2134 ill
3489 2088 3700 2138 veritate

2181 2151 2482 2214 pt-rsistnnt,
2506 2158 2582 2201 est.
2609 2165 2668 2201 ex
2692 2151 2877 2214 gratia.
2909 2150 3193 2216 Sequitur:
3494 2160 3505 2178 ‘

2253 2217 2403 2282 Deus,
2432 2222 2540 2285 quis
2561 2220 2739 2271 similis
2770 2219 2877 2272 tibi.
2900 2221 3054 2282 Quasi
3085 2221 3224 2272 dicat
3251 2238 3261 2270 :
3287 2221 3709 2287 Quandoquidem

2181 2300 2272 2350 per
2298 2289 2579 2351 potentiam
2610 2299 2748 2343 tuam
2774 2303 2875 2340 non
2917 2288 3083 2340 solum
3125 2300 3354 2350 terrena,
3411 2291 3500 2341 s--d
3555 2290 3710 2341 etiam

2179 2358 2565 2425 supercmlestia
2635 2357 2958 2418 pet-sistunt,
3015 2359 3129 2424 quis
3179 2373 3305 2425 ergo
3355 2358 3542 2411 similis
3587 2358 3704 2410 tui?

2179 2423 2355 2476 Nullus
2387 2427 2581 2491 utique.
2617 2426 2749 2477 Malo
2789 2441 2914 2492 ergo
2944 2423 3043 2477 suo
3093 2423 3339 2491 perverse
3388 2429 3566 2480 volunt
3609 2430 3698 2480 tibi

2179 2494 2458 2544 assimilari
2491 2496 2685 2557 primus
2710 2496 2797 2547 ille
2817 2504 3050 2561 apostata
3077 2498 3311 2559 attgelus,
3346 2499 3432 2562 qui
3459 2497 3585 2549 bene
3607 2512 3698 2547 no-

2182 2562 2271 2612 luit
2300 2564 2389 2619 tibi
2418 2563 2693 2614 assimilari
2723 2572 2777 2616 et
2811 2563 2966 2615 homo
2988 2565 3267 2616 secundus.
3300 2566 3541 2629 Quotidie
3570 2564 3706 2617 enim

2183 2629 2316 2681 Deus
2342 2644 2434 2682 nos
2459 2641 2604 2683 vocat
2622 2632 2681 2681 ad
2710 2632 2893 2683 bonam
2913 2632 3301 2688 similitudinem
3328 2650 3470 2684 suam
3497 2634 3707 2684 dicens:

2180 2695 2355 2749 Estote
2393 2701 2750 2758 ntis'ricordes.
2774 2701 2900 2751 sicut
2923 2717 3010 2767 ego
3040 2699 3192 2752 Pater
3233 2711 3390 2754 vester
3432 2703 3710 2756 misericors

2179 2783 2306 2820 sum.
2343 2769 2403 2820 l'lt
2428 2768 2614 2819 invitat
2648 2784 2743 2820 nos
2767 2779 2821 2821 ut
2845 2770 3120 2837 diligamus
3143 2770 3380 2823 inimicos
3412 2780 3630 2831 nostros,
3663 2782 3712 2822 ct

2180 2837 2257 2908 eis
2289 2838 2418 2908 bene
2446 2837 2714 2896 faciamus,
2748 2840 2864 2903 quia
2894 2840 3003 2902 ipse
3025 2840 3151 2900 pluit
3175 2856 3324 2908 super
3356 2841 3520 2908 justas
3550 2848 3598 2893 et
3632 2841 3711 2889 in-

2170 2907 2359 2973 justas.
2384 2907 2481 2961 Scd
2506 2908 2554 2960 in
2585 2911 2681 2960 hoc
2695 2909 2857 2961 noluit
2885 2909 2981 2960 sibi
3006 2907 3282 2962 assitniiari
3314 2907 3422 2962 ille.
3450 2908 3551 2960 Sed
3584 2908 3704 2973 quia

2183 2971 2315 3031 Deus
2347 2984 2426 3028 est
2451 2977 2640 3028 bonum
2671 2991 2726 3027 se
2750 2979 2858 3043 ipso
2887 2985 3210 3035 contentum.
3241 2985 3295 3030 et
3351 2985 3575 3042 potestas
3603 2971 3714 3040 iper

2183 3058 2238 3092 se
2272 3044 2367 3096 sub
2395 3047 2527 3096 nulla
2551 3060 2644 3096 ens
2674 3055 2955 3110 potestate,
2984 3046 3034 3095 in
3079 3045 3175 3097 hoc
3200 3043 3368 3096 voluit
3395 3045 3440 3106 ei
3468 3058 3710 3108 perverse

2183 3114 2454 3165 assitnllari
2492 3116 2688 3179 primus
2717 3115 2804 3166 ille
2826 3116 2911 3178 qui
2945 3112 3073 3165 dixit
3105 3129 3116 3161 :
3154 3111 3347 3164 Ponam
3372 3114 3533 3166 sedem
3557 3127 3714 3166 meam

2181 3184 2245 3233 ad
2269 3180 2560 3248 Aquilonem
2583 3222 2598 3245 ,
2632 3193 2687 3234 ut
2734 3190 2874 3234 esset
2916 3190 3144 3245 potestas
3172 3194 3356 3234 contra
3409 3190 3712 3249 potestatem

2183 3251 2346 3314 illam,
2381 3268 2481 3302 non
2504 3254 2597 3300 sub
2645 3251 2749 3304 illa.
2805 3252 2869 3302 Et
2916 3251 3032 3304 ideo
3080 3253 3291 3305 evanuit
3321 3252 3371 3302 in
3399 3251 3713 3318 cogitaliOne

2180 3332 2268 3368 sua
2298 3361 2313 3381 ,
2343 3332 2391 3370 cl
2422 3320 2612 3372 cecidit
2657 3320 2722 3372 de
2753 3320 2868 3374 luce
2908 3321 2957 3375 in
3003 3329 3228 3376 internas
3269 3322 3535 3375 tenebras.
3587 3319 3714 3372 Huic

2183 3389 2320 3439 malo
2376 3405 2468 3439 suo
2519 3390 2676 3442 miser
2727 3389 2814 3441 ille
2869 3389 3127 3442 secundus
3159 3389 3464 3449 consensit,
3502 3388 3588 3453 qui
3618 3387 3714 3438 sibi

2185 3455 2319 3506 ltens
2351 3473 2488 3518 esse,
2516 3467 2564 3509 et
2592 3459 2658 3510 de
2678 3473 2770 3510 suo
2812 3468 2935 3516 nutu
2984 3457 3212 3521 pendere
3253 3456 3436 3510 voluit.
3481 3455 3716 3507 Recessit

2179 3528 2315 3576 enim
2348 3527 2414 3577 ab
2462 3529 2804 3591 imperatore,
2862 3535 2914 3579 et
2956 3527 3169 3581 divertit
3216 3534 3333 3592 past
3363 3526 3706 3578 desertorem.

2181 3593 2367 3664 ljcgetn
2391 3596 2535 3648 dedit
2561 3598 2864 3657 imperator,
2899 3593 3132 3664 fraudem
3150 3595 3409 3664 suggeSsit
3444 3595 3706 3664 desertor.

2179 3661 2411 3715 Credidit
2441 3667 2598 3715 miser
2633 3665 2790 3716 homo
2836 3663 2973 3728 quod
3004 3665 3171 3719 suasit
3198 3661 3461 3726 diabolus,
3487 3674 3538 3714 et
3567 3663 3712 3716 inve-

2181 3732 2253 3781 nit
2283 3735 2419 3797 quod
2449 3734 2672 3783 utinntus
2703 3741 2778 3782 est
2807 3733 2961 3792 Deus,
2987 3733 3106 3799 quia
3131 3743 3303 3784 morte
3334 3732 3580 3785 multatus
3609 3739 3713 3784 est.

2183 3800 2242 3850 Et
2267 3802 2365 3852 boc
2393 3810 2472 3852 est
2494 3803 2628 3866 quod
2653 3800 2775 3852 dicit
2805 3817 2816 3850 :
2855 3802 3080 3864 Quantas
3106 3803 3366 3854 ostendisti
3387 3801 3529 3854 mihi.
3566 3805 3714 3866 Quod

2179 3868 2244 3920 ad
2280 3870 2505 3937 litteram
2531 3873 2603 3922 sic
2637 3871 2985 3930 continuatur,
3016 3871 3162 3937 quasi
3189 3871 3392 3927 diceret
3421 3886 3434 3920 :
3461 3870 3714 3935 Quando-

2219 3936 2386 3990 ιιίὲινιη
2419 3939 2589 3991 nullus
2615 3940 2815 3992 esttibi
2847 3936 3064 4002 similis,
3113 3954 3240 4009 ergo
3295 3938 3436 3993 malo
3485 3953 3604 3991 meo
3661 3940 3710 3990 in

2227 4011 2342 4060 dam
2375 4010 2511 4062 volui
2562 4009 2651 4062 tibi
2697 4023 2943 4076 perverse
2990 4009 3303 4066 aSsimilari,
3364 4009 3482 4073 quia
3533 4016 3586 4060 tu
3618 4022 3716 4074 pro

2182 4078 2523 4138 perversitate
2544 4080 2626 4130 illa
2647 4078 2904 4130 ostendisti
2933 4077 3055 4128 mihi
3075 4079 3444 4135 tribulationes.
3471 4085 3523 4130 et
3544 4091 3713 4139 quan-

2182 4154 2261 4196 tas
2287 4147 2489 4208 multas,
2547 4146 2765 4204 scilicet,
2816 4154 2861 4196 et
2915 4147 3091 4198 malas.
3145 4147 3530 4201 'I‘ribulationes
3559 4155 3716 4200 vocat

2183 4213 2265 4264 llic
2293 4228 2473 4265 omnes
2497 4228 2673 4277 pmnas
2705 4216 2938 4279 peccati,
2986 4228 3147 4280 quare
3192 4216 3436 4282 quadam
3469 4213 3714 4282 videntur

2181 4282 2357 4333 dulces
2383 4297 2483 4332 non
2507 4283 2894 4335 attendentibus
2916 4298 3024 4345 eas,
3051 4292 3106 4334 ut
3126 4281 3408 4337 comedere
3427 4293 3480 4334 et
3510 4281 3713 4341 bibere,

2184 4361 2233 4400 et
2269 4353 2478 4404 similia.
2515 4353 2605 4403 llic
2630 4367 2752 4403 vero
2778 4353 2864 4416 qui
2909 4351 3129 4403 attendit
3154 4367 3266 4413 eas,
3297 4363 3450 4404 vocat
3477 4365 3564 4404 eas
3599 4365 3715 4404 ma-

564 4419 693 4471 tales
717 4413 900 4486 graves
924 4413 1259 4486 presbyteros
1285 4419 1567 4485 appellant.
1598 4413 1814 4471 Sentium
1841 4413 2076 4473 verode-
2115 4415 2159 4473 D
2186 4419 2278 4471 Ias.
2304 4420 2366 4471 Et
2391 4431 2472 4472 est
2501 4422 2676 4473 dicere
2703 4437 2717 4475 :
2745 4413 2875 4485 Quia
2911 4434 3152 4486 perverse
3183 4423 3318 4473 volui
3365 4420 3455 4475 tibi
3501 4419 3713 4480 assimi-

559 4489 1039 4560 crepitama'taletn
1071 4488 1364 4560 accipiunt,
1410 4498 1462 4540 et
1504 4489 1794 4560 decrepitus
1842 4502 2083 4557 geronlas

565 4558 764 4610 dicunt.
817 4557 870 4610 Si
918 4569 1042 4609 vero
1090 4557 1170 4607 llic
1209 4553 1432 4621 loquitur
1462 4557 1577 4606 talis
1608 4553 1774 4616 unus,
1806 4553 1888 4622 qui
1918 4562 1983 4610 sit
2031 4553 2098 4612 in'

566 4628 764 4687 multis,
795 4629 842 4679 id
866 4636 963 4687 εει,
992 4625 1243 4683 Ecclesia.
1273 4637 1391 4678 tunc
1431 4624 1582 4676 aliter
1611 4635 1815 4688 Oportet
1846 4641 1938 4678 nos
1972 4630 2080 4682 lucc

565 4707 794 4756 tempora
825 4698 1174 4762 distinguere,
1218 4694 1447 4755 scilicet,
1509 4703 1566 4744 ut
1618 4710 1707 4762 per
1762 4695 2078 4759 iuventutem

566 4765 812 4817 Ecclesia?
842 4766 1156 4827 accipiamus
1183 4776 1378 4824 tantum
1429 4775 1629 4827 tempus
1675 4764 1821 4828 illud,
1881 4765 1930 4816 in
1978 4781 2080 4832 quo

564 4836 729 4883 sancti
754 4835 980 4900 Apostnb
1018 4833 1218 4886 luerunt
1242 4873 1256 4898 ,
1305 4846 1356 4886 et
1387 4833 1742 4897 multipliciter
1770 4835 1976 4896 sanguis
2017 4837 2079 4902 :nl

565 4902 802 4952 Ite-tamen
838 4904 1104 4964 bleclesim,
1160 4904 1206 4957 id
1240 4915 1352 4966 est,
1410 4911 1708 4953 salictorntn
1771 4912 2077 4970 tnatlyrum,

568 4973 708 5021 lusus
734 4985 829 5021 est.
865 4970 959 5021 l’er
987 4972 1185 5022 virilem
1215 4987 1337 5024 vero
1365 4981 1592 5032 (etatem,
1643 4983 2080 5034 prmsentcmsm-

569 5051 672 5089 tum
725 5035 1100 5102 intelligamus;
1155 5055 1245 5106 per
1307 5052 1566 5094 senectam
1618 5056 1740 5090 tero
1784 5050 1835 5092 et
1880 5044 2079 5093 senium

566 5107 1025 5172 tempusultitnnm
1075 5120 1192 5158 ante
1242 5110 1394 5161 linem
1446 5110 1652 5170 Surculi,
1694 5119 1894 5176 tempus
1943 5110 2082 5161 Anti-

559 5177 773 5228 -rbrisli.
833 5176 1192 5233 l‘ronuntiabo,
1247 5181 1473 5241 inquam,
1520 5177 1770 5246 mirabilia
1819 5191 1902 5229 tua
1932 5194 2082 5246 usque

526 5308 528 5310 _
568 5247 616 5295 in
643 5261 886 5298 senecmm
915 5255 957 5297 et
985 5247 1194 5302 senium,
1221 5256 1269 5294 ct
1294 5259 1342 5292 ut
1370 5247 1581 5308 possim,
1611 5262 1639 5295 ο
1672 5245 1831 5306 Dens,
1863 5263 1919 5299 ne
1945 5245 2084 5298 dure—

569 5316 760 5378 linquas
781 5331 878 5381 me,
912 5321 1064 5365 donec
1106 5315 1392 5363 nnnunticm
1418 5327 1510 5376 ego
1555 5313 1781 5364 Ecclesia
1819 5330 1908 5378 per
1954 5333 2084 5378 pr.»-

570 5396 741 5434 sentes
789 5395 842 5435 et
895 5396 1488 5448 petscquenttseorum.
1542 5381 1630 5432 Vel
1679 5395 1774 5447 ego
1827 5386 2082 5444 perlectus

572 5453 866 5512 annuntietn
887 5469 974 5516 per
991 5471 1069 5502 me
1091 5461 1142 5504 ct
1169 5466 1255 5516 per
1276 5465 1604 5502 successores
1627 5464 1788 5511 meos,
1822 5451 2078 5501 brachium

572 5528 725 5585 tuum,
761 5523 903 5582 illud,
931 5522 1146 5580 scilicet,
1196 5523 1259 5572 de
1286 5536 1388 5585 quo
1436 5521 1627 5571 dictum
1656 5530 1734 5571 e-t
1766 5536 1775 5568 :
1811 5517 2078 5570 [irae/tium

574 5583 767 5637 Domini
789 5591 866 5638 ini
890 5589 1151 5640 revelatum
1181 5589 1284 5640 est?
1305 5583 1370 5641 ‘id
1403 5599 1503 5654 cst,
1548 5590 1729 5641 l’iliunt
1765 5598 1903 5640 tuum
1933 5629 1947 5648 ,
1992 5604 2079 5653 per

571 5668 725 5717 quem
755 5660 972 5722 gratuita
1027 5661 1260 5711 libct'alio
1310 5660 1456 5710 nobis
1502 5661 1616 5712 data
1649 5669 1761 5727 est,
1790 5663 2078 5712 annuntlcm

2186 4488 2303 4553 lari,
2331 4489 2447 4540 ideo
2469 4491 2697 4542 multasti
2727 4507 2809 4542 me
2834 4488 3030 4555 magnis
3046 4501 3097 4541 et
3119 4488 3337 4545 inﬁnitis
3363 4488 3712 4544 tribulationi-

2185 4560 2297 4621 bus,
2330 4569 2380 4610 et
2405 4569 2575 4610 tamen
2607 4560 3017 4612 irrevocabiltter
3038 4597 3055 4622 ,
3105 4560 3222 4624 quia
3252 4570 3306 4616 tu
3335 4574 3602 4614 conversus
3645 4558 3714 4610 de

2184 4626 2256 4676 ira
2289 4629 2351 4677 ad
2382 4627 2788 4680 misericordiam
2816 4629 3072 4691 viviﬁcasti
3097 4643 3176 4680 me
3195 4628 3302 4694 jam
3329 4628 3548 4682 interius
3571 4627 3622 4680 in
3644 4642 3703 4678 re

2137 4712 2150 4732 κ
2175 4706 2229 4759 et
2254 4697 2477 4748 exterius
2501 4698 2655 4748 etiam
2679 4697 2729 4747 in
2751 4711 2862 4760 Spe.
2887 4696 2949 4747 Et
2970 4697 3085 4747 ideo
3101 4698 3220 4748 dtco
3253 4697 3554 4755 viviticasti,
3581 4697 3704 4754 quia

2181 4764 2418 4814 reduxisti
2447 4766 2622 4816 iterum
2643 4765 2863 4816 animam
2885 4779 3047 4822 meatu
3073 4764 3132 4818 de
3151 4764 3346 4831 abyssi:
3369 4778 3530 4816 terra.
3555 4763 3706 4827 Quod

2124 4851 2142 4879 δ
2180 4831 2456 4896 dupliciter
2501 4845 2666 4898 potest
2694 4833 2814 4886 dici.
2863 4833 3078 4897 Quando
3107 4835 3245 4886 enim
3279 4834 3437 4890 homo
3460 4833 3525 4884 de
3559 4845 3700 4884 terra

2184 4900 2347 4951 lactus
2397 4912 2497 4962 εει,
2531 4913 2654 4957 tunc
2683 4912 2817 4954 terra
2871 4906 2919 4955 in
2977 4902 3172 4957 vilitate
3214 4917 3310 4955 sua
3363 4904 3413 4952 in
3461 4899 3708 4963 quiddam

2183 4969 2212 5018 ιΙ
2238 4984 2392 5034 gnum
2423 4971 2605 5026 educta
2627 4982 2735 5032 est;
2789 4985 2905 5026 cum
2959 4983 3080 5020 vero
3130 4971 3287 5024 Immo
3341 4969 3705 5034 pravaricator

2185 5037 2353 5090 lactus
2381 5052 2480 5101 εει,
2511 5049 2630 5091 tunc
2653 5051 2790 5093 terra
2824 5039 2873 5088 in
2905 5036 3147 5090 vilitatem
3179 5052 3326 5092 suam
3371 5041 3573 5090 redacta
3597 5049 3702 5090 esu

2187 5107 2309 5158 Inde
2337 5123 2453 5160 cum
2482 5119 2835 5161 assumeretur
2865 5121 2892 5157 ιι
2920 5105 3074 5160 verbo
3105 5106 3192 5158 illo
3214 5108 3348 5170 quod
3377 5109 3428 5158 in
3455 5104 3704 5172 primario

2184 5185 2286 5225 erat
2314 5180 2449 5244 apud
2480 5177 2665 5236 Deum,
2699 5176 2906 5226 reducta
2937 5184 3034 5230 cst.
3072 5174 3270 5230 Cecidit
3321 5177 3443 5227 item
3473 5177 3702 5238 quodam

2187 5248 2362 5304 nmtlo,
2390 5261 2505 5296 cum
2537 5259 2658 5296 caro
2678 5257 2936 5306 assumpta
2959 5254 3160 5298 mortua
3189 5256 3264 5298 εει
3291 5262 3304 5308 ;
3337 5247 3550 5301 reducta
3577 5257 3702 5294 vero

2184 5322 2264 5364 est
2311 5318 2490 5366 eadem
2519 5314 2673 5365 carne
2719 5324 3034 5378 resurgente,
3065 5324 3118 5363 et
3147 5315 3224 5364 sic
3267 5315 3474 5374 itelum,
3522 5312 3569 5361 id
3597 5323 3696 5370 est,

2187 5383 2265 5431 his
2286 5386 2491 5435 redueta
2518 5394 2618 5436 est.
2651 5381 2702 5433 In
2736 5384 2834 5433 hac
2859 5391 3031 5440 autem
3058 5385 3311 5436 sententia
3344 5396 3437 5446 per
3453 5379 3699 5446 abyssum

2188 5452 2433 5506 vl‘ituteni
2466 5464 2614 5505 tetra:
2654 5454 2848 5513 accipe.
2886 5449 2974 5502 Vel
3017 5452 3165 5503 aliter
3198 5468 3210 5500 :
3242 5449 3365 5502 [dco
3391 5448 3510 5500 dico
3535 5447 3696 5510 viviﬁ-

2187 5522 2307 5568 casti
2336 5538 2431 5580 me,
2460 5522 2574 5587 quill
2621 5521 2669 5572 in
2700 5531 2831 5571 terra
2860 5558 2873 5581 ,
2905 5519 2951 5570 id
2989 5530 3089 5580 εει,
3141 5518 3217 5571 bis
3252 5517 3493 5570 reduaﬁsti
3537 5531 3613 5568 me
3636 5518 3698 5567 de

2187 5590 2551 5651 abyssistcrra',
2587 5590 2634 5639 id
2649 5591 2830 5648 est,dc
2850 5587 3197 5653 prnlttnditate
3229 5588 3490 5638 vitiorum.
3521 5587 3698 5638 l‘rimo

2187 5659 2325 5710 cnim
2350 5660 2522 5712 eduxit
2545 5673 2657 5724 nos,
2688 5672 2804 5710 cum
2822 5668 3000 5710 natura
3023 5667 3197 5709 nostra
3219 5669 3249 5708 a
3273 5660 3430 5709 verbo
3453 5669 3694 5722 assump-
