3898 6226
533 314 629 371 87!

957 315 1156 375 ΒΕῡΑΞ
1199 312 1644 369 VENERAUILIS
1681 315 1832 370 OPP.
1877 315 2050 369 PARS

2198 314 2385 369 SECT.
2430 314 2489 369 ΙΙ.
2525 344 2593 355 --
2634 316 2838 371 DUBIA
2878 316 2964 370 ET
3006 316 3276 377 SPURIA.

3625 317 3707 373 δτι

533 437 730 493 dicere,
771 430 849 481 vel
899 428 1085 494 aliquis
1121 429 1224 495 iant
1266 408 1533 482 correctus
1586 438 1821 493 respectu
1876 427 2068 492 prioris
2100 432 2149 488 Α
2187 426 2458 480 invenient
2489 427 2538 479 in
2571 427 2808 480 manibus
2835 423 2963 489 suis,
2991 428 3114 497 quia
3154 446 3267 481 eum
3296 430 3540 481 interierit
3561 431 3702 497 homo,

534 513 719 560 status,
765 500 842 552 vel
873 500 1032 550 etiam
1064 498 1251 566 aliquis
1288 498 1546 565 perfectus
1573 508 1622 550 et
1668 498 1978 563 intelligens,
2018 497 2067 547 in

536 584 757 635 persona
814 578 985 620 tamen
1033 568 1264 628 illorum,
1297 576 1457 619 etest
1492 567 1668 618 dicere
1697 583 1707 616 :
1736 566 2074 631 Quandoqui-

534 644 654 693 dem
684 640 816 690 alius
840 637 1045 689 olitiuet
1093 636 1360 703 pmmium
1387 635 1603 703 iustitia:
1644 650 1793 697 mere,
1824 652 1938 701 ergo
1964 635 2074 686 sine

529 726 703 770 causa,
728 710 775 758 id
800 717 899 765 est,
923 705 1037 759 sine
1058 705 1566 771 ulililalcjustiﬁcavi
1589 720 1672 755 cor
1694 720 1874 767 meum,
1900 705 2067 764 idest.

534 779 1068 847 cogitationiismeas,
1099 784 1142 826 et
1174 790 1286 826 sine
1314 789 1467 827 causa
1494 775 1809 847 lavi_mrmns
1832 788 1987 835 meas,
2017 773 2067 826 id

531 843 633 911 est:
662 845 904 899 "mndavi
936 858 1093 906 opera
1138 859 1274 903 mea,
1306 854 1359 895 ιιι
1400 858 1569 895 essent
1599 843 1727 894 inter
1756 843 2069 902 innocentes,

533 930 578 969 et
620 922 731 969 sine
772 928 925 965 eausa
958 913 1355 981 {uiﬂagellatus,
1389 914 1437 963 id
1486 923 1585 973 est,
1620 914 1815 979 ﬂagella
1847 911 2069 962 sustinui

538 998 554 1036 t
592 998 639 1037 ta
668 988 768 1041 die,
796 983 842 1033 id
874 992 972 1040 est,
1000 982 1231 1044 assidue,
1260 991 1309 1035 et
1348 995 1521 1033 tamen
1553 982 1813 1049 castigatio
1837 996 1944 1030 mea
1988 992 2069 1041 est

529 1057 581 1105 in
611 1052 885 1113 matutinis,
914 1052 961 1103 id
986 1060 1083 1113 est,
1116 1067 1217 1101 non
1249 1051 1493 1103 (ΙίίΪειιιιι⁵
1516 1050 1783 1111 ra~tigatio
1815 1064 1949 1109 mea,
1975 1052 2067 1102 sed

528 1139 737 1185 semper
768 1120 913 1185 quasi
958 1131 1038 1172 εει
1066 1122 1117 1170 iu
1150 1121 1365 1182 lorilnis,
1401 1131 1455 1171 ιιι
1488 1124 1535 1168 in
1570 1134 1882 1186 unoquoque
1913 1134 2067 1171 tuane

530 1208 613 1245 tne
644 1194 871 1245 invadat.
908 1189 1113 1240 Illorum
1144 1199 1318 1241 autem
1367 1191 1641 1256 castigatio
1674 1201 1760 1239 aut
1805 1204 1943 1252 sera,
1980 1200 2070 1241 aut

528 1264 665 1313 nulla
692 1271 789 1313 est.

598 1332 655 1383 Si
684 1330 929 1381 dicebam.
963 1326 1090 1390 llic,
1125 1330 1355 1389 inquam,
1403 1328 1509 1381 dixi
1539 1344 1550 1377 :
1586 1328 1648 1377 lit
1696 1326 1901 1379 tandem
1934 1327 2067 1378 dice-

530 1404 664 1463 bam,
698 1399 935 1455 Domine,
969 1397 1011 1448 si
1058 1400 1273 1448 narrabo
1320 1397 1435 1449 aliis
1477 1399 1570 1456 sic,
1596 1397 1792 1448 scilicet
1835 1406 1884 1447 te
1931 1395 2065 1462 inju-

530 1480 665 1519 stutn
690 1482 825 1527 esse,
858 1467 937 1515 Vel
982 1477 1029 1514 te
1060 1483 1161 1517 non
1194 1482 1379 1518 curare
1410 1466 1646 1517 mortalia
1678 1466 1831 1531 :quia
1864 1475 2065 1526 tempo-

525 1539 649 1588 ralia
695 1540 825 1587 hona
872 1533 1047 1585 atilers
1096 1536 1299 1598 amicis,
1343 1546 1396 1587 et
1422 1536 1515 1587 das
1558 1550 1616 1586 ea
1663 1536 1921 1597 inimicis;
1955 1551 2065 1586 ecce

524 1621 765 1670 magnum
814 1604 1184 1669 inconveniens
1229 1606 1509 1666 incurram,
1551 1605 1647 1655 hoc
1672 1605 1891 1663 sciliCet.
1938 1607 2062 1670 quia

522 1676 831 1741 reproliabo,
866 1673 913 1724 id
958 1679 1059 1730 est.
1092 1675 1346 1738 separatio
1374 1688 1402 1723 a
1435 1690 1517 1726 me
1563 1675 1833 1735 nationem,
1868 1674 1916 1725 id
1960 1688 2062 1735 esi,

520 1759 742 1795 munem.
782 1742 1169 1811 generationem
1222 1742 1471 1807 ﬁliorum,
1522 1741 1571 1793 id
1613 1750 1726 1804 est,
1781 1743 2063 1795 electorum

523 1826 722 1864 tuorum
754 1810 1179 1877 praecedeiitimn,
1218 1814 1473 1863 Ahrahain
1502 1812 1694 1864 scilicet
1719 1822 1770 1862 et
1790 1811 1970 1871 Jacoh.
2005 1825 2057 1864 et

520 1884 742 1934 aliorum
775 1881 977 1938 talium,
1008 1881 1129 1947 quia
1152 1882 1323 1933 nullus
1353 1881 1555 1932 illorum
1597 1890 1699 1942 est,
1731 1881 1819 1946 qui
1852 1897 2055 1934 meeum

527 1952 577 2001 in
606 1951 703 2002 hoc
732 1951 1047 2000 consentiat.
1079 1949 1145 2000 Et
1170 1949 1346 2021 inhac
1367 1948 1671 2021 dilllcultate
1703 1950 1895 2015 positus
1920 1953 2055 2021 cogi-

523 2025 685 2070 tabam
715 2029 769 2069 ut
800 2030 1164 2086 (agnoscerem,
1201 2018 1248 2069 id
1280 2025 1380 2077 est,
1414 2019 1705 2085 cogitabam
1733 2018 2058 2081 cognoscen-

527 2089 649 2140 dum
673 2102 791 2140 esse
817 2104 828 2137 :
857 2086 932 2138 vel
965 2099 1017 2137 ut
1045 2088 1169 2138 dicit
1200 2090 1379 2139 beatus
1416 2088 1757 2151 Augustinus,
1803 2087 2053 2153 Proponii

524 2166 579 2209 ut
605 2170 997 2224 cognoscerem.
1029 2156 1160 2221 Quid
1211 2157 1628 2223 cognoscerem?
1668 2156 1878 2210 Scilicet
1904 2168 1953 2211 te
1970 2158 2054 2225 ju-

513 2239 650 2279 8mm
704 2241 843 2285 esse,
897 2236 949 2278 et
998 2226 1233 2278 mortalia
1282 2240 1490 2283 curare,
1534 2236 1584 2276 et
1624 2236 1796 2277 tamen
1849 2237 2053 2281 terrena

520 2297 653 2348 bona
686 2296 872 2348 amicis
926 2295 1251 2357 subtrahere,
1296 2304 1350 2347 et
1396 2294 1620 2346 inimicis
1660 2298 1905 2350 tribuere.
1950 2298 2051 2352 Sed

514 2367 606 2417 hoc
635 2379 951 2433 cognoscere
979 2365 1118 2415 labor
1144 2376 1238 2422 est.
1272 2365 1321 2416 id
1367 2374 1466 2423 est,
1498 2363 1776 2417 difﬁcultas
1816 2368 2052 2431 (praedam

524 2436 691 2495 posita
710 2432 839 2486 ante
860 2449 955 2494 ntc,
981 2432 1239 2485 Vnientem
1264 2432 1390 2484 illud
1422 2434 1754 2499 investigare,
1782 2436 1945 2487 donec
1972 2453 2055 2490 tne

512 2504 702 2556 laciam
727 2516 845 2555 ante
872 2510 939 2554 te.
966 2501 1058 2553 Vel
1083 2502 1174 2552 hoc
1195 2515 1510 2569 cognoscere
1535 2516 1620 2554 me
1648 2502 1788 2552 labor
1816 2515 2051 2566 anteme,

513 2574 564 2623 id
593 2583 695 2633 est,
726 2571 894 2637 maior
940 2585 1042 2632 me,
1095 2573 1253 2622 donec
1284 2572 1472 2622 lintrem
1507 2573 1583 2622 vel
1630 2574 1679 2621 in
1709 2576 2054 2626 sanctuariuin

513 2640 629 2703 Dei,
660 2641 707 2691 id
734 2652 833 2701 est,
864 2640 914 2691 in
954 2650 1182 2693 mentem
1234 2654 1402 2691 meam
1431 2637 1665 2694 faciendo
1716 2642 1879 2706 ipsam
1928 2659 2053 2694 san-

512 2712 769 2762 ctuarittm
808 2710 923 2771 Dei,
954 2710 1033 2761 vel
1061 2711 1111 2761 in
1140 2711 1479 2761 sanctuarium
1515 2709 1622 2772 Dei,
1669 2712 1715 2760 id
1744 2718 1842 2769 est.
1875 2710 1925 2762 iii
1970 2728 2054 2765 se-

511 2789 711 2833 cretam
739 2780 1135 2845 disposnionein
1166 2779 1278 2842 Dei,
1311 2779 1389 2831 vel
1418 2780 1469 2830 in
1495 2781 1835 2832 sanctuariuin
1864 2780 1974 2840 Dei,
2002 2782 2051 2834 ιιι

514 2858 615 2914 est,
653 2846 704 2901 in
735 2861 911 2901 sacras
936 2848 1257 2914 Scripturas,
1291 2848 1489 2901 scilicet
1520 2849 1604 2902 ubi
1634 2862 1791 2902 certa:
1824 2853 2051 2903 rationes

509 2919 577 2970 de
620 2919 697 2971 his
728 2919 975 2971 onmibus
1026 2918 1233 2970 dantur.
1285 2919 1347 2972 Et
1398 2918 1580 2971 tandiu
1612 2928 1695 2971 est
1728 2919 1849 2970 mihi
1878 2920 2047 2984 labor,

510 2988 679 3040 donec
731 2988 920 3041 intrent
970 2987 1019 3038 in
1070 2991 1359 3041 novissima
1398 3003 1610 3047 eorum,
1655 2988 1703 3039 id
1754 2999 1855 3052 est,
1884 2991 2051 3043 dooec

509 3066 683 3109 mente
715 3072 1014 3123 percurram
1046 3056 1108 3108 ad
1142 3056 1366 3109 futuram
1411 3057 1823 3121 damnationem,
1854 3069 1907 3111 et
1936 3073 2045 3125 pm-

508 3141 601 3178 nas
632 3129 884 3178 malorum
906 3128 925 3188 ’;
955 3136 1000 3176 ει
1033 3126 1082 3175 iti
1116 3129 1212 3179 illis
1258 3126 1537 3177 novissimis
1569 3129 1819 3187 existens.
1858 3130 2044 3179 intelli-

510 3211 625 3265 gam
652 3200 790 3262 quod
820 3210 957 3248 nunc
988 3209 1089 3246 non
1122 3195 1495 3262 intelligebam,
1541 3195 1749 3247 scilicet
1779 3197 1937 3249 Deum
1963 3199 2049 3265 ju-

509 3264 645 3317 stum
686 3280 827 3329 esse,
859 3274 913 3317 et
945 3264 1134 3317 nini-tal
1158 3280 1184 3315 a
1216 3279 1420 3325 cui-are,
1452 3275 1506 3317 et
1552 3273 1725 3316 tamen
1761 3265 1871 3318 lizcc
1912 3264 2045 3319 boiia

506 3336 689 3386 amicis
730 3334 1060 3395 subtrahere,
1104 3344 1155 3387 et
1195 3333 1415 3387 inimicis
1460 3335 1586 3386 dare
1622 3350 1634 3386 :
1668 3334 1787 3401 quia
1827 3336 1889 3387 ad
1952 3338 2050 3389 hoc

508 3410 596 3455 dat
625 3419 683 3455 ea
717 3405 961 3465 iiiimii-is,
998 3412 1055 3454 ut
1104 3405 1145 3455 si
1192 3406 1326 3469 quod
1380 3404 1571 3455 bniium
1604 3404 1836 3464 let-crint,
1871 3419 1962 3470 per
1986 3420 2047 3458 ea

511 3484 987 3533 retiiunei-arentnr,
1017 3480 1069 3524 et
1099 3485 1150 3523 ut
1180 3483 1323 3524 tanto
1352 3474 1560 3537 gravius
1593 3474 1642 3522 in
1690 3473 1860 3524 futuro
1887 3474 2048 3526 dam—

510 3553 714 3594 ιιειιιυτ.

584 3610 929 3663 Verumtamen
988 3619 1211 3674 propter.
1263 3609 1419 3673 Dixit,
1466 3610 1529 3662 Et
1557 3610 1834 3679 intelligam
1876 3613 1927 3664 in
1959 3630 2047 3664 no-

506 3681 743 3732 visssimis
774 3696 1077 3741 eorum,per
1100 3680 1233 3744 quod
1265 3681 1446 3743 innuit,
1478 3684 1596 3746 quia
1628 3683 1675 3731 in
1703 3681 1875 3735 futuro
1901 3682 2045 3735 dam-

510 3752 789 3802 nabuntur.
843 3750 946 3803 Sed
982 3759 1149 3801 tamen
1181 3750 1350 3815 (quasi
1401 3752 1555 3817 dicat)
1590 3751 1672 3802 hic
1720 3752 1876 3803 etiam
1907 3754 2048 3805 dam-

506 3832 714 3880 nantur.
750 3819 866 3886 quia
912 3826 984 3882 tu,
1022 3819 1256 3878 Domine,
1313 3820 1527 3885 posuisti
1581 3820 1655 3869 eis
1694 3819 1861 3871 dolos.
1904 3823 2047 3885 Quos

506 3890 689 3940 dolos?
720 3892 919 3941 scilicet
946 3889 1240 3938 iit‘interius
1265 3890 1510 3941 exctcciiti
1543 3899 1738 3939 aeterna
1773 3889 1907 3942 liona
1938 3906 2048 3942 oui-

504 3958 658 4010 nilius
688 3958 956 4023 proposita
1000 3958 1317 4027 relinquant,
1345 3968 1399 4009 et
1442 3959 1767 4023 temporalia,
1800 3975 1914 4027 qua:
1944 3960 2041 4012 lal-

506 4035 617 4077 tiiiit
658 4042 771 4092 eos,
804 4036 1068 4094 appetant.
1104 4027 1164 4078 Et
1207 4025 1304 4079 hoc
1359 4026 1549 4079 iactum
1599 4038 1681 4078 est
1722 4030 1800 4081 eis
1819 4025 2044 4096 propter

506 4098 654 4145 dolos
685 4111 894 4157 eorii.ii,
940 4098 986 4145 id
1029 4106 1129 4158 est,
1160 4096 1296 4147 man
1326 4099 1514 4148 merito
1545 4112 1661 4158 suo,
1706 4097 1900 4149 scilicet
1923 4100 2040 4164 quia

506 4176 757 4227 quantum
792 4166 842 4214 in
886 4165 961 4214 eis
1014 4174 1117 4224 cst,
1148 4166 1331 4216 dolose
1375 4174 1552 4232 agunt.
1586 4166 1763 4218 Potest
1801 4178 1855 4218 et
1893 4171 2044 4220 aliter

511 4234 595 4284 liic
624 4233 758 4283 idem
791 4246 969 4283 versiis
1015 4234 1391 4298 aliquantulum
1437 4235 1680 4299 superius
1720 4238 2034 4289 continuari.

504 4303 663 4364 Quasi
710 4298 1226 4361 dicatzPeccatores,
1285 4298 1517 4369 inquam,
1561 4304 1877 4354 obtinuerunt
1917 4305 2042 4355 divi-

505 4383 619 4432 tias,
650 4373 699 4422 in
745 4383 850 4437 quo
881 4380 1077 4440 putant
1110 4370 1242 4421 bene
1285 4387 1459 4426 secum
1503 4374 1585 4440 agi
1614 4391 1623 4424 :
1649 4372 1739 4424 sed
1770 4383 1942 4425 tamen
1985 4376 2034 4426 in

2181 511 2278 547 non
2312 497 2568 549 descendet
2595 513 2711 548 cum
2754 512 2811 548 eo
2840 498 3003 564 gloria
3045 501 3173 566 ejus.
3215 498 3363 551 Nihil
3402 501 3551 559 enim,
3581 513 3626 553 ut
3648 513 3704 558 ait

2180 568 2487 631 Apostolus,
2511 566 2564 617 in
2596 566 2730 615 hanc
2756 569 3303 630 mundumattulimus,
3338 569 3477 621 haud
3516 569 3699 627 dubium

2178 634 2298 709 quia
2345 648 2442 709 nec
2470 634 2678 709 auferre
2705 636 2827 709 quid
2878 650 3173 709 possumus.
3212 637 3274 688 Et
3306 652 3430 690 vere
3450 638 3695 709 peribunt,

2173 708 2292 767 quia
2324 711 2377 775 tu
2409 703 2628 775 Domine
2662 705 2854 775 redigas
2884 707 2933 756 in
2962 706 3160 757 ciritate
3189 715 3275 756 tua
3297 708 3566 774 imaginem
3586 703 3698 775 ipso.

2171 786 2283 821 rum
2312 772 2377 822 ad
2403 772 2636 823 nihilum.
2672 771 2818 825 Sicut
2845 776 2984 825 enim
3018 774 3113 837 ipsi
3146 776 3194 826 in
3223 771 3438 827 civitate
3467 792 3557 828 sua
3589 771 3698 833 ima-

2173 842 2346 906 ginem
2378 851 2538 902 tuam,
2587 841 2635 892 id
2678 853 2780 903 eSt,
2812 842 3073 895 rationem
3112 858 3261 895 suam
3311 855 3368 896 et
3398 848 3691 901 intellectum

2187 911 2500 982 redegerunt
2537 910 2600 961 ad
2632 910 2873 982 nihilum,
2907 912 3285 982 comparabiles
3315 914 3437 965 farti
3466 914 3688 982 juuirntis

2178 977 2567 1049 insipientibus.
2612 980 2691 1032 sic
2731 991 2784 1032 et
2824 989 2877 1031 tu
2933 980 3201 1049 imaginem
3247 977 3491 1045 ipsorum:
3534 988 3579 1035 id
3614 1003 3695 1047 est,

2184 1047 2464 1120 imagnem
2495 1050 2757 1115 superbia:
2786 1058 2840 1102 et
2879 1047 3054 1120 tonus
3083 1053 3353 1117 nequitiae,
3383 1070 3541 1120 quam
3574 1056 3617 1106 in
3650 1077 3698 1111 se

2178 1116 2306 1180 ipsis
2338 1122 2590 1190 iecerunt,
2610 1120 2804 1190 rediges
2822 1119 2886 1190 ad
2909 1120 3121 1171 nihilum
3146 1116 3193 1171 in
3217 1116 3415 1174 civitate
3434 1132 3519 1174 tua
3543 1139 3698 1190 super-

2174 1190 2401 1256 cmlesti,
2434 1188 2482 1238 id
2533 1189 2716 1245 est,in
2771 1188 3023 1240 societate
3064 1199 3384 1255 sanctorum,
3430 1209 3531 1243 non
3580 1188 3692 1256 quod

2174 1253 2269 1319 ipsi
2306 1257 2373 1305 ibi
2404 1259 2530 1318 sint,
2575 1256 2666 1308 sed
2707 1258 2823 1320 Quia
2868 1272 2983 1308 cum
3019 1257 3087 1309 ibi
3126 1273 3247 1311 esse
3278 1253 3553 1319 deberent.
3596 1253 3693 1314 inde

2169 1324 2368 1375 exclusi
2399 1339 2426 1375 a
2456 1338 2580 1377 vero
2621 1340 2737 1378 esse
2765 1327 3171 1393 separabantur,
3200 1335 3256 1380 et
3280 1328 3358 1381 sic
3385 1332 3449 1382 ad
3498 1333 3693 1385 nihilum

2169 1392 2489 1459 redigentur.
2834 1392 2837 1393 ⁷
3531 1405 3551 1412 ·

2238 1460 2368 1522 Quia
2396 1463 2762 1530 inﬂammatum
2810 1474 2879 1517 est
2928 1481 3016 1516 car
3052 1482 3233 1517 nteum.
3281 1466 3401 1519 ideo
3433 1470 3615 1521 merito
3642 1475 3692 1523 ad

2171 1530 2387 1583 nihilum
2438 1533 2644 1599 rciliges
2696 1549 2807 1597 eos,
2840 1534 2959 1600 quia
3006 1534 3119 1586 aliis
3167 1538 3325 1588 etiam
3373 1541 3687 1591 occasionem

2170 1602 2415 1665 peccandi
2440 1600 2719 1653 dederunt.
2747 1601 2873 1654 Nam
2895 1619 2981 1654 cor
3007 1620 3171 1655 meum
3194 1606 3566 1671 inﬂammatam
3597 1612 3691 1659 illo.

2170 1684 2285 1721 rum
2318 1674 2560 1736 exemplo
2587 1672 2849 1723 deSiderio
2882 1683 3229 1737 terreiiuriiiii,
3258 1685 3304 1725 et
3335 1690 3479 1726 renes
3509 1680 3616 1738 mei,
3647 1680 3688 1731 id

2104 1755 2145 1812 Β
2174 1752 2273 1812 est,
2305 1742 2681 1792 delectationes
2714 1757 2864 1802 tnezt‘,
2895 1757 3014 1805 quae
3037 1743 3292 1793 deberent
3316 1757 3436 1795 esse
3465 1747 3666 1806 spiritu:

2174 1810 2269 1881 les,
2304 1817 2521 1860 mutatae
2546 1822 2663 1861 sunt
2695 1811 2744 1859 in
2785 1812 3024 1863 carnales
3050 1828 3061 1861 :
3088 1823 3131 1861 et
3177 1814 3250 1862 sic
3279 1815 3493 1880 ego.qui
3523 1817 3691 1881 aliquid

2170 1876 2422 1930 deberem
2467 1893 2604 1943 esse,
2645 1882 2875 1931 redactus
2900 1896 3012 1929 sum
3052 1883 3117 1930 ad
3156 1876 3395 1944 nihilum,
3428 1876 3475 1933 id
3518 1876 3617 1944 est,
3639 1892 3694 1937 ad

2165 1944 2285 2007 hoc,
2334 1955 2629 2018 uttcrrena
2662 1957 2857 1999 tantum
2892 1960 3212 2013 appeti-rem,
3244 1966 3365 2018 qua!
3402 1952 3524 2003 nilnl
3557 1970 3688 2013 sunt,

2158 2024 2203 2064 ει
2224 2016 2436 2084 nesciui,
2468 2016 2518 2067 id
2551 2026 2651 2079 est,
2682 2018 2924 2069 nesciens
2970 2018 3133 2069 lactus
3184 2016 3321 2073 sum.
3373 2021 3426 2071 Et
3460 2024 3574 2084 quia
3619 2039 3697 2076 ηρ.

2158 2083 2332 2135 sciens
2364 2085 2457 2146 lui,
2492 2088 2609 2137 ideo
2638 2096 2690 2139 et
2713 2086 2755 2138 si
2778 2088 2913 2152 apud
2946 2088 3063 2139 illos
3086 2090 3209 2139 satis
3243 2083 3693 2153 prudensviilerer

2157 2163 2209 2226 et
2254 2156 2487 2226 sapiens,
2517 2166 2723 2226 tamen
2747 2156 2884 2223 apud
2914 2167 2960 2226 te
2990 2156 3152 2222 factus
3180 2172 3289 2208 sum
3322 2168 3379 2208 ut
3407 2160 3694 2226 jumentant,

2159 2220 2209 2271 id
2242 2236 2345 2285 εει,
2384 2224 2755 2276 irrationabilis
2781 2220 2839 2277 et
2862 2220 3135 2290 insipiens,
3166 2234 3288 2277 dum
3315 2220 3548 2293 ein-qum
3577 2220 3689 2282 nihil

2153 2302 2293 2351 Sunt,
2348 2304 2673 2356 appeterem,
2731 2304 2779 2345 et
2828 2310 3125 2361 quanquam
3161 2304 3489 2360 appeterem,
3534 2310 3692 2353 tamen

2152 2374 2243 2425 ego
2270 2376 2463 2423 semper
2515 2363 2583 2412 l'ni
2634 2374 2816 2423 terum,
2848 2366 2968 2431 quia
3013 2380 3115 2415 non
3169 2369 3281 2416 haec
3332 2383 3359 2415 a
3412 2369 3692 2427 dtrlllmtlta,

2152 2442 2289 2500 sicut
2315 2431 2605 2482 idololatrtn
2633 2431 2850 2494 faciunt,
2882 2444 3027 2498 peto,
3059 2436 3154 2486 sed
3183 2448 3209 2483 a
3245 2446 3294 2485 te
3324 2436 3439 2485 solo
3473 2448 3605 2500 peto.
3640 2440 3692 2489 Li

2154 2498 2270 2570 ideo
2299 2509 2364 2570 tu
2406 2501 2649 2565 adiuvisti
2688 2518 2790 2563 me,
2828 2518 2892 2555 ne
2942 2504 3149 2568 penitus
3173 2503 3419 2555 caderem
3450 2498 3604 2570 {qua
3636 2521 3695 2558 le-

2152 2568 2305 2617 nuiin
2333 2584 2535 2619 manum
2566 2586 2727 2621 meam
2777 2572 3018 2623 faciendo
3059 2587 3173 2624 eam
3206 2568 3565 2632 dexterumptd
3604 2578 3692 2631 esi.

2155 2636 2321 2687 iecisti
2350 2647 2404 2687 ut
2434 2652 2593 2703 Opera
2636 2654 2750 2691 mea
2786 2642 2928 2705 prius
2960 2642 3193 2703 sinistra,
3228 2642 3277 2692 id
3319 2652 3400 2693 83'.
3435 2660 3691 2705 pisi-versa,

2154 2706 2339 2756 lierent
2366 2706 2603 2769 dextera,
2638 2708 2689 2760 id
2736 2718 2837 2774 est,
2872 2710 3029 2771 bona,
3059 2721 3105 2761 et
3139 2726 3214 2762 nte
3251 2712 3498 2763 eductum
3528 2714 3591 2763 de
3623 2726 3691 2765 te~

2154 2775 2330 2827 nebris
2356 2779 2550 2828 erroris
2581 2778 2855 2839 deduxisti,
2890 2780 2940 2831 id
2982 2794 3083 2841 est,
3110 2780 3177 2833 de
3223 2782 3419 2833 virtute
3464 2784 3511 2832 iii
3540 2786 3696 2834 virtu-

2154 2851 2255 2894 tem
2286 2845 2599 2909 provexisti.
2628 2848 2689 2898 Et
2718 2850 2817 2899 hoc.
2861 2863 2963 2899 nou
3015 2851 3064 2899 in
3102 2849 3301 2901 merits
3333 2853 3485 2911 meis,
3519 2851 3611 2904 sed
3649 2856 3696 2904 in

2151 2913 2404 2984 voluntate
2451 2923 2560 2979 tua,
2611 2926 2655 2966 et
2684 2918 2950 2983 suscepisti
2992 2934 3067 2968 me
3093 2920 3197 2984 jam
3241 2919 3603 2983 dispositione,
3646 2936 3696 2973 et

2152 2983 2363 3055 tandem
2406 2984 2663 3055 suscipies
2707 3000 2789 3036 me
2822 3002 2938 3037 cum
2985 2987 3169 3055 gloria.
3206 2988 3426 3039 Possunt
3474 3000 3525 3040 ει
3550 2993 3699 3042 atiter

2154 3051 2273 3124 duo
2306 3052 2606 3124 superiores
2656 3070 2839 3108 versus
2887 3051 3008 3124 legi'.
3053 3057 3209 3121 Quasi
3262 3056 3402 3108 dicat
3430 3074 3441 3106 :
3471 3058 3699 3122 Ipsorum

2150 3118 2669 3192 quidemhimaginem
2712 3124 2906 3192 redigas
2931 3118 2997 3177 5d
3028 3118 3267 3186 nihilum,
3308 3140 3479 3178 meam
3502 3118 3696 3181 autem

2152 3204 2255 3240 non
2296 3186 2523 3256 rcdigcs'
2552 3194 2615 3245 ad
2660 3186 2907 3255 tiiliilttiik
2927 3195 3046 3259 quia
3097 3211 3181 3247 cor
3222 3210 3386 3246 meum
3432 3202 3700 3249 deSiderii.

2154 3261 2225 3309 tui
2251 3269 2325 3310 est
2353 3258 2746 3326 inflammatum,
2777 3273 2824 3313 et
2846 3258 2983 3315 renes
3010 3266 3126 3328 mei,
3155 3265 3203 3316 id
3252 3274 3357 3326 est,
3392 3266 3698 3319 delectatio-

2150 3342 2244 3380 nes
2274 3343 2405 3381 mea:
2433 3331 2577 3395 prius
2606 3334 2847 3385 carnales
2876 3344 3089 3387 mutata:
3119 3343 3243 3385 sunt
3274 3336 3323 3386 in
3352 3338 3653 3400 similitates
3683 3355 3693 3387 :

2150 3404 2192 3447 et
2215 3413 2304 3467 ego
2330 3409 2563 3451 redactus
2588 3416 2696 3451 sum
2718 3402 2783 3451 ad
2810 3403 3045 3467 nihilum,
3094 3402 3264 3466 idest,
3293 3419 3386 3469 pro
3420 3405 3581 3457 nihilo
3616 3422 3699 3458 mc

2149 3472 2404 3534 reputavi,
2434 3480 2685 3535 quantum
2715 3472 2777 3522 ad
2813 3486 2898 3531 ea,
2940 3488 3057 3537 quae
3092 3473 3233 3536 prius
3265 3474 3464 3524 illslilltl
3494 3488 3509 3525 :
3535 3484 3590 3525 et
3621 3486 3695 3525 ln-

2149 3550 2267 3589 tnen
2299 3540 2570 3607 venialiter
2602 3540 2834 3607 peceavi,
2864 3541 2984 3606 quia
3029 3544 3228 3603 nescivi,
3261 3543 3309 3592 id
3354 3552 3458 3603 est,
3492 3546 3698 3593 nescius

2150 3608 2291 3671 prius
2317 3606 2408 3660 fui.
2438 3606 2803 3661 Nitiic’autein
2836 3609 2998 3677 [actus
3026 3626 3137 3661 sunt
3184 3615 3320 3674 apud
3356 3620 3402 3662 te
3430 3614 3702 3676 utjamen-

2147 3684 2273 3736 tunt,
2307 3680 2355 3727 id
2388 3686 2487 3738 Cal,
2516 3689 2652 3730 sicut
2680 3678 2950 3745 subjugale
3002 3678 3356 3731 iiiausuetum‘
3385 3692 3435 3732 et
3477 3684 3695 3738 humile,

2146 3747 2228 3795 cui
2252 3758 2463 3810 semper
2494 3747 2696 3799 scilicet
2725 3763 2856 3801 onus
2890 3759 3033 3800 tuum
3065 3764 3224 3799 suave
3252 3760 3305 3800 et
3340 3751 3455 3800 leve
3503 3750 3587 3802 sit.
3636 3750 3700 3801 Et

2148 3816 2265 3865 ideo
2303 3831 2391 3881 ego
2435 3818 2617 3867 amodo
2664 3832 2857 3882 semper
2901 3833 2992 3869 ero
3037 3825 3219 3873 tecum.
3264 3819 3384 3885 quia
3428 3834 3699 3880 nuniuain

2145 3897 2267 3955 caro
2298 3900 2381 3936 me
2406 3886 2620 3936 retrahit
2660 3900 2688 3936 a
2722 3889 2986 3938 voluntate
3014 3896 3126 3943 tua.
3174 3885 3235 3937 Et
3268 3890 3459 3939 merito
3491 3901 3702 3955 semper

2145 3966 2235 4005 ero
2260 3952 2455 4017 tecum,
2487 3969 2609 4020 quia
2637 3956 2839 4007 tenuisti
2869 3972 3073 4007 manum
3124 3971 3287 4008 meam
3315 3957 3557 4011 iaciendo
3585 3952 3701 4010 eam

2144 4022 2427 4085 dexteram,
2456 4025 2587 4076 sicut
2622 4038 2780 4091 supra
2810 4028 3003 4077 dictum
3032 4036 3135 4079 est.

2218 4091 2350 4156 Quid
2371 4092 2501 4143 enim
2526 4094 2649 4144 mihi
2679 4103 2751 4155 est
2781 4096 2831 4145 in
2856 4096 2999 4146 calo.
3034 4095 3171 4149 Vere
3201 4096 3415 4148 tandem
3441 4098 3707 4161 suscipies

2144 4175 2228 4231 tne
2256 4175 2374 4211 cum
2400 4162 2560 4227 gloria
2588 4180 2598 4211 :
2626 4178 2742 4213 nam
2774 4165 2894 4228 quid
2918 4175 2989 4214 est
3011 4167 3133 4215 mihi
3169 4176 3409 4231 paratum
3454 4182 3510 4216 ιη
3538 4168 3709 4217 εωοΐ

2146 4228 2331 4295 Utique
2374 4244 2615 4298 magnum
2665 4232 2882 4297 aliquid.
2930 4231 3109 4285 Gloria
3156 4228 3361 4285 scilicet
3412 4236 3525 4291 illa.
3558 4251 3707 4300 quam

2141 4314 2227 4349 nec
2256 4302 2429 4350 oculus
2470 4300 2611 4362 vidit,
2658 4317 2743 4351 nec
2773 4303 2913 4352 auris
2944 4306 3154 4363 audivit,
3198 4311 3243 4353 et
3276 4304 3326 4352 in
3370 4318 3456 4352 cor
3490 4306 3713 4367 hominis

2140 4383 2239 4419 non
2288 4369 2549 4439 ascendit:
2579 4379 2625 4420 et
2666 4378 2838 4421 tamen
2884 4374 3005 4439 quid
3033 4386 3129 4438 ego
3184 4387 3342 4423 tnisi-r
3376 4373 3515 4422 colui
3559 4388 3709 4438 super

505 4441 601 4491 lioc
627 4433 810 4493 eodem
844 4433 977 4491 male
1002 4438 1168 4506 agitur
1198 4454 1316 4491 cum
1341 4442 1485 4505 ipsis,
1529 4433 1648 4509 quia
1681 4451 1753 4504 tu,
1789 4441 2028 4506 Domine,
2065 4433 2113 4492 Ι)
2141 4440 2359 4509 terram?
2394 4437 2581 4509 Utique
2610 4439 2711 4490 vile
2730 4433 2989 4509 quiddam
3019 4456 3032 4491 :
3062 4433 3160 4492 hoc
3191 4451 3364 4492 autem
3402 4447 3580 4506 (quasi
3625 4433 3711 4491 ἰιι-

506 4512 714 4576 posuisti
742 4526 824 4561 eos
854 4509 1002 4561 dolos
1023 4518 1225 4577 propter
1245 4524 1423 4563 eorum
1451 4511 1614 4572 dolos,
1649 4521 1703 4561 ut
1733 4514 2032 4573 praedictum

505 4591 607 4631 est.
639 4581 702 4633 Et
730 4582 777 4632 in
811 4581 909 4631 hoc
956 4582 1174 4646 pbstttsti
1210 4582 1285 4631 eis
1309 4579 1479 4643 dolos,
1512 4583 1633 4646 quia
1674 4580 1893 4646 dejecisti
1925 4599 2029 4645 eos,

508 4649 627 4699 dum
656 4651 1013 4713 allevarentur,
1044 4652 1090 4700 id
1118 4658 1217 4709 est,
1244 4650 1361 4716 quia
1394 4651 1499 4715 ipsa
1530 4666 1709 4702 eorum
1738 4649 1955 4701 elevatio
1985 4654 2032 4701 in

508 4724 724 4770 terrenis
750 4730 828 4771 est
856 4734 1035 4771 eorum
1062 4719 1307 4783 dejectio,
1360 4720 1405 4769 id
1443 4731 1541 4783 est,
1586 4724 1883 4781 dainuatio;
1915 4733 2034 4787 pro-

503 4790 728 4853 aperitas
755 4804 891 4839 entin
923 4794 1200 4839 stultorum
1229 4787 1409 4853 perdet
1439 4804 1550 4841 eos.

577 4858 836 4919 Quomodo
868 4859 984 4922 facti
1009 4867 1123 4909 sunt
1152 4861 1203 4907 in
1234 4858 1608 4907 desolationem.
1642 4858 1774 4920 Hoc,
1800 4858 2034 4921 inquam,

505 4936 660 4978 ntodo
686 4926 907 4992 dejecisti
935 4942 1035 4987 eos,
1065 4942 1180 4990 quia
1213 4930 1330 4994 facti
1360 4937 1472 4976 sunt
1502 4929 1551 4975 in
1578 4928 1957 4985 desolationem,
1986 4929 2033 4979 id

506 5005 608 5059 est,
636 4997 757 5061 quia
790 4993 1097 5059 praecipitati
1126 5008 1268 5057 sunt,
1291 4995 1398 5060 jam
1429 4995 1771 5060 dispositione
1804 4995 1852 5044 in
1883 5004 2038 5045 ii-ter-

506 5082 624 5117 tiam
654 5064 1065 5116 damnationem.
1102 5067 1163 5114 Et
1190 5066 1474 5129 quomodo,
1517 5067 1565 5114 id
1612 5074 1711 5121 est,
1741 5077 1893 5128 quam
1927 5064 2037 5113 inii-

507 5136 685 5201 piiiate
728 5136 827 5185 hoc
869 5134 946 5184 eis
978 5133 1230 5197 contigit:
1265 5141 1318 5185 et
1365 5134 1481 5183 ideo
1523 5136 1641 5186 dico
1673 5136 1788 5182 lactt
1839 5136 2037 5183 suntin

506 5205 911 5263 desolationem,
952 5217 1071 5269 quia
1118 5201 1278 5251 subito
1340 5202 1765 5267 defecerunt,;aiii
1820 5202 2038 5267 disposi-

510 5284 648 5325 tione
691 5276 848 5324 etiain
891 5284 1139 5338 perierunt
1168 5286 1186 5322 .'
1217 5281 1269 5321 et
1312 5271 1411 5321 hoc
1458 5283 1556 5320 ιιοιι
1602 5286 1661 5320 ex
1693 5270 1890 5336 justitia
1935 5279 2037 5334 tua,

510 5346 597 5392 sed
624 5353 824 5409 propter
857 5343 1167 5405 iniquitatem
1206 5340 1455 5392 suamﬁht
1500 5342 1568 5389 ita
1598 5339 1729 5409 dico
1759 5341 2042 5402 defecerunt

510 5421 554 5459 et
601 5408 874 5477 perierunt,
921 5414 1047 5461 velut
1088 5424 1337 5459 somnium
1380 5408 1691 5476 surgentium
1738 5412 1906 5470 periit,
1954 5408 2039 5473 qui

517 5482 636 5531 licet
663 5483 849 5533 multas
878 5481 1088 5532 divitias
1116 5480 1427 5529 dormienda
1467 5479 1881 5537 somniaveram,
1922 5491 2039 5527 sur-

514 5559 693 5613 gentes
716 5560 889 5601 tamen
923 5551 1047 5601 nihil
1078 5548 1349 5598 inveniunt
1377 5550 1426 5597 in
1456 5548 1693 5597 manilius
1725 5558 1851 5595 suis.
1886 5544 1969 5597 Sic
1992 5560 2042 5597 et

516 5618 601 5667 tsii
624 5621 679 5667 in
715 5620 807 5669 hac
841 5618 940 5669 vita
973 5616 1119 5683 quasi
1151 5618 1200 5667 in
1225 5630 1410 5665 somno
1439 5628 1581 5676 sunt,
1613 5629 1731 5667 cum
1767 5627 1890 5663 vero
1929 5623 2041 5663 ιειιι-

512 5694 629 5739 dum
661 5690 724 5738 de
751 5691 847 5739 hoc
897 5703 1081 5738 somno
1126 5688 1411 5738 educentur
1436 5696 1488 5736 et
1533 5685 1871 5754 eVigilabunt,
1913 5685 2039 5734 nitiil

2135 4508 2240 4574 cat)
2269 4507 2495 4575 contigit.
2542 4522 2605 4559 ex
2651 4507 2859 4561 defecm
2914 4526 3031 4563 ineo
3062 4511 3112 4561 in
3142 4510 3313 4562 anima
3367 4524 3425 4563 et
3451 4526 3707 4573 culparis.

2141 4575 2240 4647 l’er
2308 4578 2787 4645 praevaricationem
2855 4595 3079 4647 namque
3137 4580 3261 4632 Adae
3333 4583 3712 4646 ιιιυιιιριῑειιετ

2141 4646 2286 4709 prius
2311 4647 2487 4713 defecit
2536 4662 2652 4699 caro
2695 4664 2804 4699 mea
2843 4660 2887 4701 et
2938 4646 3021 4701 cor
3042 4666 3226 4711 meum,
3281 4653 3326 4699 iit
3376 4662 3483 4709 i-st,
3513 4658 3715 4716 corpus

2139 4728 2309 4765 meum
2337 4729 2390 4767 et
2417 4719 2585 4767 aniuia
2638 4732 2773 4768 mea.
2829 4718 2976 4771 Nunc
3023 4731 3196 4770 autem
3247 4734 3305 4769 es
3368 4718 3509 4769 υςω
3541 4718 3715 4768 cordis

2138 4786 2255 4846 mei,
2286 4793 2389 4837 etc.
2422 4784 2513 4837 Vel
2538 4787 2708 4837 aliter.
2738 4788 2896 4851 Quasi
2926 4787 3063 4839 dicat
3090 4804 3101 4838 :
3126 4789 3275 4838 t'iius
3305 4788 3533 4853 quidem
3584 4787 3717 4838 utite

2138 4853 2384 4915 quiddam
2418 4856 2555 4905 voltti
2584 4870 2741 4919 super
2774 4856 2987 4920 terrain,
3020 4870 3158 4908 nunc
3199 4867 3374 4906 autem
3401 4858 3524 4921 jam
3559 4856 3712 4918 dele

2138 4922 2204 4971 cit
2235 4938 2354 4974 caro
2383 4940 2511 4983 mea,
2542 4934 2586 4975 et
2611 4942 2697 4975 cor
2727 4943 2887 4977 meum
2914 4940 2943 4977 a
2973 4942 3047 4981 se.
3083 4935 3139 4975 ut
3172 4928 3489 4990 proﬁcerent
3546 4924 3603 4974 in
3643 4940 3713 4975 te.

2144 4990 2208 5041 Et
2237 5003 2289 5043 ltt
2325 4991 2459 5043 Deus
2488 5009 2545 5045 es
2590 4995 2756 5046 cordis
2799 4998 2914 5057 mei,
2962 4996 3008 5045 id
3053 5003 3154 5053 est,
3187 5007 3243 5044 es
3271 4994 3357 5043 ille
3401 5008 3575 5058 quem
3624 5009 3719 5045 cor

2141 5075 2310 5112 meum
2334 5064 2500 5129 diligit
2531 5072 2585 5113 ut
2609 5059 2785 5120 Deum.
2811 5075 2856 5114 et
2877 5080 2932 5115 es
2956 5079 3071 5125 pars
3093 5077 3201 5111 mea
3222 5063 3270 5111 in
3296 5073 3580 5113 (sternunt.
3614 5064 3721 5115 εει.

2139 5139 2263 5192 gant
2308 5134 2449 5182 enim
2479 5133 2565 5182 alii
2608 5146 2828 5196 partem,
2859 5146 3012 5198 quam
3047 5132 3212 5183 velint
3243 5131 3294 5183 iii
3347 5133 3587 5193 mundo,
3615 5145 3721 5196 ego

2143 5209 2193 5248 te
2224 5201 2394 5250 solum
2431 5213 2631 5265 partem
2663 5202 3044 5253 haereditariam
3070 5199 3196 5252 inibi
3227 5204 3417 5267 eligam
3450 5202 3510 5253 in
3543 5204 3721 5254 ceto.

2145 5269 2273 5327 Quia
2300 5285 2429 5330 ecce,
2458 5272 2574 5323 ideo
2599 5274 2784 5323 merito
2811 5282 2859 5322 te
2884 5270 3040 5321 Deum
3070 5282 3268 5334 patrem
3296 5285 3557 5335 assumo,
3588 5270 3720 5334 quia

2142 5351 2323 5390 omnes
2352 5341 2424 5390 illi
2453 5345 2704 5407 peribunt,
2748 5341 2833 5407 qui
2875 5344 3105 5407 elongant
3132 5356 3185 5390 se
3211 5356 3240 5390 η
3268 5352 3337 5400 te,
3383 5340 3439 5392 id
3465 5352 3590 5395 εει.
3628 5350 3720 5403 (Iul

2145 5421 2245 5455 non
2285 5415 2333 5458 te
2364 5425 2565 5473 partem
2611 5418 2899 5459 assumunt.
2932 5408 2992 5461 Et
3029 5423 3149 5460 tere
3192 5412 3451 5473 peribunt,
3487 5423 3631 5475 quia
3668 5417 3721 5457 ta

2139 5475 2248 5537 jam
2284 5480 2543 5542 perdidisti
2575 5478 2917 5543 dispositione
2944 5494 3152 5548 omnem
3188 5481 3358 5541 illum,
3400 5479 3495 5545 qui
3534 5478 3718 5548 [οηιιτ

2144 5553 2291 5595 eatur
2323 5549 2617 5599 recedendo
2656 5548 2749 5597 abs
2779 5559 2847 5597 te.
2900 5547 2967 5597 Illi
3012 5550 3335 5598 lornicatitur
3368 5563 3397 5598 θ
3448 5550 3599 5603 Deo.
3627 5547 3720 5610 qui

2146 5614 2313 5683 ipsum
2358 5630 2458 5667 non
2491 5626 2633 5667 caste
2662 5618 2860 5677 colunt,
2912 5616 3027 5679 quia
3058 5633 3158 5667 uoti
3192 5626 3411 5683 propter
3439 5630 3727 5683 δεδι-ειη..

2145 5681 2236 5735 sed
2266 5694 2473 5750 prOpter
2503 5686 2638 5738 aliud
2672 5701 2790 5739 eum
2823 5694 3019 5737 colunt.
