3898 6226
187 389 282 446 87S

880 390 943 444 IN
984 389 1389 446 ΡδΑιιιοιιιιιι
1433 388 1686 446 LIBRUM
1729 385 2153 442 EXEGESIS.—
2175 385 2414 441 I‘SALII.
2459 383 2688 440 LXXIII.

3295 391 3396 444 874

253 505 380 558 Mihi
400 515 566 557 autem
597 503 857 557 adnuere
882 501 986 557 Deo
1012 503 1194 556 bonum
1218 511 1311 556 est.
1347 501 1686 572 Fornicantes
1717 541 1730 563 ,
1769 501 1809 560 Α
1842 497 2010 572 sione.
2043 499 2172 551 Cum
2217 498 2355 572 enim
2402 497 2477 572 sic
2497 495 2914 572 tribulabantur,
2947 505 3027 550 tot
3061 498 3217 552 millia
3247 503 3386 555 occi-
3455 563 3458 572 ,

181 577 416 641 inquam,
441 578 536 629 abs
568 586 616 627 te
646 574 944 642 perdidisti,
974 588 1058 628 me
1080 583 1254 627 autem
1286 586 1387 626 non
1417 571 1729 642 perdidisti:

181 649 300 710 quia
331 640 430 711 ego
462 661 565 696 non
604 640 892 698 fornicatus
937 659 1053 696 sum
1089 645 1181 695 abs
1215 652 1284 694 te.
1319 642 1576 706 Quoniam
1605 640 1737 692 mihi

179 725 252 767 est
293 716 497 775 bonum,
532 715 579 766 id
630 723 733 776 est,
781 712 905 765 mihi
937 713 1146 765 videtur
1173 713 1300 762 utile
1339 722 1393 766 et
1417 711 1729 778 jucundum,

184 786 390 838 tandem
433 785 524 836 tibi
585 783 687 835 Deo
717 783 994 835 atlltwrere.
1048 782 1112 834 Et
1158 791 1213 832 ut
1259 790 1381 833 tunc
1409 781 1731 840 adhaeream,

182 869 318 920 pono
339 870 477 906 nuut-
509 854 716 906 interitu
747 867 892 917 spem
927 866 1095 904 meam
1126 850 1174 903 in
1195 862 1242 901 te
1273 851 1494 902 Domino
1524 850 1737 901 redem-

184 935 350 984 ptore,
385 933 439 975 et
469 923 576 976 Deo
603 932 842 976 creatore
874 939 885 972 :
913 922 980 974 ita
1006 930 1056 972 ut
1086 923 1378 972 annuntiem
1409 935 1578 971 omnes
1606 933 1740 984 pra:-

181 994 456 1045 dicctiones
480 1003 610 1053 tuas,
646 991 695 1046 id
725 1001 826 1053 est,
867 1005 1051 1044 omnes
1083 992 1429 1048 laudationes,
1462 989 1652 1056 quibus
1681 998 1736 1040 tu

179 1078 237 1113 es
267 1062 656 1128 przcdicandns,
705 1064 1027 1123 annuntiem,
1063 1058 1180 1112 dico
1211 1060 1336 1111 Sion
1365 1060 1507 1126 ﬁlice,
1554 1058 1604 1110 id
1634 1066 1740 1128 est.

182 1126 460 1188 reclusum.
507 1133 626 1197 quia
659 1140 803 1184 extra
841 1130 1128 1183 Ecclesiam
1160 1144 1261 1181 non
1307 1138 1389 1180 est
1421 1131 1566 1180 locus
1598 1126 1744 1180 vera:

180 1201 590 1264 praedicationis,
618 1216 734 1267 qua:
761 1201 989 1252 Ecclesia
1025 1211 1236 1266 propter
1270 1199 1516 1249 virtutum
1571 1211 1744 1248 orna-

177 1282 378 1333 menta,
440 1281 490 1323 et
543 1272 764 1322 filiorum
799 1270 1170 1321 fecunditatem
1213 1268 1333 1320 ﬁlia:
1374 1276 1742 1332 comparatur,

175 1348 234 1392 et
260 1339 363 1393 hoc
389 1341 438 1391 in
469 1342 643 1408 portis,
679 1340 725 1392 id
759 1349 858 1402 est,
893 1340 942 1389 in
972 1338 1201 1406 publico,
1236 1339 1315 1390 vel
1352 1338 1404 1389 in
1438 1337 1743 1389 virtutibus.

617 1450 680 1502 IN
722 1446 1041 1502 PSALMUM
1085 1446 1314 1501 LXXIII.

687 1561 987 1614 Intellectus
1017 1559 1211 1627 Asaplt.

772 1666 1148 1704 ARGUMENTUH.

251 1741 682 1796 Slachabmorum
731 1751 786 1794 et
835 1740 1068 1809 pericula
1111 1746 1415 1804 narrantur,
1469 1751 1520 1793 et
1569 1755 1751 1807 preces

172 1821 592 1866 ειπιιιεοιιιιιιυτ.

791 1917 1148 1957 εχινιΑΝΑτιο.

255 1995 384 2048 Ideo
426 1993 707 2047 intellectus
751 1994 802 2044 in
834 1994 978 2045 titulo
1007 2001 1340 2057 prtenotatur,
1389 1993 1516 2062 quia
1552 1991 1746 2056 duplex

171 2067 446 2130 captivitas
488 2065 709 2130 sequitur
753 2063 1030 2126 corporalis
1075 2071 1120 2114 et
1159 2061 1429 2130 spiritalis.
1479 2061 1591 2116 Una
1635 2076 1746 2127 qua:

174 2133 370 2203 templo
407 2137 660 2186 destructo
697 2135 747 2184 in
780 2131 1112 2203 Babyloniam
1137 2133 1299 2194 duxit,
1325 2134 1486 2203 altera
1507 2146 1619 2200 qua
1645 2132 1747 2203 [ille

168 2201 418 2256 subuersa
459 2218 685 2255 errarunt
731 2202 1025 2269 confusione
1061 2203 1371 2270 subjugavit.
1429 2201 1579 2253 Hunc
1608 2202 1746 2268 psal-

174 2290 323 2325 mum
361 2272 698 2341 Hieronymus
744 2283 919 2341 contra
966 2271 1231 2324 Cltaldwos
1279 2281 1537 2323 cantatum
1580 2281 1744 2341 putat,

174 2342 518 2395 Cassiodorus
558 2339 742 2393 contra
784 2340 1058 2403 Romanos,
1089 2341 1338 2393 Arnobius
1377 2350 1548 2392 contra
1582 2339 1746 2390 Phili-

174 2413 342 2474 stiim,
375 2413 576 2478 quando
603 2411 772 2477 Opimi
794 2423 839 2462 et
868 2412 1080 2462 Pltinecs
1101 2410 1439 2462 sacerdotibus
1471 2410 1746 2476 interfertis

172 2499 303 2534 arca
362 2477 452 2534 Dei
495 2492 643 2549 capta
685 2490 774 2533 est.
845 2479 1118 2547 Synagoga
1168 2496 1256 2547 per
1306 2488 1460 2530 totum
1518 2477 1745 2541 loquitur

170 2557 457 2620 psalmum.
489 2550 550 2602 In
599 2552 759 2616 prima
789 2554 1001 2601 sectione
1024 2551 1293 2620 deplorat,
1322 2566 1410 2599 cur
1435 2551 1606 2599 traditi
1630 2552 1741 2616 fue-

173 2617 284 2673 rint
310 2624 558 2690 gmttbus,
584 2623 654 2670 ita
681 2621 1024 2670 sanetu.=rium
1056 2617 1259 2670 Domini
1281 2619 1601 2690 inim-corum
1624 2633 1745 2684 pro-

174 2688 408 2756 [anniset
455 2691 700 2749 audacia,
756 2704 1037 2740 memorans
1069 2688 1743 2755 quorumdam'Juda'm'um

169 2776 266 2811 cor
297 2762 632 2821 impaenitens,
675 2759 873 2810 Domini
902 2774 1196 2826 provocasse
1234 2773 1511 2824 censuram,
1542 2774 1602 2810 ea:
1629 2759 1741 2822 qui-

169 2831 271 2881 bus
318 2839 482 2881 tamen
512 2833 560 2878 in
583 2831 683 2895 [ine
714 2830 883 2880 δαιτυιὶ
914 2828 1274 2879 ronrertendos
1316 2843 1421 2880 esse
1449 2827 1737 2896 prapltetat.

170 2901 425 2951 Secunda
451 2901 568 2950 dicit
598 2900 810 2950 adventu
847 2898 1030 2948 Christi
1075 2898 1452 2963 superstitiones
1484 2907 1527 2949 et
1556 2898 1741 2964 iniqui-

169 2977 308 3019 tates
355 2967 615 3020 hominum
662 2969 817 3030 fuisse
864 2969 1164 3025 destructas,
1213 2982 1513 3018 enumerans
1548 2968 1742 3018 diversa

168 3054 295 3089 eum
328 3040 502 3104 fecisse
531 3039 809 3104 magna/ia,
843 3039 968 3087 inter
987 3051 1099 3104 qua:
1125 3036 1245 3103 petit
1275 3046 1320 3087 et
1347 3035 1542 3087 .Iudtcis
1568 3051 1742 3087 erran-

168 3110 310 3158 tibus
341 3109 608 3158 subveniri.
640 3106 806 3158 Tertia
851 3116 1012 3172 rogat,
1046 3115 1098 3157 ut
1135 3122 1322 3156 memor
1353 3107 1740 3173 promissionum

166 3192 392 3228 suarum
419 3178 480 3227 ab
504 3178 704 3227 interitu
745 3191 912 3229 semen
940 3176 1117 3239 eripiat
1143 3177 1376 3237 Abralttc,
1403 3186 1447 3227 et
1483 3174 1549 3225 ad
1578 3176 1742 3240 ipsum
1770 3179 1816 3240 ο

165 3251 423 3300 ascendat
454 3248 683 3315 superbia
710 3245 948 3308 hostium,
989 3245 1074 3312 qui
1104 3262 1154 3296 se
1184 3247 1396 3297 inaniter
1435 3245 1734 3298 extulerunt.

752 3350 1176 3390 CHSHIENTARIUS.

252 3425 322 3478 Ut
353 3424 477 3491 quid
512 3424 641 3496 Deus
673 3425 899 3492 repuliin
930 3426 981 3477 in
1005 3424 1204 3496 ﬁnem?
1237 3424 1532 3496 Intelligens
1563 3425 1738 3494 Asaph

165 3494 421 3563 loquitur
454 3497 501 3546 in
534 3494 631 3545 hoc
677 3499 897 3560 psalmo,
941 3510 1058 3561 quia
1089 3503 1144 3546 ut
1168 3493 1276 3561 jam
1308 3493 1447 3563 saepe
1488 3493 1736 3562 diximus,

167 3564 483 3633 pbrcnetic:
539 3563 704 3615 Judazi
742 3578 845 3614 non
887 3579 1056 3630 cogno
1087 3576 1265 3616 centes
1316 3574 1521 3631 tempus
1559 3567 1741 3619 visita-

167 3632 370 3695 tionis,
406 3643 459 3685 et
490 3635 732 3686 timentes
775 3635 994 3701 perdere
1038 3632 1185 3693 illud.
1220 3634 1358 3698 quod
1405 3646 1738 3701 acceperant,

166 3704 498 3758 occiderunt
541 3701 708 3764 illum,
753 3703 838 3768 qui
883 3700 1122 3754 dederat.
1156 3702 1258 3754 Sed
1288 3701 1412 3768 quid
1441 3700 1633 3756 Iactuttt
1663 3718 1742 3757 est

166 3775 299 3826 eis?
327 3772 676 3826 Perdiderunt
705 3781 859 3824 cttaut
887 3781 1115 3832 terrena,
1143 3785 1190 3824 et
1220 3774 1305 3823 ubi
1337 3774 1503 3838 ipsum
1532 3772 1740 3827 occide-

166 3854 330 3903 runt,
380 3846 446 3894 thi
497 3844 589 3907 ipsi
635 3845 791 3895 oecisi
840 3852 987 3906 sunt.
1041 3844 1102 3893 lit
1149 3841 1394 3908 quoniam
1441 3852 1740 3896 metuentes

171 3913 417 3981 perdere
470 3924 681 3975 terram,
713 3910 944 3964 datofem
990 3913 1106 3963 vita:
1147 3911 1409 3973 occidunt,
1447 3912 1567 3964 ideo
1596 3928 1740 3965 eam-

173 3986 315 4037 dem
351 3993 544 4035 terram
598 3983 756 4034 occisi
788 3981 1148 4046 perdiderunt.
1202 3981 1264 4033 Et
1313 3983 1362 4033 in
1395 3983 1579 4034 eodem
1613 3995 1740 4034 tem-

173 4067 319 4118 pore
349 4067 454 4118 quo
485 4053 652 4117 ipsum
679 4050 1004 4111 occiderunt,
1039 4060 1094 4101 nt
1133 4064 1200 4103 ex
1238 4051 1350 4117 ipso
1384 4062 1620 4117 tempore
1642 4053 1733 4105 ad-

172 4130 564 4181 monerentur,
598 4135 689 4173 cur
721 4121 838 4170 talia
872 4129 1192 4186 paterentur.
1225 4123 1443 4182 Quando
1490 4124 1627 4172 enim
1667 4126 1741 4173 ci-

167 4192 324 4243 vitas
368 4189 666 4242 .Iudmorum
698 4203 949 4241 conversa
999 4199 1102 4250 est,
1144 4193 1332 4254 pascha
1375 4190 1732 4247 celebrabant.

172 4270 236 4314 et
274 4261 329 4311 in
363 4261 541 4312 multis
565 4259 794 4311 millibus
827 4267 932 4310 tota
963 4259 1046 4310 illa
1069 4274 1196 4323 gens
1217 4259 1281 4310 ad
1310 4259 1463 4324 hujus
1491 4271 1742 4312 venerant

172 4329 500 4383 festivitatis
523 4329 950 4382 celebrationem.
985 4329 1084 4381 Ubi
1130 4329 1263 4381 Deus
1295 4344 1385 4395 per
1416 4344 1518 4380 non
1555 4333 1738 4393 Itonos,

171 4405 306 4466 ipse
337 4409 512 4452 tamen
541 4400 703 4452 bonus
733 4417 742 4449 :
772 4413 860 4464 per
883 4414 983 4450 non
1007 4399 1193 4464 justos,
1220 4402 1329 4465 ipse
1355 4411 1524 4449 tamen
1547 4403 1738 4464 justus,

168 4481 232 4522 et
269 4471 416 4536 juste
447 4470 517 4520 ita
545 4468 830 4521 vindicavit
876 4470 924 4521 in
968 4483 1081 4531 eos,
1116 4478 1169 4520 ιιι
1220 4470 1377 4519 multa
1424 4471 1580 4519 millia
1614 4473 1744 4535 peri-

1841 567 2120 628 dehaotnr,
2155 577 2228 620 tot
2249 569 2299 620 in
2321 568 2673 633 captivitatem
2699 567 3044 627 ducebantur,
3078 583 3196 622 vere
3226 572 3290 624 ab
3323 587 3388 624 eo

1842 639 2035 703 repulsi
2089 637 2415 690 videbantur.
2474 635 2885 710 thuid_dico,
2938 637 3101 710 iratus
3132 647 3208 710 est
3250 643 3393 710 [uror

1842 715 1956 758 tuus
1987 723 2138 770 super
2166 722 2275 759 oves
2298 721 2498 770 pascua!
2528 715 2648 778 tuae,
2681 704 2727 778 id
2756 714 2856 778 est,
2907 719 3063 772 super
3092 707 3224 771 illos,
3250 704 3394 778 'quos

1843 785 1896 826 tu
1927 777 2128 839 eli-gisti
2163 778 2324 838 prius,
2364 784 2417 828 et
2457 777 2641 842 pavisti
2694 776 2945 840 legalibus
2985 786 3038 830 et
3067 776 3391 842 propheticis

1842 846 2070 909 scriptis,
2104 845 2236 898 sicut
2274 846 2389 911 pius
2428 855 2606 912 pastor
2654 859 2777 896 oves
2806 858 2923 914 suas
2957 848 3120 911 pascit
3147 846 3170 897 ’ἶ
3209 848 3389 914 Certe,

1843 917 1992 980 quasi
2032 914 2170 967 dicat
2197 932 2208 964 :
2237 915 2356 967 ideo
2399 915 2656 981 repulisti,
2709 923 2763 967 et
2807 913 2924 965 ideo
2952 917 3114 966 iratus
3140 930 3196 968 es
3227 935 3238 968 :
3265 913 3385 983 quia

1844 999 1940 1037 nos
1968 986 2189 1038 terrenis
2216 984 2622 1045 intuerebamus.
2655 995 2705 1037 et
2728 995 2778 1036 te
2802 993 3063 1048 pastorem
3100 1000 3200 1037 non
3230 1002 3388 1054 agno-

1843 1055 1997 1108 sceha
2007 1070 2139 1107 mus.

1917 1122 2112 1176 Memor
2135 1133 2240 1176 esto
2269 1123 2663 1190 congregationis
2688 1132 2804 1175 tute.
2848 1122 3004 1187 Quasi
3035 1124 3176 1177 dicat
3203 1143 3215 1177 :
3245 1127 3308 1179 Et
3338 1137 3392 1179 ιιι

1846 1208 1947 1244 non
1979 1195 2205 1259 repellas
2235 1193 2286 1246 in
2320 1193 2496 1254 ﬁnem,
2529 1207 2714 1246 memor
2737 1202 2839 1244 esto
2869 1196 3269 1263 congregationis
3297 1208 3395 1250 tua:

1845 1262 1906 1314 ab
1932 1263 2100 1325 initio,
2130 1263 2177 1315 id
2217 1271 2318 1324 est,
2351 1264 2447 1315 etsi
2488 1264 2568 1314 isti
2600 1263 2792 1329 indigni
2822 1264 2945 1324 sint,
2979 1273 3033 1314 ut
3057 1262 3241 1318 eorum
3284 1283 3395 1320 tne-

1848 1349 1960 1384 mor
1986 1334 2080 1388 sis.
2114 1347 2317 1383 memor
2344 1341 2473 1402 esto
2503 1334 2688 1384 saltent
2707 1332 3007 1402 "Abraham,
3049 1349 3203 1402 quem
3249 1339 3394 1401 prius

1849 1402 2082 1455 liberasti
2120 1400 2392 1454 educendo
2422 1402 2488 1453 de
2518 1403 2645 1453 urbe
2693 1400 3084 1466 Chaldaeorum,
3117 1420 3142 1454 a
3187 1400 3288 1471 quo
3314 1422 3398 1471 po-

1849 1476 2002 1537 putns
2041 1472 2158 1535 iste,
2206 1485 2360 1538 quem
2394 1471 2721 1537 congregasti
2773 1482 2825 1522 et
2855 1473 3084 1535 elegisti,
3116 1477 3397 1528 carnaliter

1852 1541 2126 1604 processit,
2175 1549 2233 1592 ut
2274 1555 2368 1607 per
2405 1539 2575 1606 ipsum
2614 1540 2892 1606 aliquando
2942 1541 3149 1595 liberes.
3203 1542 3396 1596 Memor

1851 1621 1974 1668 esto,
1998 1613 2133 1675 dico,
2155 1612 2554 1678 congregationis
2578 1619 2697 1670 tute,
2721 1625 2868 1675 quant
2891 1619 2945 1660 ιιι
2974 1613 3236 1678 possedisti
3266 1616 3401 1667 inter

1850 1683 1980 1731 alias
2011 1692 2210 1745 gentes,
2240 1680 2411 1730 dando
2433 1683 2479 1731 ci
2506 1680 2668 1746 legem
2708 1690 2765 1732 et
2796 1691 3078 1744 przecepta.
3114 1681 3223 1734 Non
3256 1684 3394 1735 enim

1853 1749 1929 1800 sic
1957 1753 2095 1800 omni
2128 1749 2326 1800 nationi
2365 1749 2547 1801 iecisti.
2585 1749 2680 1801 Per
2703 1748 2815 1819 hoc
2846 1751 2964 1816 quia
2997 1750 3119 1802 dicit
3148 1751 3399 1819 :Congre-

1857 1819 2212 1884 gationistnaz.
2258 1828 2309 1871 et
2334 1834 2484 1884 quam
2514 1817 2809 1885 possedisti,
2855 1821 3072 1870 attrahit
3113 1822 3211 1872 sibi
3255 1817 3400 1875 aitdi-

1859 1900 2024 1940 torcm
2059 1889 2333 1954 populum,
2376 1888 2578 1939 scilicet
2607 1888 2771 1952 illum,
2801 1888 2881 1939 cni
2912 1888 3161 1954 loquitur,
3193 1899 3247 1943 et
3272 1906 3397 1944 cnu-

1849 1967 2017 2009 merat
2047 1958 2130 2010 hic
2160 1959 2303 2024 plura
2351 1956 2439 2009 Dei
2473 1957 2725 2009 hcnclit-ia
2754 1957 2900 2023 prius
2931 1957 3001 2010 illi
3038 1961 3231 2024 pepulo
3271 1976 3398 2014 con-

1845 2042 2017 2087 cessa.
2051 2036 2108 2079 ut
2135 2041 2226 2093 per
2255 2026 2354 2078 hoc
2402 2027 2612 2079 inducat
2653 2040 2774 2079 eum
2815 2027 2879 2079 ad
2926 2027 3026 2080 alia
3056 2029 3398 2084 conterenda.

1906 2098 2195 2149 ‘liedemisti
2237 2099 2428 2162 virgam
2457 2095 2766 2148 hazreditatis
2796 2107 2915 2148 tute.
2952 2097 3069 2150 Ideo
3105 2100 3258 2151 etiam
3292 2114 3400 2153 tne-

1847 2181 1961 2218 tnor
1993 2182 2111 2220 esse
2133 2166 2296 2220 debes
2321 2167 2742 2234 congregatioois
2769 2176 2891 2227 tute,
2917 2166 3037 2233 quia
3070 2177 3121 2221 tu
3147 2170 3398 2222 redemisti

1846 2238 2034 2310 virgam
2070 2237 2375 2310 [nereditatn
2407 2247 2523 2310 tute,
2558 2235 2606 2287 id
2639 2247 2736 2310 est.
2774 2246 2824 2288 tu
2855 2236 3087 2290 liberasti
3119 2240 3183 2291 de
3230 2239 3395 2310 Δίες-

1848 2307 2013 2377 ptiaca
2045 2308 2297 2362 servitute
2335 2307 2466 2377 hanc
2495 2303 2851 2358 haarcditatem
2886 2315 3026 2377 tuam
3057 2322 3144 2372 per
3173 2303 3394 2377 virgam,

1844 2375 1895 2449 id
1935 2387 2048 2440 est;
2077 2391 2168 2449 per
2199 2378 2357 2449 multa
2400 2374 2654 2449 miracula
2679 2378 2807 2428 tacta
2837 2391 2883 2449 a_
2913 2375 3088 2444 Moy~e
3143 2378 3194 2430 in
3227 2374 3390 2449 virga.

1847 2445 2011 2517 Ilahet
2047 2448 2185 2499 enim
2238 2444 2472 2505 histeria,
2517 2445 2655 2517 quod
2689 2460 2807 2496 cum
2840 2445 3042 2517 Moyses
3082 2457 3224 2500 esset
3262 2444 3394 2517 apud

1845 2514 2027 2567 Jetbro
2056 2529 2299 2568 socerum
2328 2528 2500 2576 suum,
2527 2513 2779 2565 Dominus
2805 2516 3047 2581 apparuit
3071 2519 3140 2582 ei,
3181 2528 3234 2571 et
3266 2513 3397 2582 [iraa—

1845 2589 1986 2650 cepit
2014 2585 2082 2647 ci,
2117 2594 2174 2637 ut
2221 2585 2417 2637 rediret
2447 2585 2496 2634 iu
2525 2583 2831 2652 [Egyptunu
2865 2596 2915 2636 et
2963 2590 3238 2640 reduceret
3281 2591 3400 2642 inde

1846 2657 2093 2721 populum
2124 2670 2296 2707 suum.
2329 2653 2422 2705 Cttl
2453 2652 2730 2714 dubitanti,
2759 2670 2823 2705 an
2859 2669 2949 2720 per
2976 2669 3094 2707 eum
3128 2657 3236 2709 tieri
3272 2673 3394 2724 pos-

1847 2735 1945 2785 set,
1983 2725 2124 2776 dedit
2147 2727 2192 2776 ei
2227 2724 2477 2776 Dominus
2505 2723 2602 2775 hoc
2632 2725 2858 2789 signum,
2895 2727 3242 2792 put-cepitque
3268 2723 3314 2779 ci
3343 2740 3397 2781 ut

1847 2795 2061 2859 virgam,
2110 2808 2263 2861 quam
2313 2807 2469 2845 manu
2519 2793 2748 2854 tenebat,
2805 2796 2852 2844 in
2886 2805 3022 2845 terra
3075 2796 3394 2860 proliceret:

1845 2865 2090 2930 projecit,
2115 2872 2167 2915 ct
2195 2865 2245 2915 in
2273 2864 2543 2915 coluhrmn
2573 2877 2720 2915 versa
2742 2871 2837 2916 est.
2865 2864 3097 2931 Cumque
3127 2866 3212 2918 ille
3235 2881 3398 2932 expa-

1846 2938 2028 2996 visset,
2061 2935 2307 3000 prtecepit
2337 2935 2383 2985 ei
2421 2932 2692 2992 Dominus,
2726 2943 2780 2985 nt
2808 2947 3103 2998 Serpentem
3152 2952 3241 2997 per
3272 2953 3399 2987 cnt-

1843 3003 1962 3054 dam
1998 3012 2228 3067 eaperet.
2263 3001 2431 3068 Cepit,
2480 3011 2533 3054 et
2579 3019 2698 3055 mox
2752 3006 2894 3069 virga
2929 3009 2975 3053 in
3007 3017 3064 3055 se
3114 3007 3284 3060 rediit.
3335 3005 3396 3058 Et

1845 3086 1935 3138 per
1961 3073 2094 3123 hanc
2125 3072 2322 3137 virgam
2356 3073 2686 3136 po~ttnodutn
2722 3073 2839 3125 Iecn
2867 3073 3073 3140 Moyses
3106 3074 3186 3125 illa
3218 3079 3396 3128 omnia

1847 3141 2017 3208 signa,
2044 3142 2234 3212 quibus
2266 3141 2587 3212 Israeliticus
2615 3144 2834 3208 populus
2857 3146 2920 3194 de
2956 3144 3256 3212 xligyptiaca
3289 3162 3401 3202 scr--

1849 3212 2008 3283 vitute
2057 3219 2140 3264 est
2170 3211 2410 3283 eductus.
2451 3209 2832 3280 Desigttaltatut‘
2860 3209 3167 3281 anteui'per
3200 3217 3398 3283 virgam

1846 3281 1897 3334 in
1931 3293 2177 3348 serpente
2207 3281 2448 3332 Christus
2491 3283 2539 3332 ιιι
2590 3293 2779 3344 morte,
2811 3284 2946 3350 quod
2980 3286 3215 3347 Apostoli
3258 3281 3398 3340 catt-

1846 3360 2093 3404 mtteruttt
2121 3367 2264 3417 :quta
2292 3353 2528 3403 videntes
2557 3366 2676 3404 cum
2710 3367 2970 3403 tuortuutn
2996 3355 3262 3406 tlubtt'tVet
3281 3368 3393 3410 unt.

1844 3422 1936 3474 sed
1985 3421 2233 3472 Dominus
2285 3423 2531 3487 princepit
2577 3423 2653 3473 eis
2683 3431 2735 3473 ut
2774 3422 2992 3473 caudam
3040 3435 3314 3488 Capcrcnt,
3350 3428 3397 3478 id

1845 3501 1945 3552 est,
1977 3505 2078 3542 non
2111 3499 2353 3546 mortem,
2390 3491 2480 3543 sed
2515 3491 2660 3553 illud,
2689 3493 2825 3558 quod
2857 3495 3193 3558 sequebatur,
3223 3497 3269 3545 id
3299 3507 3398 3558 est,

1846 3562 2286 3614 resurrectionem
2321 3558 2735 3623 considerarent,
2769 3571 2819 3612 ct
2848 3561 2925 3612 sic
2971 3563 3116 3614 liberi
3162 3580 3187 3612 a
3219 3567 3405 3618 liIII-‘J'C

1845 3644 2043 3684 essent.
2078 3631 2253 3683 Potest
2293 3629 2449 3681 etiam
2482 3644 2574 3697 per
2613 3631 2805 3681 [losum
2852 3641 3108 3695 scrpenhs
3139 3634 3404 3699 designari

1847 3702 2018 3752 ﬂuxus
2037 3710 2228 3753 nostra:
2259 3698 2591 3770 mortalitatis
2623 3717 2633 3750 :
2663 3716 2813 3764 quem
2844 3714 2907 3752 ne
2940 3717 3033 3752 nos
3070 3698 3403 3770 timeremus,

1847 3774 2096 3841 praecepit
2124 3771 2372 3822 Dominus
2393 3767 2559 3841 Moysi
2584 3778 2802 3822 ςςιιιιιειιιι
2833 3784 3045 3836 capere,
3071 3772 3117 3822 id
3143 3784 3243 3836 est,
3273 3767 3404 3841 prai-

1846 3840 1982 3904 cepit
2010 3841 2158 3892 nobis
2184 3854 2391 3906 semper
2418 3840 2573 3891 tinent
2609 3844 2751 3891 illum
2785 3842 3073 3905 attendere,
3110 3840 3319 3907 quin-to
3348 3844 3402 3896 iu

1844 3910 2368 3981 cmitestetnhibitum
2401 3913 2732 3981 commutati,
2767 3913 2992 3981 mqualcs
3015 3915 3214 3964 erimus
3243 3928 3405 3981 ange-

1846 3979 1907 4030 lis
1939 3981 2049 4033 Dei.
2084 3977 2176 4031 Vel
2207 3980 2395 4032 aliter:
2422 3976 2695 4030 Redemisti
2721 3983 2911 4046 virgam
2941 3979 3246 4035 iitUl'CdUllliS
3282 3976 3401 4046 uite.
3437 3988 3440 3989 ⁷

1845 4049 1895 4101 id
1929 4061 2028 4113 est,
2063 4048 2294 4102 Iiberasti
2327 4049 2391 4101 de
2435 4052 2689 4102 servitute
2715 4049 2847 4103 hanc
2879 4050 3235 4104 tiazt-editatem
3261 4063 3401 4108 tuam

1845 4121 2004 4188 virga:
2027 4119 2456 4184 comparabilem,
2486 4120 2686 4172 scilicet
2708 4123 2829 4188 quin
2857 4130 3016 4171 tuuita
3045 4124 3295 4175 miracula
3329 4127 3405 4178 le-

1844 4193 1957 4242 cistt
1992 4203 2082 4255 per
2112 4202 2250 4249 eam,
2282 4189 2418 4240 sicut
2462 4188 2666 4256 Moyses
2707 4203 2800 4257 per
2831 4190 3030 4253 virgam
3081 4192 3402 4253 praidictatn.

1850 4259 1940 4311 Vel
1990 4257 2258 4310 redemisti
2305 4270 2418 4309 eum
2451 4260 2514 4309 ad
2565 4260 2684 4324 hoc,
2721 4268 2775 4310 ut
2806 4269 2945 4311 esset
2985 4260 3075 4312 tibi
3122 4262 3403 4316 Inc-reditas

1845 4338 2144 4381 mensm-ata
2170 4329 2334 4394 virga,
2363 4329 2409 4379 id
2438 4338 2537 4388 est,
2568 4331 2779 4396 proprie
2803 4329 2943 4393 prius
2976 4330 3276 4383 haereditas.
3312 4333 3402 4385 Vel

1847 4408 1903 4449 ut
1936 4407 2077 4450 esset
2106 4396 2196 4448 tibi
2229 4398 2372 4464 virga
2404 4398 2744 4462 haereditatis,
2777 4400 2826 4451 id
2856 4410 2954 4461 est,
2999 4403 3193 4451 directa
3228 4406 3397 4452 luere-

1846 4469 2000 4519 ditas.
2050 4468 2263 4519 Ponitur
2309 4468 2448 4535 enim
2502 4471 2646 4533 virga
2696 4484 2786 4535 pro
2814 4469 3124 4523 diI't‘CIIOlle.
3182 4468 3242 4520 Et
3274 4470 3391 4535 quia

169 4527 490 4601 merentur,
531 4549 584 4590 et
625 4540 808 4592 civitas
848 4527 1192 4592 everteretur.
1228 4538 1335 4590 lloc
1369 4539 1565 4607 plangit
1593 4527 1741 4589 iittel-
1774 4531 1815 4586 D
1846 4535 2133 4589 secundum
2205 4541 2330 4607 has,
2364 4527 2495 4588 duas
2557 4527 2765 4590 ιιίιὶιιὶῃε
2839 4540 3125 4590 sententias
3196 4527 3404 4593 videtur

172 4612 365 4662 lectus
407 4607 580 4674 Asaph
607 4609 657 4659 in
691 4609 790 4660 hoc
813 4613 1031 4675 psalmo,
1062 4618 1115 4661 et
1140 4609 1190 4660 in
1225 4611 1336 4674 ipso
1366 4610 1570 4673 planctu
1606 4611 1746 4660 velut

171 4679 521 4740 intellectus,
582 4679 630 4729 id
681 4688 781 4739 est,
829 4678 1127 4742 intelligens
1167 4677 1418 4730 discernit.
1467 4689 1670 4729 tertena
1717 4697 1742 4728 a

167 4748 524 4808 omlestibm,
581 4761 778 4798 novaa
833 4747 1117 4807 veteribus,
1173 4755 1229 4798 ut
1274 4748 1431 4810 scias,
1487 4761 1578 4814 per
1628 4763 1746 4810 qua:

173 4829 463 4877 transeas,
495 4815 615 4880 quid
647 4824 942 4880 exspectes,
976 4815 1096 4882 quid
1130 4820 1415 4879 relinquas,
1445 4817 1635 4883 quibus
1668 4819 1745 4869 in-

172 4888 428 4940 Itxreas.
464 4887 712 4952 Loquitur
739 4895 912 4937 autem
944 4889 1192 4951 propheta
1226 4885 1275 4936 iu
1311 4890 1408 4937 hoc
1444 4889 1664 4949 psalmo,
1692 4897 1745 4938 ut

171 4954 407 5022 Asaph,
441 4955 488 5005 id
529 4966 629 5017 est,
673 4965 727 5006 ut
771 4969 1116 5022 congregans,
1167 4956 1368 5006 scilicet
1413 4967 1463 5006 ut
1511 4957 1641 5006 alios
1681 4957 1747 5009 de

173 5040 400 5094 pOptteo
427 5027 514 5076 ιιιο
538 5038 778 5092 aggreget
802 5025 897 5076 SIIN
932 5025 979 5074 io
1013 5025 1110 5076 hoc
1134 5023 1421 5086 intellectu,
1462 5035 1515 5075 ιιι
1545 5025 1746 5077 discer-

175 5105 288 5146 nat
337 5103 544 5146 tt-rreua
601 5111 628 5144 a
680 5095 1004 5157 cmlostibus,
1056 5104 1106 5144 et
1155 5103 1356 5145 tetrena
1412 5103 1744 5158 pestpouant,

175 5164 510 5216 C(BICSUDUS
539 5163 847 5216 inlncreant.
901 5168 962 5215 Et
1008 5163 1246 5228 deplorat
1297 5165 1378 5213 ltic
1427 5163 1745 5216 ltiszorialctu

175 5233 608 5286 subrcrstonem
636 5236 840 5285 illorum
880 5249 906 5285 a
943 5238 1210 5293 Romanis,
1235 5241 1286 5283 ct
1315 5233 1431 5283 'I'ito
1460 5245 1507 5283 et
1552 5234 1744 5298 Vespa-

179 5308 356 5354 siano
391 5302 576 5351 lactant
607 5319 615 5351 :
651 5319 768 5367 quia
819 5316 1022 5370 tempus
1069 5305 1378 5355 risitattouis
1413 5318 1512 5352 non
1556 5317 1749 5367 cogno-

180 5379 392 5423 verant
424 5378 483 5419 ad
513 5372 926 5425 coutitncndatn
960 5389 1140 5424 eorum
1174 5375 1438 5432 duritiam,
1473 5374 1665 5423 scilicet
1697 5382 1752 5424 ut

180 5441 286 5510 qui
351 5440 612 5492 medicum
669 5451 977 5505 priest-ntetn
1029 5458 1406 5508 rectignoswre
1446 5445 1747 5502 noluerunt,

183 5528 298 5581 per
331 5519 439 5561 tam
468 5510 738 5561 manilesta
772 5514 903 5560 mala
933 5512 1207 5573 admoniti,
1255 5514 1442 5564 saltem
1479 5516 1749 5563 ahsentmu

184 5588 614 5645 teetignosrant.
642 5582 729 5632 Sic
769 5594 894 5646 ergo
927 5581 1140 5646 incipit:
1170 5585 1212 5635 υ
1239 5583 1394 5648 Deus,
1446 5591 1497 5632 ut
1529 5581 1648 5647 quid
1676 5598 1752 5634 re-

185 5652 384 5722 pulisti
425 5665 541 5722 nos,
576 5650 623 5701 id
651 5661 747 5722 est,
785 5651 1157 5722 proptenquid
1175 5653 1340 5704 fecisti
1388 5667 1482 5704 nos
1514 5671 1538 5702 ιι
1571 5652 1751 5704 defen-

184 5719 359 5775 sione
390 5733 471 5772 ιιιιι
500 5721 662 5772 videri
696 5719 968 5786 repulsos?
999 5719 1252 5785 chulisti
1287 5739 1380 5774 nos
1411 5725 1461 5774 in
1493 5722 1640 5788 ﬁnem
1674 5738 1754 5775 re-

188 5792 483 5859 pulsionis,
516 5790 564 5841 id
595 5799 694 5854 est,
726 5789 1025 5841 onmimoda
1056 5799 1108 5842 et
1139 5792 1530 5859 irrecuperabiti
1569 5794 1749 5856 repul-

491 5881 758 5940 l’a’t'uoL.
809 5878 1018 5939 XCI".

1847 4610 1988 4675 virga
2043 4604 2364 4657 hmreditatis
2417 4607 2480 4656 ad
2530 4620 2656 4658 oves
2709 4609 2775 4659 de
2824 4611 3068 4674 gentibus
3115 4621 3397 4675 pet-tmere,

1845 4691 1975 4744 quas
2006 4675 2410 4738 praedicantibus
2433 4678 2686 4742 apostolis
2713 4692 2760 4726 tu
2785 4677 3143 4731 haereditatctu
3174 4687 3402 4732 maxime

1845 4747 2066 4813 accepit,
2113 4745 2426 4797 determinat
2455 4744 2914 4812 subsequentibus,
2945 4746 3011 4800 de
3040 4749 3224 4812 quibus
3257 4763 3395 4815 agat,

1847 4831 1906 4865 ar.
1935 4821 1975 4867 si
2000 4819 2136 4869 dicat
2164 4833 2175 4864 :
2206 4817 2330 4877 Quae
2354 4825 2528 4866 autem
2561 4818 2641 4865 illa
2671 4815 2984 4866 ineruditus?
3015 4819 3236 4880 scilicet,
3265 4836 3405 4871 mons

1849 4884 1994 4946 Sion,
2050 4889 2097 4937 id
2155 4895 2258 4942 est,
2309 4884 2557 4935 Judaicus
2614 4885 2856 4948 populus,
2901 4889 2985 4951 qni
3052 4890 3301 4939 habitarit
3357 4907 3404 4940 tu

1850 4965 2028 5006 monte
2060 4955 2183 5006 Sion
2217 4953 2576 5004 historialiter.
2612 4952 2754 5003 Mons
2779 4954 3152 5016 Sion,dico,in
3181 4974 3279 5023 quo
3312 4959 3403 5009 Ιια.

1849 5023 2016 5074 bitusti
2058 5037 2144 5086 per
2175 5025 2356 5088 legalta
2389 5026 2644 5083 ittSlttuta,
2680 5033 2754 5082 tu,
2785 5025 2924 5081 dico,
2958 5042 3049 5075 cus
3079 5028 3128 5076 in
3165 5042 3243 5088 eu,
3279 5030 3401 5090 quia

1853 5104 1954 5144 tam
1998 5092 2288 5143 manifestis
2317 5091 2480 5155 signis
2525 5108 2643 5143 cum
2679 5093 2777 5145 illis
2807 5092 2978 5157 egisti,
3010 5108 3060 5143 ut
3089 5111 3320 5157 praesens
3356 5113 3404 5148 ιιι

1850 5181 1913 5215 co
1947 5177 2064 5214 c~se
2094 5163 2489 5227 intelligereris.

1925 5232 2052 5282 Lera
2078 5248 2250 5282 manus
2277 5244 2405 5282 tuas.
2454 5232 2583 5282 licce
2628 5229 2919 5297 intelligens
2969 5231 3140 5295 Asaplt
3192 5247 3284 5297 pro
3314 5235 3410 5284 ini-

1853 5304 2002 5354 tnit-is
2032 5313 2172 5362 orat,
2201 5318 2259 5353 ac
2289 5302 2330 5352 si
2365 5302 2543 5352 dicat:
2580 5300 2775 5351 Memor
2797 5313 2908 5351 esto
2940 5308 3128 5364 nostri,
3168 5301 3404 5364 Domino,

1854 5387 2056 5424 memor
2102 5383 2217 5422 esto
2248 5374 2403 5421 etiam
2441 5371 2768 5422 inimicorum
2804 5385 3132 5430 ttUSll‘Ul‘ttttt,
3186 5376 3404 5433 StitItL'cl,

1852 5443 1958 5492 leva
1987 5458 2164 5490 uulnus
2194 5455 2326 5498 tuas,
2381 5443 2426 5490 id
2457 5450 2557 5500 e-t,
2611 5455 2798 5491 exerce
2851 5445 3131 5500 potentiam
3164 5453 3299 5491 tuam
3337 5461 3407 5502 tu,

1856 5514 1904 5562 id
1929 5524 2026 5569 c3t,
2060 5523 2262 5572 contra,
2296 5511 2552 5574 supcrbiaa
2585 5525 2774 5569 earum,
2811 5523 2900 5574 per
2925 5525 3055 5575 quos
3089 5528 3182 5560 nos
3213 5519 3377 5578 repult
3399 5541 3414 5551 -

1854 5582 1942 5642 sti,
1972 5589 2020 5630 et
2052 5579 2178 5630 iram
2221 5590 2361 5630 tuam
2393 5596 2550 5644 super
2594 5593 2686 5628 nos
2718 5579 3010 5629 ostendisti.
3063 5580 3224 5642 Leni,
3272 5596 3410 5636 tlICU,

1857 5664 1958 5701 non
1988 5652 2049 5698 ad
2098 5652 2314 5708 malum,
2345 5650 2435 5699 sed
2470 5651 2532 5698 ad
2566 5651 2774 5708 bonum,
2809 5649 3030 5708 setlicet,
3080 5652 3417 5711 perducendo

1856 5735 1945 5770 cos
1977 5719 2031 5769 in
2058 5716 2128 5782 fin
2160 5732 2225 5776 ut,
2273 5719 2319 5765 td
2369 5728 2472 5779 est,
2524 5717 2572 5768 in
2622 5720 2905 5777 Christum,
2959 5719 3044 5782 qui
3082 5717 3195 5768 [ius
3239 5732 3318 5768 cst
3346 5721 3412 5770 ad

1854 5789 2106 5856 j'tSlIIIRIII
2150 5787 2291 5838 ontni
2320 5790 2578 5840 credenti.
2636 5788 2722 5839 Vel
2767 5790 2882 5842 leva
2916 5792 3134 5838 tendens
3173 5788 3222 5838 in
3257 5791 3415 5843 tinctu

2958 5876 3038 5933 ἠδ
