  <div class='ocr_page' id='page_1' title='image "/cluster/home/n/w/nwhite01/storage/ocr_20150623/92-93/uva.x000827076/967.png"; bbox 0 0 3898 6226; ppageno 0'>
   <div class='ocr_carea' id='block_1_1' title="bbox 530 368 641 425">
    <p class='ocr_par' dir='ltr' id='par_1_1' title="bbox 530 368 641 425">
     <span class='ocr_line' id='line_1_1' title="bbox 530 368 641 425; baseline -0.072 0"><span class='ocrx_word' id='word_1_1' title='bbox 530 368 641 425; x_wconf 63' lang='grc'><strong>873</strong></span> 
     </span>
    </p>
   </div>
   <div class='ocr_carea' id='block_1_2' title="bbox 929 365 2074 447">
    <p class='ocr_par' dir='ltr' id='par_1_2' title="bbox 929 365 2058 447">
     <span class='ocr_line' id='line_1_2' title="bbox 929 365 2058 447; baseline 0.006 -28"><span class='ocrx_word' id='word_1_2' title='bbox 929 369 931 371; x_wconf 77' lang='grc'><strong>’</strong></span> <span class='ocrx_word' id='word_1_3' title='bbox 984 365 1183 419; x_wconf 61' lang='grc' dir='ltr'>ΗΕΒ.ὗί</span> <span class='ocrx_word' id='word_1_4' title='bbox 1229 367 1660 447; x_wconf 47' lang='grc' dir='ltr'><strong>ιίΕΝΕΙῖᾹΒΙΗΞ</strong></span> <span class='ocrx_word' id='word_1_5' title='bbox 1698 371 1841 426; x_wconf 84' lang='lat' dir='ltr'><strong>OPP.</strong></span> <span class='ocrx_word' id='word_1_6' title='bbox 1887 370 2058 426; x_wconf 74' lang='lat' dir='ltr'><strong>PARS</strong></span> 
     </span>
    </p>
   </div>
   <div class='ocr_carea' id='block_1_3' title="bbox 2176 365 3269 447">
    <p class='ocr_par' dir='ltr' id='par_1_3' title="bbox 2200 365 3269 423">
     <span class='ocr_line' id='line_1_3' title="bbox 2200 365 3269 423; baseline -0.003 -2"><span class='ocrx_word' id='word_1_7' title='bbox 2200 367 2386 423; x_wconf 78' lang='lat' dir='ltr'><strong>SECT.</strong></span> <span class='ocrx_word' id='word_1_8' title='bbox 2428 370 2487 423; x_wconf 89' lang='lat' dir='ltr'><strong>ll.</strong></span> <span class='ocrx_word' id='word_1_9' title='bbox 2528 397 2598 412; x_wconf 92' lang='lat'><strong>—</strong></span> <span class='ocrx_word' id='word_1_10' title='bbox 2636 367 2836 423; x_wconf 69' lang='grc' dir='ltr'><strong>ι)υῦιὰ</strong></span> <span class='ocrx_word' id='word_1_11' title='bbox 2882 366 2964 421; x_wconf 80' lang='lat' dir='ltr'><strong>ET</strong></span> <span class='ocrx_word' id='word_1_12' title='bbox 3002 365 3269 420; x_wconf 60' lang='lat' dir='ltr'><strong>SPURIA.</strong></span> 
     </span>
    </p>
   </div>
   <div class='ocr_carea' id='block_1_4' title="bbox 3621 364 3715 419">
    <p class='ocr_par' dir='ltr' id='par_1_4' title="bbox 3621 364 3715 419">
     <span class='ocr_line' id='line_1_4' title="bbox 3621 364 3715 419; baseline 0.064 -6"><span class='ocrx_word' id='word_1_13' title='bbox 3621 364 3715 419; x_wconf 68' lang='lat'><strong>875</strong></span> 
     </span>
    </p>
   </div>
   <div class='ocr_carea' id='block_1_5' title="bbox 526 481 3710 553">
    <p class='ocr_par' dir='ltr' id='par_1_5' title="bbox 526 481 3710 553">
     <span class='ocr_line' id='line_1_5' title="bbox 526 481 3710 553; baseline -0.003 -8"><span class='ocrx_word' id='word_1_14' title='bbox 526 488 846 547; x_wconf 64' lang='lat' dir='ltr'><strong>ivVattonis,</strong></span> <span class='ocrx_word' id='word_1_15' title='bbox 894 485 940 536; x_wconf 85' lang='lat' dir='ltr'><strong>id</strong></span> <span class='ocrx_word' id='word_1_16' title='bbox 973 494 1070 543; x_wconf 85' lang='lat' dir='ltr'><strong>est.</strong></span> <span class='ocrx_word' id='word_1_17' title='bbox 1114 492 1310 536; x_wconf 84' lang='lat' dir='ltr'><strong>tantum</strong></span> <span class='ocrx_word' id='word_1_18' title='bbox 1354 483 1486 547; x_wconf 85' lang='lat' dir='ltr'><strong>leva,</strong></span> <span class='ocrx_word' id='word_1_19' title='bbox 1534 498 1786 551; x_wconf 87' lang='lat' dir='ltr'><strong>quantum</strong></span> <span class='ocrx_word' id='word_1_20' title='bbox 1818 497 1949 553; x_wconf 85' lang='lat' dir='ltr'><strong>opus</strong></span> <span class='ocrx_word' id='word_1_21' title='bbox 1995 494 2075 539; x_wconf 85' lang='lat' dir='ltr'><strong>est</strong></span> <span class='ocrx_word' id='word_1_22' title='bbox 2104 491 2150 549; x_wconf 78' lang='grc' dir='ltr'>Α</span> <span class='ocrx_word' id='word_1_23' title='bbox 2183 486 2306 545; x_wconf 91' lang='lat' dir='ltr'><strong>rito,</strong></span> <span class='ocrx_word' id='word_1_24' title='bbox 2337 482 2559 547; x_wconf 85' lang='lat' dir='ltr'><strong>scilicet,</strong></span> <span class='ocrx_word' id='word_1_25' title='bbox 2592 484 2712 551; x_wconf 98' lang='lat' dir='ltr'><strong>quia</strong></span> <span class='ocrx_word' id='word_1_26' title='bbox 2759 481 3420 553; x_wconf 58' lang='lat' dir='ltr'><strong>terrenisiuhmrebamus,</strong></span> <span class='ocrx_word' id='word_1_27' title='bbox 3455 492 3505 535; x_wconf 79' lang='lat' dir='ltr'><strong>et</strong></span> <span class='ocrx_word' id='word_1_28' title='bbox 3538 492 3587 535; x_wconf 83' lang='lat' dir='ltr'><strong>te</strong></span> <span class='ocrx_word' id='word_1_29' title='bbox 3628 498 3710 548; x_wconf 76' lang='lat' dir='ltr'><strong>p1-</strong></span> 
     </span>
    </p>
   </div>
   <div class='ocr_carea' id='block_1_6' title="bbox 536 553 2073 629">
    <p class='ocr_par' dir='ltr' id='par_1_6' title="bbox 536 553 2073 629">
     <span class='ocr_line' id='line_1_6' title="bbox 536 553 2073 629; baseline -0.005 -15"><span class='ocrx_word' id='word_1_30' title='bbox 536 575 592 629; x_wconf 70' lang='grc' dir='ltr'><strong>ιιι</strong></span> <span class='ocrx_word' id='word_1_31' title='bbox 617 564 776 629; x_wconf 76' lang='lat' dir='ltr'><strong>leves,</strong></span> <span class='ocrx_word' id='word_1_32' title='bbox 805 556 1037 629; x_wconf 75' lang='lat' dir='ltr'><strong>scilicet,</strong></span> <span class='ocrx_word' id='word_1_33' title='bbox 1078 553 1211 629; x_wconf 77' lang='lat' dir='ltr'><strong>adeo</strong></span> <span class='ocrx_word' id='word_1_34' title='bbox 1253 553 1491 629; x_wconf 77' lang='lat' dir='ltr'><strong>credant,</strong></span> <span class='ocrx_word' id='word_1_35' title='bbox 1542 567 1592 606; x_wconf 91' lang='lat' dir='ltr'><strong>et</strong></span> <span class='ocrx_word' id='word_1_36' title='bbox 1623 571 1688 608; x_wconf 81' lang='lat' dir='ltr'><strong>ex</strong></span> <span class='ocrx_word' id='word_1_37' title='bbox 1726 555 2073 629; x_wconf 67' lang='lat' dir='ltr'><strong>persecutori-</strong></span> 
     </span>
    </p>
   </div>
   <div class='ocr_carea' id='block_1_7' title="bbox 529 624 2073 693">
    <p class='ocr_par' dir='ltr' id='par_1_7' title="bbox 529 624 2073 693">
     <span class='ocr_line' id='line_1_7' title="bbox 529 624 2073 693; baseline -0.005 -11"><span class='ocrx_word' id='word_1_38' title='bbox 529 624 637 693; x_wconf 68' lang='lat' dir='ltr'><strong>bus</strong></span> <span class='ocrx_word' id='word_1_39' title='bbox 666 638 714 680; x_wconf 91' lang='lat' dir='ltr'><strong>et</strong></span> <span class='ocrx_word' id='word_1_40' title='bbox 746 624 971 678; x_wconf 85' lang='lat' dir='ltr'><strong>inimicis</strong></span> <span class='ocrx_word' id='word_1_41' title='bbox 1003 624 1305 693; x_wconf 82' lang='lat' dir='ltr'><strong>imitatores</strong></span> <span class='ocrx_word' id='word_1_42' title='bbox 1334 625 1453 693; x_wconf 87' lang='lat' dir='ltr'><strong>liant</strong></span> <span class='ocrx_word' id='word_1_43' title='bbox 1480 635 1529 675; x_wconf 80' lang='lat' dir='ltr'><strong>et</strong></span> <span class='ocrx_word' id='word_1_44' title='bbox 1557 628 1729 677; x_wconf 86' lang='lat' dir='ltr'><strong>amici.</strong></span> <span class='ocrx_word' id='word_1_45' title='bbox 1780 626 1841 676; x_wconf 73' lang='lat' dir='ltr'><strong>Et</strong></span> <span class='ocrx_word' id='word_1_46' title='bbox 1884 627 1933 677; x_wconf 92' lang='lat' dir='ltr'><strong>in</strong></span> <span class='ocrx_word' id='word_1_47' title='bbox 1961 625 2073 690; x_wconf 90' lang='lat' dir='ltr'><strong>qui-</strong></span> 
     </span>
    </p>
   </div>
   <div class='ocr_carea' id='block_1_8' title="bbox 541 691 2067 760">
    <p class='ocr_par' dir='ltr' id='par_1_8' title="bbox 541 691 2067 760">
     <span class='ocr_line' id='line_1_8' title="bbox 541 691 2067 760; baseline -0.007 -6"><span class='ocrx_word' id='word_1_48' title='bbox 541 691 636 754; x_wconf 75' lang='lat' dir='ltr'><strong>bus</strong></span> <span class='ocrx_word' id='word_1_49' title='bbox 657 693 1023 751; x_wconf 79' lang='lat' dir='ltr'><strong>dominabatur</strong></span> <span class='ocrx_word' id='word_1_50' title='bbox 1045 691 1365 755; x_wconf 86' lang='lat' dir='ltr'><strong>superstitio,</strong></span> <span class='ocrx_word' id='word_1_51' title='bbox 1402 692 1452 742; x_wconf 87' lang='lat' dir='ltr'><strong>in</strong></span> <span class='ocrx_word' id='word_1_52' title='bbox 1472 694 1549 745; x_wconf 87' lang='lat' dir='ltr'><strong>eis</strong></span> <span class='ocrx_word' id='word_1_53' title='bbox 1572 694 1847 760; x_wconf 75' lang='lat' dir='ltr'><strong>praevaleat</strong></span> <span class='ocrx_word' id='word_1_54' title='bbox 1871 693 2067 759; x_wconf 81' lang='lat' dir='ltr'><strong>religio.</strong></span> 
     </span>
    </p>
   </div>
   <div class='ocr_carea' id='block_1_9' title="bbox 540 760 2073 829">
    <p class='ocr_par' dir='ltr' id='par_1_9' title="bbox 540 760 2073 829">
     <span class='ocr_line' id='line_1_9' title="bbox 540 760 2073 829; baseline -0.008 -4"><span class='ocrx_word' id='word_1_55' title='bbox 540 772 617 824; x_wconf 72' lang='lat' dir='ltr'><strong>Ne</strong></span> <span class='ocrx_word' id='word_1_56' title='bbox 640 774 807 822; x_wconf 82' lang='lat' dir='ltr'><strong>autem</strong></span> <span class='ocrx_word' id='word_1_57' title='bbox 835 772 887 815; x_wconf 92' lang='lat' dir='ltr'><strong>te</strong></span> <span class='ocrx_word' id='word_1_58' title='bbox 913 761 1085 813; x_wconf 85' lang='lat' dir='ltr'><strong>turbet</strong></span> <span class='ocrx_word' id='word_1_59' title='bbox 1108 762 1242 826; x_wconf 85' lang='lat' dir='ltr'><strong>quod</strong></span> <span class='ocrx_word' id='word_1_60' title='bbox 1276 760 1445 813; x_wconf 88' lang='lat' dir='ltr'><strong>nullus</strong></span> <span class='ocrx_word' id='word_1_61' title='bbox 1476 777 1539 813; x_wconf 81' lang='lat' dir='ltr'><strong>ex</strong></span> <span class='ocrx_word' id='word_1_62' title='bbox 1565 762 1803 829; x_wconf 74' lang='lat' dir='ltr'><strong>gentibus</strong></span> <span class='ocrx_word' id='word_1_63' title='bbox 1835 763 1937 815; x_wconf 82' lang='lat' dir='ltr'><strong>illis</strong></span> <span class='ocrx_word' id='word_1_64' title='bbox 1970 764 2073 813; x_wconf 80' lang='lat' dir='ltr'><strong>Ito-</strong></span> 
     </span>
    </p>
   </div>
   <div class='ocr_carea' id='block_1_10' title="bbox 544 828 2073 900">
    <p class='ocr_par' dir='ltr' id='par_1_10' title="bbox 544 828 2073 900">
     <span class='ocr_line' id='line_1_10' title="bbox 544 828 2073 900; baseline -0.005 -9"><span class='ocrx_word' id='word_1_65' title='bbox 544 840 727 900; x_wconf 77' lang='lat' dir='ltr'><strong>matiis,</strong></span> <span class='ocrx_word' id='word_1_66' title='bbox 778 850 870 897; x_wconf 63' lang='lat' dir='ltr'><strong>per</strong></span> <span class='ocrx_word' id='word_1_67' title='bbox 908 846 1040 897; x_wconf 86' lang='lat' dir='ltr'><strong>quos</strong></span> <span class='ocrx_word' id='word_1_68' title='bbox 1068 830 1270 883; x_wconf 79' lang='lat' dir='ltr'><strong>eversio</strong></span> <span class='ocrx_word' id='word_1_69' title='bbox 1302 828 1387 882; x_wconf 91' lang='lat' dir='ltr'><strong>illa</strong></span> <span class='ocrx_word' id='word_1_70' title='bbox 1414 831 1547 882; x_wconf 75' lang='lat' dir='ltr'><strong>facta</strong></span> <span class='ocrx_word' id='word_1_71' title='bbox 1577 828 1679 892; x_wconf 80' lang='lat' dir='ltr'><strong>est,</strong></span> <span class='ocrx_word' id='word_1_72' title='bbox 1728 833 1899 884; x_wconf 89' lang='lat' dir='ltr'><strong>nullus</strong></span> <span class='ocrx_word' id='word_1_73' title='bbox 1942 846 2073 884; x_wconf 82' lang='lat' dir='ltr'><strong>eon-</strong></span> 
     </span>
    </p>
   </div>
   <div class='ocr_carea' id='block_1_11' title="bbox 542 901 2074 968">
    <p class='ocr_par' dir='ltr' id='par_1_11' title="bbox 542 901 2074 968">
     <span class='ocr_line' id='line_1_11' title="bbox 542 901 2074 968; baseline 0.004 -21"><span class='ocrx_word' id='word_1_74' title='bbox 542 922 718 961; x_wconf 66' lang='grc' dir='ltr'><strong>νεηυ.</strong></span> <span class='ocrx_word' id='word_1_75' title='bbox 743 913 859 966; x_wconf 78' lang='lat' dir='ltr'><strong>est;</strong></span> <span class='ocrx_word' id='word_1_76' title='bbox 894 917 995 954; x_wconf 87' lang='lat' dir='ltr'><strong>non</strong></span> <span class='ocrx_word' id='word_1_77' title='bbox 1025 902 1162 951; x_wconf 91' lang='lat' dir='ltr'><strong>enim</strong></span> <span class='ocrx_word' id='word_1_78' title='bbox 1206 901 1303 952; x_wconf 88' lang='lat' dir='ltr'><strong>hoc</strong></span> <span class='ocrx_word' id='word_1_79' title='bbox 1334 901 1565 965; x_wconf 77' lang='lat' dir='ltr'><strong>impedit,</strong></span> <span class='ocrx_word' id='word_1_80' title='bbox 1598 903 1717 968; x_wconf 88' lang='lat' dir='ltr'><strong>quia</strong></span> <span class='ocrx_word' id='word_1_81' title='bbox 1750 911 1921 954; x_wconf 84' lang='lat' dir='ltr'><strong>tamen</strong></span> <span class='ocrx_word' id='word_1_82' title='bbox 1965 902 2074 953; x_wconf 63' lang='lat' dir='ltr'><strong>haec</strong></span> 
     </span>
    </p>
   </div>
   <div class='ocr_carea' id='block_1_12' title="bbox 543 968 2073 1039">
    <p class='ocr_par' dir='ltr' id='par_1_12' title="bbox 543 968 2073 1039">
     <span class='ocr_line' id='line_1_12' title="bbox 543 968 2073 1039; baseline -0.005 -9"><span class='ocrx_word' id='word_1_83' title='bbox 543 988 710 1031; x_wconf 81' lang='lat' dir='ltr'><strong>oratio</strong></span> <span class='ocrx_word' id='word_1_84' title='bbox 741 976 791 1026; x_wconf 88' lang='lat' dir='ltr'><strong>in</strong></span> <span class='ocrx_word' id='word_1_85' title='bbox 815 971 1033 1039; x_wconf 75' lang='lat' dir='ltr'><strong>posteris</strong></span> <span class='ocrx_word' id='word_1_86' title='bbox 1062 968 1317 1039; x_wconf 82' lang='lat' dir='ltr'><strong>completa</strong></span> <span class='ocrx_word' id='word_1_87' title='bbox 1345 980 1443 1039; x_wconf 87' lang='lat' dir='ltr'><strong>est,</strong></span> <span class='ocrx_word' id='word_1_88' title='bbox 1485 979 1537 1021; x_wconf 91' lang='lat' dir='ltr'><strong>et</strong></span> <span class='ocrx_word' id='word_1_89' title='bbox 1559 970 1708 1037; x_wconf 68' lang='lat' dir='ltr'><strong>quasi</strong></span> <span class='ocrx_word' id='word_1_90' title='bbox 1731 970 1897 1022; x_wconf 84' lang='lat' dir='ltr'><strong>dicat:</strong></span> <span class='ocrx_word' id='word_1_91' title='bbox 1930 971 2073 1034; x_wconf 84' lang='lat' dir='ltr'><strong>Opus</strong></span> 
     </span>
    </p>
   </div>
   <div class='ocr_carea' id='block_1_13' title="bbox 545 1038 2071 1104">
    <p class='ocr_par' dir='ltr' id='par_1_13' title="bbox 545 1038 2071 1104">
     <span class='ocr_line' id='line_1_13' title="bbox 545 1038 2071 1104; baseline -0.006 -5"><span class='ocrx_word' id='word_1_92' title='bbox 545 1058 625 1099; x_wconf 78' lang='lat' dir='ltr'><strong>cst</strong></span> <span class='ocrx_word' id='word_1_93' title='bbox 650 1038 923 1103; x_wconf 83' lang='lat' dir='ltr'><strong>lcvatioue,</strong></span> <span class='ocrx_word' id='word_1_94' title='bbox 955 1040 1071 1104; x_wconf 82' lang='lat' dir='ltr'><strong>quia</strong></span> <span class='ocrx_word' id='word_1_95' title='bbox 1105 1038 1321 1104; x_wconf 87' lang='lat' dir='ltr'><strong>p0polus</strong></span> <span class='ocrx_word' id='word_1_96' title='bbox 1372 1038 1457 1090; x_wconf 88' lang='lat' dir='ltr'><strong>ille</strong></span> <span class='ocrx_word' id='word_1_97' title='bbox 1491 1054 1614 1091; x_wconf 90' lang='lat' dir='ltr'><strong>vere</strong></span> <span class='ocrx_word' id='word_1_98' title='bbox 1640 1039 1882 1091; x_wconf 90' lang='lat' dir='ltr'><strong>inimicus</strong></span> <span class='ocrx_word' id='word_1_99' title='bbox 1919 1055 2071 1090; x_wconf 86' lang='lat' dir='ltr'><strong>crea-</strong></span> 
     </span>
    </p>
   </div>
   <div class='ocr_carea' id='block_1_14' title="bbox 545 1105 2074 1175">
    <p class='ocr_par' dir='ltr' id='par_1_14' title="bbox 545 1105 2074 1175">
     <span class='ocr_line' id='line_1_14' title="bbox 545 1105 2074 1175; baseline -0.007 -6"><span class='ocrx_word' id='word_1_100' title='bbox 545 1128 731 1175; x_wconf 82' lang='lat' dir='ltr'><strong>turam,</strong></span> <span class='ocrx_word' id='word_1_101' title='bbox 765 1110 983 1166; x_wconf 84' lang='lat' dir='ltr'><strong>scilicet,</strong></span> <span class='ocrx_word' id='word_1_102' title='bbox 1008 1122 1160 1173; x_wconf 85' lang='lat' dir='ltr'><strong>quam</strong></span> <span class='ocrx_word' id='word_1_103' title='bbox 1190 1108 1335 1163; x_wconf 79' lang='lat' dir='ltr'><strong>cidit.</strong></span> <span class='ocrx_word' id='word_1_104' title='bbox 1364 1108 1599 1159; x_wconf 78' lang='lat' dir='ltr'><strong>Creatori</strong></span> <span class='ocrx_word' id='word_1_105' title='bbox 1626 1105 1935 1174; x_wconf 64' lang='lat' dir='ltr'><strong>praeferens.</strong></span> <span class='ocrx_word' id='word_1_106' title='bbox 1966 1124 2074 1159; x_wconf 85' lang='lat' dir='ltr'><strong>ma-</strong></span> 
     </span>
    </p>
   </div>
   <div class='ocr_carea' id='block_1_15' title="bbox 542 1177 2073 1251">
    <p class='ocr_par' dir='ltr' id='par_1_15' title="bbox 542 1177 2073 1251">
     <span class='ocr_line' id='line_1_15' title="bbox 542 1177 2073 1251; baseline -0.005 -15"><span class='ocrx_word' id='word_1_107' title='bbox 542 1186 761 1251; x_wconf 82' lang='lat' dir='ltr'><strong>tignatns</strong></span> <span class='ocrx_word' id='word_1_108' title='bbox 788 1188 903 1251; x_wconf 18' lang='lat' dir='ltr'><strong>est,‘</strong></span> <span class='ocrx_word' id='word_1_109' title='bbox 926 1180 973 1229; x_wconf 88' lang='lat' dir='ltr'><strong>id</strong></span> <span class='ocrx_word' id='word_1_110' title='bbox 1004 1187 1105 1251; x_wconf 76' lang='lat' dir='ltr'><strong>est,</strong></span> <span class='ocrx_word' id='word_1_111' title='bbox 1141 1178 1366 1251; x_wconf 79' lang='lat' dir='ltr'><strong>maligne</strong></span> <span class='ocrx_word' id='word_1_112' title='bbox 1392 1179 1495 1242; x_wconf 89' lang='lat' dir='ltr'><strong>egit</strong></span> <span class='ocrx_word' id='word_1_113' title='bbox 1532 1178 1690 1251; x_wconf 75' lang='lat' dir='ltr'><strong>multa</strong></span> <span class='ocrx_word' id='word_1_114' title='bbox 1715 1179 1764 1228; x_wconf 81' lang='lat' dir='ltr'><strong>in</strong></span> <span class='ocrx_word' id='word_1_115' title='bbox 1789 1191 1980 1251; x_wconf 70' lang='lat' dir='ltr'><strong>sancto,</strong></span> <span class='ocrx_word' id='word_1_116' title='bbox 2002 1177 2073 1251; x_wconf 89' lang='lat' dir='ltr'><strong>_id</strong></span> 
     </span>
    </p>
   </div>
   <div class='ocr_carea' id='block_1_16' title="bbox 542 1244 2071 1315">
    <p class='ocr_par' dir='ltr' id='par_1_16' title="bbox 542 1244 2071 1315">
     <span class='ocr_line' id='line_1_16' title="bbox 542 1244 2071 1315; baseline -0.007 -8"><span class='ocrx_word' id='word_1_117' title='bbox 542 1244 643 1311; x_wconf 69' lang='lat' dir='ltr'><strong>est.</strong></span> <span class='ocrx_word' id='word_1_118' title='bbox 670 1254 721 1305; x_wconf 90' lang='lat' dir='ltr'><strong>in</strong></span> <span class='ocrx_word' id='word_1_119' title='bbox 751 1248 943 1315; x_wconf 85' lang='lat' dir='ltr'><strong>templo</strong></span> <span class='ocrx_word' id='word_1_120' title='bbox 968 1245 1338 1307; x_wconf 83' lang='lat' dir='ltr'><strong>subvertenda,</strong></span> <span class='ocrx_word' id='word_1_121' title='bbox 1362 1255 1413 1297; x_wconf 89' lang='lat' dir='ltr'><strong>et</strong></span> <span class='ocrx_word' id='word_1_122' title='bbox 1433 1246 1722 1297; x_wconf 80' lang='lat' dir='ltr'><strong>sacerdotio</strong></span> <span class='ocrx_word' id='word_1_123' title='bbox 1749 1248 2071 1311; x_wconf 73' lang='lat' dir='ltr'><strong>perimendo,</strong></span> 
     </span>
    </p>
   </div>
   <div class='ocr_carea' id='block_1_17' title="bbox 542 1314 2076 1387">
    <p class='ocr_par' dir='ltr' id='par_1_17' title="bbox 542 1314 2076 1387">
     <span class='ocr_line' id='line_1_17' title="bbox 542 1314 2076 1387; baseline -0.004 -14"><span class='ocrx_word' id='word_1_124' title='bbox 542 1334 595 1375; x_wconf 82' lang='lat' dir='ltr'><strong>ct</strong></span> <span class='ocrx_word' id='word_1_125' title='bbox 645 1324 695 1374; x_wconf 89' lang='lat' dir='ltr'><strong>in</strong></span> <span class='ocrx_word' id='word_1_126' title='bbox 739 1314 977 1387; x_wconf 59' lang='lat' dir='ltr'><strong>caneris,</strong></span> <span class='ocrx_word' id='word_1_127' title='bbox 1011 1330 1126 1387; x_wconf 53' lang='lat' dir='ltr'><strong>qua;</strong></span> <span class='ocrx_word' id='word_1_128' title='bbox 1173 1324 1350 1387; x_wconf 78' lang='lat' dir='ltr'><strong>sancta</strong></span> <span class='ocrx_word' id='word_1_129' title='bbox 1384 1324 1467 1367; x_wconf 92' lang='lat' dir='ltr'><strong>tua</strong></span> <span class='ocrx_word' id='word_1_130' title='bbox 1514 1314 1733 1387; x_wconf 70' lang='lat' dir='ltr'><strong>fuerant.</strong></span> <span class='ocrx_word' id='word_1_131' title='bbox 1786 1315 1856 1387; x_wconf 79' lang='lat' dir='ltr'><strong>Et</strong></span> <span class='ocrx_word' id='word_1_132' title='bbox 1887 1324 2076 1387; x_wconf 72' lang='lat' dir='ltr'><strong>quanta</strong></span> 
     </span>
    </p>
   </div>
   <div class='ocr_carea' id='block_1_18' title="bbox 543 1384 2075 1457">
    <p class='ocr_par' dir='ltr' id='par_1_18' title="bbox 543 1384 2075 1457">
     <span class='ocr_line' id='line_1_18' title="bbox 543 1384 2075 1457; baseline -0.005 -15"><span class='ocrx_word' id='word_1_133' title='bbox 543 1384 842 1457; x_wconf 76' lang='lat' dir='ltr'><strong>maliqttatus</strong></span> <span class='ocrx_word' id='word_1_134' title='bbox 869 1396 934 1439; x_wconf 80' lang='lat' dir='ltr'><strong>est</strong></span> <span class='ocrx_word' id='word_1_135' title='bbox 960 1386 985 1437; x_wconf 88' lang='lat'><strong><em>?</em></strong></span> <span class='ocrx_word' id='word_1_136' title='bbox 1022 1384 1423 1457; x_wconf 63' lang='grc' dir='ltr'>Νεῐίιῐιᾱιεειιιιθ,</span> <span class='ocrx_word' id='word_1_137' title='bbox 1452 1386 1671 1437; x_wconf 79' lang='lat' dir='ltr'><strong>scilicet.</strong></span> <span class='ocrx_word' id='word_1_138' title='bbox 1718 1387 1779 1436; x_wconf 71' lang='lat' dir='ltr'><strong>Et</strong></span> <span class='ocrx_word' id='word_1_139' title='bbox 1811 1384 1929 1435; x_wconf 76' lang='lat' dir='ltr'><strong>ideo</strong></span> <span class='ocrx_word' id='word_1_140' title='bbox 1958 1386 2075 1437; x_wconf 86' lang='lat' dir='ltr'><strong>dico</strong></span> 
     </span>
    </p>
   </div>
   <div class='ocr_carea' id='block_1_19' title="bbox 540 1453 2074 1527">
    <p class='ocr_par' dir='ltr' id='par_1_19' title="bbox 540 1453 2074 1527">
     <span class='ocr_line' id='line_1_19' title="bbox 540 1453 2074 1527; baseline -0.005 -14"><span class='ocrx_word' id='word_1_141' title='bbox 540 1453 747 1527; x_wconf 78' lang='lat' dir='ltr'><strong>quanta,</strong></span> <span class='ocrx_word' id='word_1_142' title='bbox 779 1460 897 1522; x_wconf 84' lang='lat' dir='ltr'><strong>quia</strong></span> <span class='ocrx_word' id='word_1_143' title='bbox 920 1454 1220 1527; x_wconf 62' lang='lat' dir='ltr'><strong>piamentis</strong></span> <span class='ocrx_word' id='word_1_144' title='bbox 1243 1453 1529 1527; x_wconf 77' lang='lat' dir='ltr'><strong>_tualei&#39;a¢ta</strong></span> <span class='ocrx_word' id='word_1_145' title='bbox 1554 1469 1731 1527; x_wconf 80' lang='lat' dir='ltr'><strong>eorum</strong></span> <span class='ocrx_word' id='word_1_146' title='bbox 1755 1467 1928 1527; x_wconf 73' lang='lat' dir='ltr'><strong>secuta</strong></span> <span class='ocrx_word' id='word_1_147' title='bbox 1973 1468 2074 1505; x_wconf 89' lang='lat' dir='ltr'><strong>non</strong></span> 
     </span>
    </p>
   </div>
   <div class='ocr_carea' id='block_1_20' title="bbox 531 1522 2074 1593">
    <p class='ocr_par' dir='ltr' id='par_1_20' title="bbox 531 1522 2074 1593">
     <span class='ocr_line' id='line_1_20' title="bbox 531 1522 2074 1593; baseline -0.006 -11"><span class='ocrx_word' id='word_1_148' title='bbox 531 1522 641 1592; x_wconf 74' lang='lat' dir='ltr'><strong>est,</strong></span> <span class='ocrx_word' id='word_1_149' title='bbox 676 1531 778 1581; x_wconf 88' lang='lat' dir='ltr'><strong>itno</strong></span> <span class='ocrx_word' id='word_1_150' title='bbox 817 1526 1017 1593; x_wconf 78' lang='lat' dir='ltr'><strong>gloriati</strong></span> <span class='ocrx_word' id='word_1_151' title='bbox 1041 1530 1172 1580; x_wconf 81' lang='lat' dir='ltr'><strong>sunt.</strong></span> <span class='ocrx_word' id='word_1_152' title='bbox 1207 1522 1255 1574; x_wconf 88' lang='lat' dir='ltr'><strong>id</strong></span> <span class='ocrx_word' id='word_1_153' title='bbox 1285 1532 1383 1585; x_wconf 85' lang='lat' dir='ltr'><strong>est,</strong></span> <span class='ocrx_word' id='word_1_154' title='bbox 1440 1538 1532 1593; x_wconf 82' lang='lat' dir='ltr'><strong>pro</strong></span> <span class='ocrx_word' id='word_1_155' title='bbox 1563 1525 1723 1593; x_wconf 85' lang='lat' dir='ltr'><strong>gloria</strong></span> <span class='ocrx_word' id='word_1_156' title='bbox 1759 1522 1903 1574; x_wconf 75' lang='lat' dir='ltr'><strong>nefas</strong></span> <span class='ocrx_word' id='word_1_157' title='bbox 1928 1538 2074 1593; x_wconf 76' lang='lat' dir='ltr'><strong>sum-</strong></span> 
     </span>
    </p>
   </div>
   <div class='ocr_carea' id='block_1_21' title="bbox 541 1592 2075 1657">
    <p class='ocr_par' dir='ltr' id='par_1_21' title="bbox 541 1592 2075 1657">
     <span class='ocr_line' id='line_1_21' title="bbox 541 1592 2075 1657; baseline -0.006 -5"><span class='ocrx_word' id='word_1_158' title='bbox 541 1615 681 1652; x_wconf 89' lang='lat' dir='ltr'><strong>mum</strong></span> <span class='ocrx_word' id='word_1_159' title='bbox 712 1592 1027 1655; x_wconf 83' lang='lat' dir='ltr'><strong>habuerunt,</strong></span> <span class='ocrx_word' id='word_1_160' title='bbox 1066 1592 1147 1657; x_wconf 74' lang='lat' dir='ltr'><strong>qui</strong></span> <span class='ocrx_word' id='word_1_161' title='bbox 1171 1594 1381 1649; x_wconf 81' lang='lat' dir='ltr'><strong>oderunt</strong></span> <span class='ocrx_word' id='word_1_162' title='bbox 1408 1600 1453 1643; x_wconf 85' lang='lat' dir='ltr'><strong>te</strong></span> <span class='ocrx_word' id='word_1_163' title='bbox 1483 1592 1532 1643; x_wconf 89' lang='lat' dir='ltr'><strong>in</strong></span> <span class='ocrx_word' id='word_1_164' title='bbox 1565 1592 1725 1643; x_wconf 74' lang='lat' dir='ltr'><strong>medio</strong></span> <span class='ocrx_word' id='word_1_165' title='bbox 1748 1592 2075 1643; x_wconf 85' lang='lat' dir='ltr'><strong>sotemni:atis</strong></span> 
     </span>
    </p>
   </div>
   <div class='ocr_carea' id='block_1_22' title="bbox 544 1662 2075 1730">
    <p class='ocr_par' dir='ltr' id='par_1_22' title="bbox 544 1662 2075 1730">
     <span class='ocr_line' id='line_1_22' title="bbox 544 1662 2075 1730; baseline -0.005 -11"><span class='ocrx_word' id='word_1_166' title='bbox 544 1678 663 1730; x_wconf 73' lang='lat' dir='ltr'><strong>tute,</strong></span> <span class='ocrx_word' id='word_1_167' title='bbox 707 1667 755 1718; x_wconf 90' lang='lat' dir='ltr'><strong>id</strong></span> <span class='ocrx_word' id='word_1_168' title='bbox 798 1672 917 1725; x_wconf 84' lang='lat' dir='ltr'><strong>est,</strong></span> <span class='ocrx_word' id='word_1_169' title='bbox 965 1665 1015 1714; x_wconf 90' lang='lat' dir='ltr'><strong>in</strong></span> <span class='ocrx_word' id='word_1_170' title='bbox 1056 1662 1317 1730; x_wconf 73' lang='lat' dir='ltr'><strong>continual</strong></span> <span class='ocrx_word' id='word_1_171' title='bbox 1357 1668 1658 1730; x_wconf 20' lang='lat' dir='ltr'><strong>ctisumma</strong></span> <span class='ocrx_word' id='word_1_172' title='bbox 1703 1663 1793 1714; x_wconf 84' lang='lat' dir='ltr'><strong>tibi</strong></span> <span class='ocrx_word' id='word_1_173' title='bbox 1844 1662 2075 1712; x_wconf 84' lang='lat' dir='ltr'><strong>instituta</strong></span> 
     </span>
    </p>
   </div>
   <div class='ocr_carea' id='block_1_23' title="bbox 541 1728 2074 1812">
    <p class='ocr_par' dir='ltr' id='par_1_23' title="bbox 541 1728 2074 1812">
     <span class='ocr_line' id='line_1_23' title="bbox 541 1728 2074 1812; baseline -0.006 -22"><span class='ocrx_word' id='word_1_174' title='bbox 541 1728 895 1812; x_wconf 67' lang='lat' dir='ltr'><strong>solemnitate.</strong></span> <span class='ocrx_word' id='word_1_175' title='bbox 942 1730 997 1783; x_wconf 90' lang='lat' dir='ltr'><strong>In</strong></span> <span class='ocrx_word' id='word_1_176' title='bbox 1030 1728 1216 1812; x_wconf 77' lang='lat' dir='ltr'><strong>pascha</strong></span> <span class='ocrx_word' id='word_1_177' title='bbox 1246 1730 1383 1810; x_wconf 77' lang='lat' dir='ltr'><strong>enim</strong></span> <span class='ocrx_word' id='word_1_178' title='bbox 1413 1729 1577 1812; x_wconf 59' lang='lat' dir='ltr'><strong>Judaei</strong></span> <span class='ocrx_word' id='word_1_179' title='bbox 1613 1733 1838 1795; x_wconf 79' lang='lat' dir='ltr'><strong>undique</strong></span> <span class='ocrx_word' id='word_1_180' title='bbox 1867 1731 2074 1812; x_wconf 69' lang='lat' dir='ltr'><strong>collecti</strong></span> 
     </span>
    </p>
   </div>
   <div class='ocr_carea' id='block_1_24' title="bbox 545 1793 2307 1875">
    <p class='ocr_par' dir='ltr' id='par_1_24' title="bbox 545 1793 2307 1875">
     <span class='ocr_line' id='line_1_24' title="bbox 545 1793 2307 1875; baseline -0.008 -17"><span class='ocrx_word' id='word_1_181' title='bbox 545 1806 596 1858; x_wconf 89' lang='lat' dir='ltr'><strong>in</strong></span> <span class='ocrx_word' id='word_1_182' title='bbox 620 1806 881 1858; x_wconf 80' lang='lat' dir='ltr'><strong>Christum</strong></span> <span class='ocrx_word' id='word_1_183' title='bbox 922 1793 1225 1860; x_wconf 82' lang='lat' dir='ltr'><strong>saevierunt,</strong></span> <span class='ocrx_word' id='word_1_184' title='bbox 1279 1799 1329 1851; x_wconf 93' lang='lat' dir='ltr'><strong>in</strong></span> <span class='ocrx_word' id='word_1_185' title='bbox 1364 1800 1553 1867; x_wconf 83' lang='lat' dir='ltr'><strong>pascha</strong></span> <span class='ocrx_word' id='word_1_186' title='bbox 1592 1793 1798 1869; x_wconf 75' lang='lat' dir='ltr'><strong>quoque</strong></span> <span class='ocrx_word' id='word_1_187' title='bbox 1836 1799 2076 1853; x_wconf 83' lang='lat' dir='ltr'><strong>similiter</strong></span> <span class='ocrx_word' id='word_1_188' title='bbox 2106 1814 2153 1875; x_wconf 73' lang='grc' dir='ltr'><strong>Β</strong></span> <span class='ocrx_word' id='word_1_189' title='bbox 2179 1793 2259 1875; x_wconf 77' lang='lat' dir='ltr'><strong>sic</strong></span> <span class='ocrx_word' id='word_1_190' title='bbox 2294 1810 2307 1843; x_wconf 91' lang='lat'><strong>:</strong></span> 
     </span>
    </p>
   </div>
   <div class='ocr_carea' id='block_1_25' title="bbox 541 1882 2077 2007">
    <p class='ocr_par' dir='ltr' id='par_1_25' title="bbox 541 1882 2077 2007">
     <span class='ocr_line' id='line_1_25' title="bbox 541 1882 2077 2007; baseline -0.005 -10"><span class='ocrx_word' id='word_1_191' title='bbox 541 1882 895 1996; x_wconf 47' lang='lat' dir='ltr'><strong>pe&#39;ilgrstit&#39;e&#39;iimt</strong></span> <span class='ocrx_word' id='word_1_192' title='bbox 937 1940 1079 2007; x_wconf 82' lang='lat' dir='ltr'><strong>signa</strong></span> <span class='ocrx_word' id='word_1_193' title='bbox 1103 1951 1218 1990; x_wconf 84' lang='lat' dir='ltr'><strong>sua.</strong></span> <span class='ocrx_word' id='word_1_194' title='bbox 1266 1938 1505 1991; x_wconf 83' lang='lat' dir='ltr'><strong>Ostendit</strong></span> <span class='ocrx_word' id='word_1_195' title='bbox 1547 1938 1596 1990; x_wconf 92' lang='lat' dir='ltr'><strong>in</strong></span> <span class='ocrx_word' id='word_1_196' title='bbox 1634 1946 1879 2005; x_wconf 89' lang='lat' dir='ltr'><strong>quantum</strong></span> <span class='ocrx_word' id='word_1_197' title='bbox 1912 1938 2077 2007; x_wconf 51' lang='lat' dir='ltr'><strong>victo-5</strong></span> 
     </span>
    </p>
   </div>
   <div class='ocr_carea' id='block_1_26' title="bbox 545 2006 2074 2078">
    <p class='ocr_par' dir='ltr' id='par_1_26' title="bbox 545 2006 2074 2078">
     <span class='ocr_line' id='line_1_26' title="bbox 545 2006 2074 2078; baseline -0.005 -11"><span class='ocrx_word' id='word_1_198' title='bbox 545 2028 630 2067; x_wconf 89' lang='lat' dir='ltr'><strong>res</strong></span> <span class='ocrx_word' id='word_1_199' title='bbox 660 2013 849 2066; x_wconf 87' lang='lat' dir='ltr'><strong>inimici</strong></span> <span class='ocrx_word' id='word_1_200' title='bbox 878 2006 1077 2078; x_wconf 76' lang='lat' dir='ltr'><strong>gloriati</strong></span> <span class='ocrx_word' id='word_1_201' title='bbox 1104 2015 1245 2067; x_wconf 77' lang='lat' dir='ltr'><strong>sunt,</strong></span> <span class='ocrx_word' id='word_1_202' title='bbox 1296 2008 1515 2078; x_wconf 78' lang='lat' dir='ltr'><strong>scilicet,</strong></span> <span class='ocrx_word' id='word_1_203' title='bbox 1566 2007 1615 2059; x_wconf 90' lang='lat' dir='ltr'><strong>in</strong></span> <span class='ocrx_word' id='word_1_204' title='bbox 1668 2016 1887 2078; x_wconf 87' lang='lat' dir='ltr'><strong>tantum,</strong></span> <span class='ocrx_word' id='word_1_205' title='bbox 1938 2006 2074 2074; x_wconf 87' lang='lat' dir='ltr'><strong>quod</strong></span> 
     </span>
    </p>
   </div>
   <div class='ocr_carea' id='block_1_27' title="bbox 545 2077 2073 2152">
    <p class='ocr_par' dir='ltr' id='par_1_27' title="bbox 545 2077 2073 2152">
     <span class='ocr_line' id='line_1_27' title="bbox 545 2077 2073 2152; baseline -0.006 -16"><span class='ocrx_word' id='word_1_206' title='bbox 545 2090 815 2152; x_wconf 84' lang='lat' dir='ltr'><strong>posuerunt</strong></span> <span class='ocrx_word' id='word_1_207' title='bbox 854 2077 996 2152; x_wconf 79' lang='lat' dir='ltr'><strong>signa</strong></span> <span class='ocrx_word' id='word_1_208' title='bbox 1028 2089 1139 2139; x_wconf 77' lang='lat' dir='ltr'><strong>sua,</strong></span> <span class='ocrx_word' id='word_1_209' title='bbox 1184 2077 1500 2152; x_wconf 34' lang='lat' dir='ltr'><strong>non.ttt:t,_id</strong></span> <span class='ocrx_word' id='word_1_210' title='bbox 1530 2085 1630 2136; x_wconf 83' lang='lat' dir='ltr'><strong>est,</strong></span> <span class='ocrx_word' id='word_1_211' title='bbox 1681 2077 1904 2152; x_wconf 80' lang='lat' dir='ltr'><strong>aquilas,</strong></span> <span class='ocrx_word' id='word_1_212' title='bbox 1952 2077 2073 2128; x_wconf 81' lang='lat' dir='ltr'><strong>dra-</strong></span> 
     </span>
    </p>
   </div>
   <div class='ocr_carea' id='block_1_28' title="bbox 546 2145 2075 2213">
    <p class='ocr_par' dir='ltr' id='par_1_28' title="bbox 546 2145 2075 2213">
     <span class='ocr_line' id='line_1_28' title="bbox 546 2145 2075 2213; baseline -0.003 -12"><span class='ocrx_word' id='word_1_213' title='bbox 546 2145 722 2213; x_wconf 71' lang='lat' dir='ltr'><strong>i-ones,</strong></span> <span class='ocrx_word' id='word_1_214' title='bbox 757 2149 963 2209; x_wconf 68' lang='lat' dir='ltr'><strong>vexilla,</strong></span> <span class='ocrx_word' id='word_1_215' title='bbox 995 2160 1112 2210; x_wconf 71' lang='lat' dir='ltr'><strong>qua:</strong></span> <span class='ocrx_word' id='word_1_216' title='bbox 1144 2163 1239 2197; x_wconf 65' lang='lat' dir='ltr'><strong>sua</strong></span> <span class='ocrx_word' id='word_1_217' title='bbox 1269 2145 1499 2196; x_wconf 72' lang='lat' dir='ltr'><strong>victoria:</strong></span> <span class='ocrx_word' id='word_1_218' title='bbox 1529 2148 1855 2211; x_wconf 86' lang='lat' dir='ltr'><strong>erantsigna,</strong></span> <span class='ocrx_word' id='word_1_219' title='bbox 1892 2159 2075 2211; x_wconf 82' lang='lat' dir='ltr'><strong>posue-</strong></span> 
     </span>
    </p>
   </div>
   <div class='ocr_carea' id='block_1_29' title="bbox 547 2213 2077 2286">
    <p class='ocr_par' dir='ltr' id='par_1_29' title="bbox 547 2213 2077 2286">
     <span class='ocr_line' id='line_1_29' title="bbox 547 2213 2077 2286; baseline -0.006 -13"><span class='ocrx_word' id='word_1_220' title='bbox 547 2232 664 2273; x_wconf 91' lang='lat' dir='ltr'><strong>runt</strong></span> <span class='ocrx_word' id='word_1_221' title='bbox 694 2234 838 2286; x_wconf 85' lang='lat' dir='ltr'><strong>super</strong></span> <span class='ocrx_word' id='word_1_222' title='bbox 869 2226 1116 2268; x_wconf 75' lang='lat' dir='ltr'><strong>summm</strong></span> <span class='ocrx_word' id='word_1_223' title='bbox 1142 2216 1313 2286; x_wconf 79' lang='lat' dir='ltr'><strong>locum</strong></span> <span class='ocrx_word' id='word_1_224' title='bbox 1338 2213 1584 2286; x_wconf 75' lang='lat' dir='ltr'><strong>civitatis,</strong></span> <span class='ocrx_word' id='word_1_225' title='bbox 1616 2214 1724 2265; x_wconf 82' lang='lat' dir='ltr'><strong>sive</strong></span> <span class='ocrx_word' id='word_1_226' title='bbox 1755 2215 1954 2286; x_wconf 81' lang='lat' dir='ltr'><strong>templi,</strong></span> <span class='ocrx_word' id='word_1_227' title='bbox 2008 2217 2077 2286; x_wconf 74' lang='lat' dir='ltr'><strong>si-</strong></span> 
     </span>
    </p>
   </div>
   <div class='ocr_carea' id='block_1_30' title="bbox 548 2283 2075 2347">
    <p class='ocr_par' dir='ltr' id='par_1_30' title="bbox 548 2283 2075 2347">
     <span class='ocr_line' id='line_1_30' title="bbox 548 2283 2075 2347; baseline -0.003 -6"><span class='ocrx_word' id='word_1_228' title='bbox 548 2302 629 2342; x_wconf 82' lang='lat' dir='ltr'><strong>cut</strong></span> <span class='ocrx_word' id='word_1_229' title='bbox 668 2283 835 2342; x_wconf 77' lang='lat' dir='ltr'><strong>solent</strong></span> <span class='ocrx_word' id='word_1_230' title='bbox 864 2295 1046 2337; x_wconf 69' lang='lat' dir='ltr'><strong>statua:</strong></span> <span class='ocrx_word' id='word_1_231' title='bbox 1091 2285 1208 2347; x_wconf 89' lang='lat' dir='ltr'><strong>pooi</strong></span> <span class='ocrx_word' id='word_1_232' title='bbox 1239 2283 1288 2333; x_wconf 87' lang='lat' dir='ltr'><strong>in</strong></span> <span class='ocrx_word' id='word_1_233' title='bbox 1328 2285 1463 2334; x_wconf 73' lang='lat' dir='ltr'><strong>exitu</strong></span> <span class='ocrx_word' id='word_1_234' title='bbox 1506 2283 1724 2344; x_wconf 87' lang='lat' dir='ltr'><strong>viarum,</strong></span> <span class='ocrx_word' id='word_1_235' title='bbox 1779 2283 1831 2334; x_wconf 96' lang='lat' dir='ltr'><strong>id</strong></span> <span class='ocrx_word' id='word_1_236' title='bbox 1876 2293 1976 2344; x_wconf 84' lang='lat' dir='ltr'><strong>est,</strong></span> <span class='ocrx_word' id='word_1_237' title='bbox 2025 2283 2075 2336; x_wconf 84' lang='lat' dir='ltr'><strong>iit</strong></span> 
     </span>
    </p>
   </div>
   <div class='ocr_carea' id='block_1_31' title="bbox 548 2352 2079 2418">
    <p class='ocr_par' dir='ltr' id='par_1_31' title="bbox 548 2352 2079 2418">
     <span class='ocr_line' id='line_1_31' title="bbox 548 2352 2079 2418; baseline -0.003 -9"><span class='ocrx_word' id='word_1_238' title='bbox 548 2360 713 2412; x_wconf 67' lang='lat' dir='ltr'><strong>triviis</strong></span> <span class='ocrx_word' id='word_1_239' title='bbox 742 2357 817 2408; x_wconf 87' lang='lat' dir='ltr'><strong>vel</strong></span> <span class='ocrx_word' id='word_1_240' title='bbox 850 2353 1149 2418; x_wconf 69' lang='lat' dir='ltr'><strong>quadritiis,</strong></span> <span class='ocrx_word' id='word_1_241' title='bbox 1183 2363 1285 2403; x_wconf 88' lang='lat' dir='ltr'><strong>uta</strong></span> <span class='ocrx_word' id='word_1_242' title='bbox 1320 2352 1548 2416; x_wconf 82' lang='lat' dir='ltr'><strong>pluribus</strong></span> <span class='ocrx_word' id='word_1_243' title='bbox 1573 2353 1866 2414; x_wconf 89' lang='lat' dir='ltr'><strong>videantur,</strong></span> <span class='ocrx_word' id='word_1_244' title='bbox 1898 2360 1950 2403; x_wconf 90' lang='lat' dir='ltr'><strong>et</strong></span> <span class='ocrx_word' id='word_1_245' title='bbox 1981 2353 2079 2405; x_wconf 88' lang='lat' dir='ltr'><strong>hoc</strong></span> 
     </span>
    </p>
   </div>
   <div class='ocr_carea' id='block_1_32' title="bbox 544 2423 2079 2491">
    <p class='ocr_par' dir='ltr' id='par_1_32' title="bbox 544 2423 2079 2491">
     <span class='ocr_line' id='line_1_32' title="bbox 544 2423 2079 2491; baseline -0.005 -10"><span class='ocrx_word' id='word_1_246' title='bbox 544 2430 682 2490; x_wconf 66' lang='lat' dir='ltr'><strong>ideo,</strong></span> <span class='ocrx_word' id='word_1_247' title='bbox 725 2428 843 2491; x_wconf 82' lang='lat' dir='ltr'><strong>quia</strong></span> <span class='ocrx_word' id='word_1_248' title='bbox 884 2440 977 2475; x_wconf 82' lang='lat' dir='ltr'><strong>non</strong></span> <span class='ocrx_word' id='word_1_249' title='bbox 1021 2430 1367 2489; x_wconf 83' lang='lat' dir='ltr'><strong>cognoverant.</strong></span> <span class='ocrx_word' id='word_1_250' title='bbox 1400 2423 1532 2484; x_wconf 88' lang='lat' dir='ltr'><strong>Quid</strong></span> <span class='ocrx_word' id='word_1_251' title='bbox 1572 2437 1669 2472; x_wconf 84' lang='lat' dir='ltr'><strong>non</strong></span> <span class='ocrx_word' id='word_1_252' title='bbox 1704 2423 2079 2490; x_wconf 81' lang='lat' dir='ltr'><strong>cognoverunt?</strong></span> 
     </span>
    </p>
   </div>
   <div class='ocr_carea' id='block_1_33' title="bbox 544 2492 2075 2554">
    <p class='ocr_par' dir='ltr' id='par_1_33' title="bbox 544 2492 2075 2554">
     <span class='ocr_line' id='line_1_33' title="bbox 544 2492 2075 2554; baseline -0.005 -3"><span class='ocrx_word' id='word_1_253' title='bbox 544 2499 776 2554; x_wconf 84' lang='lat' dir='ltr'><strong>Scilicet,</strong></span> <span class='ocrx_word' id='word_1_254' title='bbox 809 2495 1075 2545; x_wconf 83' lang='lat' dir='ltr'><strong>victoriam</strong></span> <span class='ocrx_word' id='word_1_255' title='bbox 1107 2492 1242 2542; x_wconf 82' lang='lat' dir='ltr'><strong>illam</strong></span> <span class='ocrx_word' id='word_1_256' title='bbox 1268 2505 1369 2543; x_wconf 91' lang='lat' dir='ltr'><strong>non</strong></span> <span class='ocrx_word' id='word_1_257' title='bbox 1396 2506 1486 2541; x_wconf 86' lang='lat' dir='ltr'><strong>sua</strong></span> <span class='ocrx_word' id='word_1_258' title='bbox 1509 2505 1627 2543; x_wconf 79' lang='lat' dir='ltr'><strong>esse</strong></span> <span class='ocrx_word' id='word_1_259' title='bbox 1653 2494 1870 2553; x_wconf 69' lang='lat' dir='ltr'><strong>virtute,</strong></span> <span class='ocrx_word' id='word_1_260' title='bbox 1894 2492 1983 2543; x_wconf 83' lang='lat' dir='ltr'><strong>sed</strong></span> <span class='ocrx_word' id='word_1_261' title='bbox 2011 2506 2075 2543; x_wconf 80' lang='lat' dir='ltr'><strong>ex</strong></span> 
     </span>
    </p>
   </div>
   <div class='ocr_carea' id='block_1_34' title="bbox 543 2559 2079 2629">
    <p class='ocr_par' dir='ltr' id='par_1_34' title="bbox 543 2559 2079 2629">
     <span class='ocr_line' id='line_1_34' title="bbox 543 2559 2079 2629; baseline -0.005 -10"><span class='ocrx_word' id='word_1_262' title='bbox 543 2576 717 2619; x_wconf 88' lang='lat' dir='ltr'><strong>nostra</strong></span> <span class='ocrx_word' id='word_1_263' title='bbox 762 2564 1069 2629; x_wconf 78' lang='lat' dir='ltr'><strong>iniquitate;</strong></span> <span class='ocrx_word' id='word_1_264' title='bbox 1113 2575 1211 2611; x_wconf 88' lang='lat' dir='ltr'><strong>nec</strong></span> <span class='ocrx_word' id='word_1_265' title='bbox 1254 2561 1587 2611; x_wconf 87' lang='lat' dir='ltr'><strong>attenderunt</strong></span> <span class='ocrx_word' id='word_1_266' title='bbox 1630 2559 1747 2625; x_wconf 89' lang='lat' dir='ltr'><strong>quia</strong></span> <span class='ocrx_word' id='word_1_267' title='bbox 1766 2568 1967 2629; x_wconf 12' lang='lat' dir='ltr'><strong>gesseut</strong></span> <span class='ocrx_word' id='word_1_268' title='bbox 1998 2559 2079 2613; x_wconf 85' lang='lat' dir='ltr'><strong>in-</strong></span> 
     </span>
    </p>
   </div>
   <div class='ocr_carea' id='block_1_35' title="bbox 544 2627 2075 2694">
    <p class='ocr_par' dir='ltr' id='par_1_35' title="bbox 544 2627 2075 2694">
     <span class='ocr_line' id='line_1_35' title="bbox 544 2627 2075 2694; baseline -0.004 -7"><span class='ocrx_word' id='word_1_269' title='bbox 544 2643 830 2687; x_wconf 86' lang='lat' dir='ltr'><strong>strumenta</strong></span> <span class='ocrx_word' id='word_1_270' title='bbox 856 2627 932 2682; x_wconf 82' lang='lat' dir='ltr'><strong>tui</strong></span> <span class='ocrx_word' id='word_1_271' title='bbox 964 2630 1097 2690; x_wconf 85' lang='lat' dir='ltr'><strong>irati,</strong></span> <span class='ocrx_word' id='word_1_272' title='bbox 1130 2642 1229 2680; x_wconf 89' lang='lat' dir='ltr'><strong>non</strong></span> <span class='ocrx_word' id='word_1_273' title='bbox 1261 2643 1474 2694; x_wconf 78' lang='lat' dir='ltr'><strong>regnum</strong></span> <span class='ocrx_word' id='word_1_274' title='bbox 1508 2629 1716 2691; x_wconf 82' lang='lat' dir='ltr'><strong>placati.</strong></span> <span class='ocrx_word' id='word_1_275' title='bbox 1762 2627 1906 2680; x_wconf 85' lang='lat' dir='ltr'><strong>Facit</strong></span> <span class='ocrx_word' id='word_1_276' title='bbox 1934 2632 2075 2681; x_wconf 90' lang='lat' dir='ltr'><strong>enim</strong></span> 
     </span>
    </p>
   </div>
   <div class='ocr_carea' id='block_1_36' title="bbox 548 2698 2079 2763">
    <p class='ocr_par' dir='ltr' id='par_1_36' title="bbox 548 2698 2079 2763">
     <span class='ocr_line' id='line_1_36' title="bbox 548 2698 2079 2763; baseline -0.005 -7"><span class='ocrx_word' id='word_1_277' title='bbox 548 2704 605 2757; x_wconf 60' lang='lat' dir='ltr'><strong>Di</strong></span> <span class='ocrx_word' id='word_1_278' title='bbox 624 2720 681 2755; x_wconf 40' lang='lat' dir='ltr'><strong>us</strong></span> <span class='ocrx_word' id='word_1_279' title='bbox 710 2708 839 2755; x_wconf 88' lang='lat' dir='ltr'><strong>sicut</strong></span> <span class='ocrx_word' id='word_1_280' title='bbox 872 2701 1048 2761; x_wconf 90' lang='lat' dir='ltr'><strong>homo,</strong></span> <span class='ocrx_word' id='word_1_281' title='bbox 1082 2700 1235 2749; x_wconf 87' lang='lat' dir='ltr'><strong>homo</strong></span> <span class='ocrx_word' id='word_1_282' title='bbox 1259 2699 1416 2750; x_wconf 92' lang='lat' dir='ltr'><strong>lilium</strong></span> <span class='ocrx_word' id='word_1_283' title='bbox 1441 2703 1679 2749; x_wconf 72' lang='lat' dir='ltr'><strong>verberat</strong></span> <span class='ocrx_word' id='word_1_284' title='bbox 1703 2698 1936 2763; x_wconf 83' lang='lat' dir='ltr'><strong>quolibet</strong></span> <span class='ocrx_word' id='word_1_285' title='bbox 1965 2713 2079 2751; x_wconf 85' lang='lat' dir='ltr'><strong>sar-</strong></span> 
     </span>
    </p>
   </div>
   <div class='ocr_carea' id='block_1_37' title="bbox 546 2767 2079 2835">
    <p class='ocr_par' dir='ltr' id='par_1_37' title="bbox 546 2767 2079 2835">
     <span class='ocr_line' id='line_1_37' title="bbox 546 2767 2079 2835; baseline -0.004 -10"><span class='ocrx_word' id='word_1_286' title='bbox 546 2784 741 2835; x_wconf 89' lang='lat' dir='ltr'><strong>mento,</strong></span> <span class='ocrx_word' id='word_1_287' title='bbox 790 2770 979 2821; x_wconf 85' lang='lat' dir='ltr'><strong>deinde</strong></span> <span class='ocrx_word' id='word_1_288' title='bbox 1020 2776 1338 2819; x_wconf 78' lang='lat' dir='ltr'><strong>sarmentum</strong></span> <span class='ocrx_word' id='word_1_289' title='bbox 1386 2767 1593 2833; x_wconf 74' lang='lat' dir='ltr'><strong>proiicit</strong></span> <span class='ocrx_word' id='word_1_290' title='bbox 1625 2769 1673 2818; x_wconf 93' lang='lat' dir='ltr'><strong>in</strong></span> <span class='ocrx_word' id='word_1_291' title='bbox 1725 2767 1943 2833; x_wconf 52' lang='lat' dir='ltr'><strong>ignem,‘</strong></span> <span class='ocrx_word' id='word_1_292' title='bbox 1972 2768 2079 2819; x_wconf 84' lang='lat' dir='ltr'><strong>tilio</strong></span> 
     </span>
    </p>
   </div>
   <div class='ocr_carea' id='block_1_38' title="bbox 548 2835 2080 2899">
    <p class='ocr_par' dir='ltr' id='par_1_38' title="bbox 548 2835 2080 2899">
     <span class='ocr_line' id='line_1_38' title="bbox 548 2835 2080 2899; baseline -0.002 -6"><span class='ocrx_word' id='word_1_293' title='bbox 548 2857 673 2895; x_wconf 86' lang='lat' dir='ltr'><strong>vero</strong></span> <span class='ocrx_word' id='word_1_294' title='bbox 719 2848 888 2893; x_wconf 72' lang='lat' dir='ltr'><strong>servat</strong></span> <span class='ocrx_word' id='word_1_295' title='bbox 939 2838 1340 2899; x_wconf 68' lang='lat' dir='ltr'><strong>hanreditatem;</strong></span> <span class='ocrx_word' id='word_1_296' title='bbox 1381 2837 1455 2887; x_wconf 90' lang='lat' dir='ltr'><strong>sic</strong></span> <span class='ocrx_word' id='word_1_297' title='bbox 1492 2846 1543 2889; x_wconf 90' lang='lat' dir='ltr'><strong>et</strong></span> <span class='ocrx_word' id='word_1_298' title='bbox 1592 2835 1727 2889; x_wconf 89' lang='lat' dir='ltr'><strong>Deus</strong></span> <span class='ocrx_word' id='word_1_299' title='bbox 1778 2850 1867 2899; x_wconf 87' lang='lat' dir='ltr'><strong>per</strong></span> <span class='ocrx_word' id='word_1_300' title='bbox 1916 2837 2080 2890; x_wconf 82' lang='lat' dir='ltr'><strong>malos</strong></span> 
     </span>
    </p>
   </div>
   <div class='ocr_carea' id='block_1_39' title="bbox 546 2905 2078 2977">
    <p class='ocr_par' dir='ltr' id='par_1_39' title="bbox 546 2905 2078 2977">
     <span class='ocr_line' id='line_1_39' title="bbox 546 2905 2078 2977; baseline -0.005 -12"><span class='ocrx_word' id='word_1_301' title='bbox 546 2910 767 2977; x_wconf 81' lang='lat' dir='ltr'><strong>ca5tigat</strong></span> <span class='ocrx_word' id='word_1_302' title='bbox 796 2909 979 2966; x_wconf 87' lang='lat' dir='ltr'><strong>booos,</strong></span> <span class='ocrx_word' id='word_1_303' title='bbox 1028 2914 1078 2957; x_wconf 91' lang='lat' dir='ltr'><strong>et</strong></span> <span class='ocrx_word' id='word_1_304' title='bbox 1106 2920 1196 2977; x_wconf 80' lang='lat' dir='ltr'><strong>per</strong></span> <span class='ocrx_word' id='word_1_305' title='bbox 1222 2905 1566 2977; x_wconf 70' lang='lat' dir='ltr'><strong>temporalem</strong></span> <span class='ocrx_word' id='word_1_306' title='bbox 1589 2913 1901 2971; x_wconf 85' lang='lat' dir='ltr'><strong>potestatem</strong></span> <span class='ocrx_word' id='word_1_307' title='bbox 1931 2906 2078 2977; x_wconf 14' lang='lat' dir='ltr'><strong>dam-7</strong></span> 
     </span>
    </p>
   </div>
   <div class='ocr_carea' id='block_1_40' title="bbox 544 2974 2079 3039">
    <p class='ocr_par' dir='ltr' id='par_1_40' title="bbox 544 2974 2079 3039">
     <span class='ocr_line' id='line_1_40' title="bbox 544 2974 2079 3039; baseline -0.005 -5"><span class='ocrx_word' id='word_1_308' title='bbox 544 2974 832 3034; x_wconf 78' lang='lat' dir='ltr'><strong>naniloruni</strong></span> <span class='ocrx_word' id='word_1_309' title='bbox 883 2986 1088 3029; x_wconf 78' lang='lat' dir='ltr'><strong>exercet</strong></span> <span class='ocrx_word' id='word_1_310' title='bbox 1142 2974 1466 3039; x_wconf 84' lang='lat' dir='ltr'><strong>disciplinam</strong></span> <span class='ocrx_word' id='word_1_311' title='bbox 1520 2975 1923 3027; x_wconf 87' lang='lat' dir='ltr'><strong>liberandorum.</strong></span> <span class='ocrx_word' id='word_1_312' title='bbox 1989 2974 2079 3027; x_wconf 82' lang='lat' dir='ltr'><strong>Vel</strong></span> 
     </span>
    </p>
   </div>
   <div class='ocr_carea' id='block_1_41' title="bbox 546 3044 2081 3113">
    <p class='ocr_par' dir='ltr' id='par_1_41' title="bbox 546 3044 2081 3113">
     <span class='ocr_line' id='line_1_41' title="bbox 546 3044 2081 3113; baseline -0.003 -11"><span class='ocrx_word' id='word_1_313' title='bbox 546 3052 727 3102; x_wconf 85' lang='lat' dir='ltr'><strong>aliter:</strong></span> <span class='ocrx_word' id='word_1_314' title='bbox 764 3047 1041 3098; x_wconf 77' lang='lat' dir='ltr'><strong>I’osuerunt</strong></span> <span class='ocrx_word' id='word_1_315' title='bbox 1078 3044 1218 3113; x_wconf 81' lang='lat' dir='ltr'><strong>signa</strong></span> <span class='ocrx_word' id='word_1_316' title='bbox 1246 3060 1359 3107; x_wconf 87' lang='lat' dir='ltr'><strong>sua,</strong></span> <span class='ocrx_word' id='word_1_317' title='bbox 1391 3054 1555 3094; x_wconf 84' lang='lat' dir='ltr'><strong>etnon</strong></span> <span class='ocrx_word' id='word_1_318' title='bbox 1588 3053 1940 3111; x_wconf 70' lang='lat' dir='ltr'><strong>cognouerunt,</strong></span> <span class='ocrx_word' id='word_1_319' title='bbox 1985 3046 2081 3097; x_wconf 87' lang='lat' dir='ltr'><strong>hoc</strong></span> 
     </span>
    </p>
   </div>
   <div class='ocr_carea' id='block_1_42' title="bbox 2159 550 3711 620">
    <p class='ocr_par' dir='ltr' id='par_1_42' title="bbox 2159 550 3711 620">
     <span class='ocr_line' id='line_1_42' title="bbox 2159 550 3711 620; baseline 0.001 -16"><span class='ocrx_word' id='word_1_320' title='bbox 2159 561 2370 614; x_wconf 63' lang='lat' dir='ltr'><strong>storem</strong></span> <span class='ocrx_word' id='word_1_321' title='bbox 2403 566 2506 603; x_wconf 90' lang='lat' dir='ltr'><strong>non</strong></span> <span class='ocrx_word' id='word_1_322' title='bbox 2529 550 2959 620; x_wconf 79' lang='lat' dir='ltr'><strong>agnoscebamus.</strong></span> <span class='ocrx_word' id='word_1_323' title='bbox 2993 550 3119 620; x_wconf 81' lang='lat' dir='ltr'><strong>Nam</strong></span> <span class='ocrx_word' id='word_1_324' title='bbox 3145 567 3241 603; x_wconf 81' lang='lat' dir='ltr'><strong>non</strong></span> <span class='ocrx_word' id='word_1_325' title='bbox 3264 551 3499 616; x_wconf 76' lang='lat' dir='ltr'><strong>vidimus,</strong></span> <span class='ocrx_word' id='word_1_326' title='bbox 3530 552 3581 605; x_wconf 90' lang='lat' dir='ltr'><strong>id</strong></span> <span class='ocrx_word' id='word_1_327' title='bbox 3615 565 3711 616; x_wconf 82' lang='lat' dir='ltr'><strong>est,</strong></span> 
     </span>
    </p>
   </div>
   <div class='ocr_carea' id='block_1_43' title="bbox 2176 619 3709 691">
    <p class='ocr_par' dir='ltr' id='par_1_43' title="bbox 2176 619 3709 691">
     <span class='ocr_line' id='line_1_43' title="bbox 2176 619 3709 691; baseline 0.001 -18"><span class='ocrx_word' id='word_1_328' title='bbox 2176 636 2280 673; x_wconf 90' lang='lat' dir='ltr'><strong>non</strong></span> <span class='ocrx_word' id='word_1_329' title='bbox 2307 619 2625 674; x_wconf 85' lang='lat' dir='ltr'><strong>attendimus</strong></span> <span class='ocrx_word' id='word_1_330' title='bbox 2650 622 2796 691; x_wconf 77' lang='lat' dir='ltr'><strong>signa</strong></span> <span class='ocrx_word' id='word_1_331' title='bbox 2840 631 3026 681; x_wconf 77' lang='lat' dir='ltr'><strong>nostra,</strong></span> <span class='ocrx_word' id='word_1_332' title='bbox 3068 619 3118 673; x_wconf 87' lang='lat' dir='ltr'><strong>id</strong></span> <span class='ocrx_word' id='word_1_333' title='bbox 3142 630 3245 683; x_wconf 86' lang='lat' dir='ltr'><strong>est,</strong></span> <span class='ocrx_word' id='word_1_334' title='bbox 3275 621 3417 687; x_wconf 81' lang='lat' dir='ltr'><strong>signa</strong></span> <span class='ocrx_word' id='word_1_335' title='bbox 3451 624 3515 674; x_wconf 80' lang='lat' dir='ltr'><strong>de</strong></span> <span class='ocrx_word' id='word_1_336' title='bbox 3541 623 3709 674; x_wconf 69' lang='lat' dir='ltr'><strong>risita~</strong></span> 
     </span>
    </p>
   </div>
   <div class='ocr_carea' id='block_1_44' title="bbox 2175 690 3712 756">
    <p class='ocr_par' dir='ltr' id='par_1_44' title="bbox 2175 690 3712 756">
     <span class='ocr_line' id='line_1_44' title="bbox 2175 690 3712 756; baseline 0.003 -15"><span class='ocrx_word' id='word_1_337' title='bbox 2175 691 2331 742; x_wconf 83' lang='lat' dir='ltr'><strong>tionis</strong></span> <span class='ocrx_word' id='word_1_338' title='bbox 2363 698 2596 755; x_wconf 86' lang='lat' dir='ltr'><strong>tempore</strong></span> <span class='ocrx_word' id='word_1_339' title='bbox 2635 690 2785 742; x_wconf 80' lang='lat' dir='ltr'><strong>nubis</strong></span> <span class='ocrx_word' id='word_1_340' title='bbox 2814 692 2931 742; x_wconf 83' lang='lat' dir='ltr'><strong>data</strong></span> <span class='ocrx_word' id='word_1_341' title='bbox 2958 690 3063 756; x_wconf 86' lang='lat' dir='ltr'><strong>jam</strong></span> <span class='ocrx_word' id='word_1_342' title='bbox 3093 703 3211 743; x_wconf 86' lang='lat' dir='ltr'><strong>esse</strong></span> <span class='ocrx_word' id='word_1_343' title='bbox 3255 691 3537 755; x_wconf 85' lang='lat' dir='ltr'><strong>completa.</strong></span> <span class='ocrx_word' id='word_1_344' title='bbox 3590 700 3712 750; x_wconf 70' lang='lat' dir='ltr'><strong>Uua</strong></span> 
     </span>
    </p>
   </div>
   <div class='ocr_carea' id='block_1_45' title="bbox 2175 758 3711 826">
    <p class='ocr_par' dir='ltr' id='par_1_45' title="bbox 2175 758 3711 826">
     <span class='ocr_line' id='line_1_45' title="bbox 2175 758 3711 826; baseline 0.002 -15"><span class='ocrx_word' id='word_1_345' title='bbox 2175 768 2344 812; x_wconf 84' lang='lat' dir='ltr'><strong>tamen</strong></span> <span class='ocrx_word' id='word_1_346' title='bbox 2387 760 2563 811; x_wconf 87' lang='lat' dir='ltr'><strong>videre</strong></span> <span class='ocrx_word' id='word_1_347' title='bbox 2591 760 2872 824; x_wconf 82' lang='lat' dir='ltr'><strong>potuimus,</strong></span> <span class='ocrx_word' id='word_1_348' title='bbox 2912 758 3033 826; x_wconf 88' lang='lat' dir='ltr'><strong>quia</strong></span> <span class='ocrx_word' id='word_1_349' title='bbox 3070 760 3180 826; x_wconf 85' lang='lat' dir='ltr'><strong>jam</strong></span> <span class='ocrx_word' id='word_1_350' title='bbox 3205 773 3304 809; x_wconf 80' lang='lat' dir='ltr'><strong>non</strong></span> <span class='ocrx_word' id='word_1_351' title='bbox 3339 770 3406 811; x_wconf 83' lang='lat' dir='ltr'><strong>est</strong></span> <span class='ocrx_word' id='word_1_352' title='bbox 3451 761 3711 826; x_wconf 64' lang='lat' dir='ltr'><strong>propheta.</strong></span> 
     </span>
    </p>
   </div>
   <div class='ocr_carea' id='block_1_46' title="bbox 2174 827 3709 897">
    <p class='ocr_par' dir='ltr' id='par_1_46' title="bbox 2174 827 3709 897">
     <span class='ocr_line' id='line_1_46' title="bbox 2174 827 3709 897; baseline 0 -18"><span class='ocrx_word' id='word_1_353' title='bbox 2174 827 2308 897; x_wconf 72' lang='lat' dir='ltr'><strong>Ecce</strong></span> <span class='ocrx_word' id='word_1_354' title='bbox 2338 842 2496 880; x_wconf 83' lang='lat' dir='ltr'><strong>unum</strong></span> <span class='ocrx_word' id='word_1_355' title='bbox 2526 842 2591 879; x_wconf 86' lang='lat' dir='ltr'><strong>ex</strong></span> <span class='ocrx_word' id='word_1_356' title='bbox 2620 829 2802 893; x_wconf 84' lang='lat' dir='ltr'><strong>signis,</strong></span> <span class='ocrx_word' id='word_1_357' title='bbox 2829 829 2963 894; x_wconf 82' lang='lat' dir='ltr'><strong>quod</strong></span> <span class='ocrx_word' id='word_1_358' title='bbox 2996 829 3112 880; x_wconf 91' lang='lat' dir='ltr'><strong>ideo</strong></span> <span class='ocrx_word' id='word_1_359' title='bbox 3138 830 3363 879; x_wconf 82' lang='lat' dir='ltr'><strong>maxime</strong></span> <span class='ocrx_word' id='word_1_360' title='bbox 3394 839 3562 893; x_wconf 82' lang='lat' dir='ltr'><strong>ponit.</strong></span> <span class='ocrx_word' id='word_1_361' title='bbox 3595 836 3709 897; x_wconf 77' lang='lat' dir='ltr'><strong>quis</strong></span> 
     </span>
    </p>
   </div>
   <div class='ocr_carea' id='block_1_47' title="bbox 2176 895 3707 963">
    <p class='ocr_par' dir='ltr' id='par_1_47' title="bbox 2176 895 3707 963">
     <span class='ocr_line' id='line_1_47' title="bbox 2176 895 3707 963; baseline 0 -14"><span class='ocrx_word' id='word_1_362' title='bbox 2176 895 2229 949; x_wconf 88' lang='lat' dir='ltr'><strong>in</strong></span> <span class='ocrx_word' id='word_1_363' title='bbox 2258 898 2373 949; x_wconf 83' lang='lat' dir='ltr'><strong>aliis</strong></span> <span class='ocrx_word' id='word_1_364' title='bbox 2410 898 2654 950; x_wconf 90' lang='lat' dir='ltr'><strong>omnibus</strong></span> <span class='ocrx_word' id='word_1_365' title='bbox 2684 898 3119 963; x_wconf 81' lang='lat' dir='ltr'><strong>captivationibus</strong></span> <span class='ocrx_word' id='word_1_366' title='bbox 3151 911 3339 960; x_wconf 56' lang='lat' dir='ltr'><strong>praeter</strong></span> <span class='ocrx_word' id='word_1_367' title='bbox 3370 899 3504 949; x_wconf 84' lang='lat' dir='ltr'><strong>hanc</strong></span> <span class='ocrx_word' id='word_1_368' title='bbox 3531 895 3707 950; x_wconf 67' lang='lat' dir='ltr'><strong>noris-</strong></span> 
     </span>
    </p>
   </div>
   <div class='ocr_carea' id='block_1_48' title="bbox 2171 964 3709 1033">
    <p class='ocr_par' dir='ltr' id='par_1_48' title="bbox 2171 964 3709 1033">
     <span class='ocr_line' id='line_1_48' title="bbox 2171 964 3709 1033; baseline 0.002 -16"><span class='ocrx_word' id='word_1_369' title='bbox 2171 968 2357 1020; x_wconf 80' lang='lat' dir='ltr'><strong>simam</strong></span> <span class='ocrx_word' id='word_1_370' title='bbox 2390 965 2602 1019; x_wconf 80' lang='lat' dir='ltr'><strong>fuerunt</strong></span> <span class='ocrx_word' id='word_1_371' title='bbox 2646 979 2858 1032; x_wconf 82' lang='lat' dir='ltr'><strong>semper</strong></span> <span class='ocrx_word' id='word_1_372' title='bbox 2884 966 3041 1033; x_wconf 84' lang='lat' dir='ltr'><strong>aliqui</strong></span> <span class='ocrx_word' id='word_1_373' title='bbox 3074 964 3363 1031; x_wconf 64' lang='lat' dir='ltr'><strong>prophetae,</strong></span> <span class='ocrx_word' id='word_1_374' title='bbox 3411 971 3497 1031; x_wconf 82' lang='lat' dir='ltr'><strong>qui</strong></span> <span class='ocrx_word' id='word_1_375' title='bbox 3527 981 3605 1020; x_wconf 75' lang='lat' dir='ltr'><strong>eis</strong></span> <span class='ocrx_word' id='word_1_376' title='bbox 3633 985 3709 1020; x_wconf 83' lang='lat' dir='ltr'><strong>re-</strong></span> 
     </span>
    </p>
   </div>
   <div class='ocr_carea' id='block_1_49' title="bbox 2173 1033 3707 1102">
    <p class='ocr_par' dir='ltr' id='par_1_49' title="bbox 2173 1033 3707 1102">
     <span class='ocr_line' id='line_1_49' title="bbox 2173 1033 3707 1102; baseline 0.003 -17"><span class='ocrx_word' id='word_1_377' title='bbox 2173 1034 2338 1087; x_wconf 90' lang='lat' dir='ltr'><strong>ditum</strong></span> <span class='ocrx_word' id='word_1_378' title='bbox 2370 1036 2435 1088; x_wconf 89' lang='lat' dir='ltr'><strong>de</strong></span> <span class='ocrx_word' id='word_1_379' title='bbox 2482 1033 2785 1102; x_wconf 85' lang='lat' dir='ltr'><strong>captivitate</strong></span> <span class='ocrx_word' id='word_1_380' title='bbox 2835 1038 3199 1101; x_wconf 73' lang='lat' dir='ltr'><strong>prtedicerent,</strong></span> <span class='ocrx_word' id='word_1_381' title='bbox 3250 1045 3303 1087; x_wconf 91' lang='lat' dir='ltr'><strong>et</strong></span> <span class='ocrx_word' id='word_1_382' title='bbox 3354 1035 3707 1091; x_wconf 77' lang='lat' dir='ltr'><strong>liberationem</strong></span> 
     </span>
    </p>
   </div>
   <div class='ocr_carea' id='block_1_50' title="bbox 2173 1104 3711 1174">
    <p class='ocr_par' dir='ltr' id='par_1_50' title="bbox 2173 1104 3711 1174">
     <span class='ocr_line' id='line_1_50' title="bbox 2173 1104 3711 1174; baseline 0.005 -20"><span class='ocrx_word' id='word_1_383' title='bbox 2173 1104 2559 1170; x_wconf 87' lang='lat' dir='ltr'><strong>promitterent.</strong></span> <span class='ocrx_word' id='word_1_384' title='bbox 2594 1104 2825 1158; x_wconf 86' lang='lat' dir='ltr'><strong>Fuerunt</strong></span> <span class='ocrx_word' id='word_1_385' title='bbox 2847 1114 3021 1174; x_wconf 80' lang='lat' dir='ltr'><strong>autem</strong></span> <span class='ocrx_word' id='word_1_386' title='bbox 3065 1116 3116 1156; x_wconf 93' lang='lat' dir='ltr'><strong>et</strong></span> <span class='ocrx_word' id='word_1_387' title='bbox 3141 1105 3242 1157; x_wconf 87' lang='lat' dir='ltr'><strong>alia</strong></span> <span class='ocrx_word' id='word_1_388' title='bbox 3275 1107 3523 1170; x_wconf 68' lang='lat' dir='ltr'><strong>praedicta</strong></span> <span class='ocrx_word' id='word_1_389' title='bbox 3567 1109 3711 1174; x_wconf 81' lang='lat' dir='ltr'><strong>signa</strong></span> 
     </span>
    </p>
   </div>
   <div class='ocr_carea' id='block_1_51' title="bbox 2171 1172 3706 1240">
    <p class='ocr_par' dir='ltr' id='par_1_51' title="bbox 2171 1172 3706 1240">
     <span class='ocr_line' id='line_1_51' title="bbox 2171 1172 3706 1240; baseline 0.003 -15"><span class='ocrx_word' id='word_1_390' title='bbox 2171 1174 2239 1225; x_wconf 88' lang='lat' dir='ltr'><strong>de</strong></span> <span class='ocrx_word' id='word_1_391' title='bbox 2268 1182 2505 1239; x_wconf 89' lang='lat' dir='ltr'><strong>tempore</strong></span> <span class='ocrx_word' id='word_1_392' title='bbox 2534 1174 2864 1234; x_wconf 84' lang='lat' dir='ltr'><strong>visitatiouis,</strong></span> <span class='ocrx_word' id='word_1_393' title='bbox 2894 1172 3113 1238; x_wconf 89' lang='lat' dir='ltr'><strong>scilicet,</strong></span> <span class='ocrx_word' id='word_1_394' title='bbox 3145 1176 3282 1240; x_wconf 79' lang='lat' dir='ltr'><strong>quod</strong></span> <span class='ocrx_word' id='word_1_395' title='bbox 3313 1187 3409 1226; x_wconf 83' lang='lat' dir='ltr'><strong>nec</strong></span> <span class='ocrx_word' id='word_1_396' title='bbox 3441 1189 3526 1227; x_wconf 90' lang='lat' dir='ltr'><strong>rex</strong></span> <span class='ocrx_word' id='word_1_397' title='bbox 3550 1172 3706 1240; x_wconf 69' lang='lat' dir='ltr'><strong>esset,</strong></span> 
     </span>
    </p>
   </div>
   <div class='ocr_carea' id='block_1_52' title="bbox 2175 1242 3704 1310">
    <p class='ocr_par' dir='ltr' id='par_1_52' title="bbox 2175 1242 3704 1310">
     <span class='ocr_line' id='line_1_52' title="bbox 2175 1242 3704 1310; baseline 0.001 -17"><span class='ocrx_word' id='word_1_398' title='bbox 2175 1255 2272 1310; x_wconf 79' lang='lat' dir='ltr'><strong>nec</strong></span> <span class='ocrx_word' id='word_1_399' title='bbox 2300 1243 2569 1303; x_wconf 78' lang='lat' dir='ltr'><strong>sacerdos,</strong></span> <span class='ocrx_word' id='word_1_400' title='bbox 2620 1243 2739 1309; x_wconf 84' lang='lat' dir='ltr'><strong>quia</strong></span> <span class='ocrx_word' id='word_1_401' title='bbox 2790 1258 2892 1294; x_wconf 88' lang='lat' dir='ltr'><strong>non</strong></span> <span class='ocrx_word' id='word_1_402' title='bbox 2920 1254 3061 1295; x_wconf 80' lang='lat' dir='ltr'><strong>esset</strong></span> <span class='ocrx_word' id='word_1_403' title='bbox 3108 1245 3306 1306; x_wconf 84' lang='lat' dir='ltr'><strong>unctio,</strong></span> <span class='ocrx_word' id='word_1_404' title='bbox 3354 1242 3501 1310; x_wconf 78' lang='lat' dir='ltr'><strong>juxta</strong></span> <span class='ocrx_word' id='word_1_405' title='bbox 3548 1244 3704 1297; x_wconf 87' lang='lat' dir='ltr'><strong>illud:</strong></span> 
     </span>
    </p>
   </div>
   <div class='ocr_carea' id='block_1_53' title="bbox 2174 1308 3708 1379">
    <p class='ocr_par' dir='ltr' id='par_1_53' title="bbox 2174 1308 3708 1379">
     <span class='ocr_line' id='line_1_53' title="bbox 2174 1308 3708 1379; baseline 0.004 -18"><span class='ocrx_word' id='word_1_406' title='bbox 2174 1308 2300 1362; x_wconf 84' lang='lat' dir='ltr'><strong>Cum</strong></span> <span class='ocrx_word' id='word_1_407' title='bbox 2328 1312 2509 1363; x_wconf 75' lang='lat' dir='ltr'><strong>venerit</strong></span> <span class='ocrx_word' id='word_1_408' title='bbox 2536 1308 2736 1363; x_wconf 75' lang='lat' dir='ltr'><strong>sanctus</strong></span> <span class='ocrx_word' id='word_1_409' title='bbox 2763 1324 3066 1376; x_wconf 79' lang='lat' dir='ltr'><strong>sanctorum,</strong></span> <span class='ocrx_word' id='word_1_410' title='bbox 3120 1313 3328 1363; x_wconf 80' lang='lat' dir='ltr'><strong>cessabit</strong></span> <span class='ocrx_word' id='word_1_411' title='bbox 3359 1308 3544 1365; x_wconf 72' lang='lat' dir='ltr'><strong>unctio.</strong></span> <span class='ocrx_word' id='word_1_412' title='bbox 3587 1316 3708 1379; x_wconf 74' lang='lat' dir='ltr'><strong>Qua:</strong></span> 
     </span>
    </p>
   </div>
   <div class='ocr_carea' id='block_1_54' title="bbox 2176 1381 3707 1446">
    <p class='ocr_par' dir='ltr' id='par_1_54' title="bbox 2176 1381 3707 1446">
     <span class='ocr_line' id='line_1_54' title="bbox 2176 1381 3707 1446; baseline 0.002 -15"><span class='ocrx_word' id='word_1_413' title='bbox 2176 1393 2352 1431; x_wconf 84' lang='lat' dir='ltr'><strong>omnia</strong></span> <span class='ocrx_word' id='word_1_414' title='bbox 2393 1391 2515 1433; x_wconf 87' lang='lat' dir='ltr'><strong>tunc</strong></span> <span class='ocrx_word' id='word_1_415' title='bbox 2554 1390 2913 1443; x_wconf 44' lang='lat' dir='ltr'><strong>cessaverunt,</strong></span> <span class='ocrx_word' id='word_1_416' title='bbox 2944 1382 3060 1446; x_wconf 87' lang='lat' dir='ltr'><strong>quia</strong></span> <span class='ocrx_word' id='word_1_417' title='bbox 3088 1392 3234 1433; x_wconf 84' lang='lat' dir='ltr'><strong>erant</strong></span> <span class='ocrx_word' id='word_1_418' title='bbox 3280 1384 3480 1433; x_wconf 82' lang='lat' dir='ltr'><strong>umbra.</strong></span> <span class='ocrx_word' id='word_1_419' title='bbox 3536 1381 3599 1434; x_wconf 86' lang='lat' dir='ltr'><strong>Et</strong></span> <span class='ocrx_word' id='word_1_420' title='bbox 3626 1398 3707 1435; x_wconf 74' lang='grc' dir='ltr'><strong>νε-</strong></span> 
     </span>
    </p>
   </div>
   <div class='ocr_carea' id='block_1_55' title="bbox 2174 1449 3703 1510">
    <p class='ocr_par' dir='ltr' id='par_1_55' title="bbox 2174 1449 3703 1510">
     <span class='ocr_line' id='line_1_55' title="bbox 2174 1449 3703 1510; baseline 0.003 -10"><span class='ocrx_word' id='word_1_421' title='bbox 2174 1453 2351 1501; x_wconf 88' lang='lat' dir='ltr'><strong>mente</strong></span> <span class='ocrx_word' id='word_1_422' title='bbox 2393 1449 2631 1510; x_wconf 87' lang='lat' dir='ltr'><strong>veritate,</strong></span> <span class='ocrx_word' id='word_1_423' title='bbox 2679 1464 2894 1503; x_wconf 82' lang='lat' dir='ltr'><strong>necesse</strong></span> <span class='ocrx_word' id='word_1_424' title='bbox 2923 1460 3002 1502; x_wconf 89' lang='lat' dir='ltr'><strong>est</strong></span> <span class='ocrx_word' id='word_1_425' title='bbox 3034 1460 3087 1501; x_wconf 93' lang='lat' dir='ltr'><strong>ut</strong></span> <span class='ocrx_word' id='word_1_426' title='bbox 3116 1450 3323 1502; x_wconf 86' lang='lat' dir='ltr'><strong>tollatur</strong></span> <span class='ocrx_word' id='word_1_427' title='bbox 3349 1452 3550 1502; x_wconf 84' lang='lat' dir='ltr'><strong>umbra.</strong></span> <span class='ocrx_word' id='word_1_428' title='bbox 3597 1450 3703 1505; x_wconf 77' lang='lat' dir='ltr'><strong>Non</strong></span> 
     </span>
    </p>
   </div>
   <div class='ocr_carea' id='block_1_56' title="bbox 2174 1518 3708 1586">
    <p class='ocr_par' dir='ltr' id='par_1_56' title="bbox 2174 1518 3708 1586">
     <span class='ocr_line' id='line_1_56' title="bbox 2174 1518 3708 1586; baseline 0.003 -17"><span class='ocrx_word' id='word_1_429' title='bbox 2174 1518 2519 1582; x_wconf 82' lang='lat' dir='ltr'><strong>attendimus,</strong></span> <span class='ocrx_word' id='word_1_430' title='bbox 2563 1519 2792 1585; x_wconf 89' lang='lat' dir='ltr'><strong>inquam.</strong></span> <span class='ocrx_word' id='word_1_431' title='bbox 2836 1522 2981 1586; x_wconf 82' lang='lat' dir='ltr'><strong>signa</strong></span> <span class='ocrx_word' id='word_1_432' title='bbox 3025 1528 3221 1581; x_wconf 90' lang='lat' dir='ltr'><strong>nostra,</strong></span> <span class='ocrx_word' id='word_1_433' title='bbox 3261 1529 3311 1572; x_wconf 91' lang='lat' dir='ltr'><strong>et</strong></span> <span class='ocrx_word' id='word_1_434' title='bbox 3360 1522 3531 1572; x_wconf 87' lang='lat' dir='ltr'><strong>omnia</strong></span> <span class='ocrx_word' id='word_1_435' title='bbox 3578 1522 3708 1575; x_wconf 90' lang='lat' dir='ltr'><strong>malo</strong></span> 
     </span>
    </p>
   </div>
   <div class='ocr_carea' id='block_1_57' title="bbox 2175 1587 3707 1656">
    <p class='ocr_par' dir='ltr' id='par_1_57' title="bbox 2175 1587 3707 1656">
     <span class='ocr_line' id='line_1_57' title="bbox 2175 1587 3707 1656; baseline 0.003 -18"><span class='ocrx_word' id='word_1_436' title='bbox 2175 1587 2365 1638; x_wconf 90' lang='lat' dir='ltr'><strong>merito</strong></span> <span class='ocrx_word' id='word_1_437' title='bbox 2395 1594 2574 1639; x_wconf 90' lang='lat' dir='ltr'><strong>nostro</strong></span> <span class='ocrx_word' id='word_1_438' title='bbox 2600 1603 2696 1638; x_wconf 83' lang='lat' dir='ltr'><strong>non</strong></span> <span class='ocrx_word' id='word_1_439' title='bbox 2722 1597 2979 1656; x_wconf 74' lang='lat' dir='ltr'><strong>cognoscet</strong></span> <span class='ocrx_word' id='word_1_440' title='bbox 3017 1604 3107 1639; x_wconf 82' lang='lat' dir='ltr'><strong>uos</strong></span> <span class='ocrx_word' id='word_1_441' title='bbox 3129 1588 3363 1654; x_wconf 79' lang='lat' dir='ltr'><strong>amplius,</strong></span> <span class='ocrx_word' id='word_1_442' title='bbox 3405 1588 3453 1640; x_wconf 89' lang='lat' dir='ltr'><strong>id</strong></span> <span class='ocrx_word' id='word_1_443' title='bbox 3482 1598 3580 1652; x_wconf 85' lang='lat' dir='ltr'><strong>est,</strong></span> <span class='ocrx_word' id='word_1_444' title='bbox 3611 1605 3707 1643; x_wconf 84' lang='lat' dir='ltr'><strong>non</strong></span> 
     </span>
    </p>
   </div>
   <div class='ocr_carea' id='block_1_58' title="bbox 2175 1656 3704 1721">
    <p class='ocr_par' dir='ltr' id='par_1_58' title="bbox 2175 1656 3704 1721">
     <span class='ocr_line' id='line_1_58' title="bbox 2175 1656 3704 1721; baseline 0.001 -14"><span class='ocrx_word' id='word_1_445' title='bbox 2175 1658 2311 1707; x_wconf 87' lang='lat' dir='ltr'><strong>ultra</strong></span> <span class='ocrx_word' id='word_1_446' title='bbox 2356 1656 2602 1721; x_wconf 82' lang='lat' dir='ltr'><strong>reSpiciet</strong></span> <span class='ocrx_word' id='word_1_447' title='bbox 2648 1670 2762 1716; x_wconf 79' lang='lat' dir='ltr'><strong>nos,</strong></span> <span class='ocrx_word' id='word_1_448' title='bbox 2812 1657 3135 1708; x_wconf 69' lang='lat' dir='ltr'><strong>utili-tendat</strong></span> <span class='ocrx_word' id='word_1_449' title='bbox 3164 1660 3228 1707; x_wconf 90' lang='lat' dir='ltr'><strong>ah</strong></span> <span class='ocrx_word' id='word_1_450' title='bbox 3277 1658 3524 1709; x_wconf 85' lang='lat' dir='ltr'><strong>inimicis.</strong></span> <span class='ocrx_word' id='word_1_451' title='bbox 3580 1659 3704 1709; x_wconf 80' lang='lat' dir='ltr'><strong>Dicit</strong></span> 
     </span>
    </p>
   </div>
   <div class='ocr_carea' id='block_1_59' title="bbox 2180 1725 3701 1793">
    <p class='ocr_par' dir='ltr' id='par_1_59' title="bbox 2180 1725 3701 1793">
     <span class='ocr_line' id='line_1_59' title="bbox 2180 1725 3701 1793; baseline 0.003 -18"><span class='ocrx_word' id='word_1_452' title='bbox 2180 1725 2694 1793; x_wconf 20' lang='lat' dir='ltr'><strong>beatusiAugustinus</strong></span> <span class='ocrx_word' id='word_1_453' title='bbox 2712 1726 3287 1791; x_wconf 64' lang='lat' dir='ltr'><strong>jzixta&#39;l‘ranslatiouem</strong></span> <span class='ocrx_word' id='word_1_454' title='bbox 3312 1741 3455 1777; x_wconf 70' lang='lat' dir='ltr'><strong>suam</strong></span> <span class='ocrx_word' id='word_1_455' title='bbox 3487 1726 3701 1780; x_wconf 89' lang='lat' dir='ltr'><strong>litteram</strong></span> 
     </span>
    </p>
   </div>
   <div class='ocr_carea' id='block_1_60' title="bbox 2350 1792 3707 1862">
    <p class='ocr_par' dir='ltr' id='par_1_60' title="bbox 2350 1792 3707 1862">
     <span class='ocr_line' id='line_1_60' title="bbox 2350 1792 3707 1862; baseline 0.001 -18"><span class='ocrx_word' id='word_1_456' title='bbox 2350 1792 2412 1844; x_wconf 85' lang='lat' dir='ltr'><strong>Et</strong></span> <span class='ocrx_word' id='word_1_457' title='bbox 2443 1792 2531 1845; x_wconf 81' lang='lat' dir='ltr'><strong>nos</strong></span> <span class='ocrx_word' id='word_1_458' title='bbox 2560 1809 2659 1846; x_wconf 86' lang='lat' dir='ltr'><strong>non</strong></span> <span class='ocrx_word' id='word_1_459' title='bbox 2706 1804 2963 1862; x_wconf 73' lang='lat' dir='ltr'><strong>cognoscet</strong></span> <span class='ocrx_word' id='word_1_460' title='bbox 3003 1795 3189 1853; x_wconf 86' lang='lat' dir='ltr'><strong>adhuc,</strong></span> <span class='ocrx_word' id='word_1_461' title='bbox 3236 1804 3288 1847; x_wconf 89' lang='lat' dir='ltr'><strong>et</strong></span> <span class='ocrx_word' id='word_1_462' title='bbox 3330 1794 3627 1861; x_wconf 76' lang='lat' dir='ltr'><strong>subiungit:</strong></span> <span class='ocrx_word' id='word_1_463' title='bbox 3658 1796 3707 1849; x_wconf 88' lang='lat' dir='ltr'><strong>Si</strong></span> 
     </span>
    </p>
   </div>
   <div class='ocr_carea' id='block_1_61' title="bbox 2180 1862 3702 1931">
    <p class='ocr_par' dir='ltr' id='par_1_61' title="bbox 2180 1862 3702 1931">
     <span class='ocr_line' id='line_1_61' title="bbox 2180 1862 3702 1931; baseline 0.001 -18"><span class='ocrx_word' id='word_1_464' title='bbox 2180 1872 2351 1915; x_wconf 89' lang='lat' dir='ltr'><strong>autem</strong></span> <span class='ocrx_word' id='word_1_465' title='bbox 2383 1872 2433 1913; x_wconf 92' lang='lat' dir='ltr'><strong>tu</strong></span> <span class='ocrx_word' id='word_1_466' title='bbox 2465 1877 2567 1915; x_wconf 90' lang='lat' dir='ltr'><strong>non</strong></span> <span class='ocrx_word' id='word_1_467' title='bbox 2595 1877 2887 1930; x_wconf 74' lang='lat' dir='ltr'><strong>cognoscis.</strong></span> <span class='ocrx_word' id='word_1_468' title='bbox 2920 1864 3149 1928; x_wconf 83' lang='lat' dir='ltr'><strong>nunquid</strong></span> <span class='ocrx_word' id='word_1_469' title='bbox 3178 1862 3289 1929; x_wconf 79' lang='lat' dir='ltr'><strong>ipse</strong></span> <span class='ocrx_word' id='word_1_470' title='bbox 3319 1868 3586 1931; x_wconf 74' lang='lat' dir='ltr'><strong>Cognoscit</strong></span> <span class='ocrx_word' id='word_1_471' title='bbox 3618 1866 3702 1918; x_wconf 81' lang='lat' dir='ltr'><strong>te?</strong></span> 
     </span>
    </p>
   </div>
   <div class='ocr_carea' id='block_1_62' title="bbox 2180 1931 3147 2001">
    <p class='ocr_par' dir='ltr' id='par_1_62' title="bbox 2180 1931 3147 2001">
     <span class='ocr_line' id='line_1_62' title="bbox 2180 1931 3147 2001; baseline 0 -16"><span class='ocrx_word' id='word_1_472' title='bbox 2180 1931 2368 1997; x_wconf 85' lang='lat' dir='ltr'><strong>Utique</strong></span> <span class='ocrx_word' id='word_1_473' title='bbox 2399 1933 2682 2001; x_wconf 67' lang='lat' dir='ltr'><strong>cognoscit,</strong></span> <span class='ocrx_word' id='word_1_474' title='bbox 2707 1933 2824 1998; x_wconf 83' lang='lat' dir='ltr'><strong>quia</strong></span> <span class='ocrx_word' id='word_1_475' title='bbox 2846 1932 2954 2000; x_wconf 81' lang='lat' dir='ltr'><strong>jam</strong></span> <span class='ocrx_word' id='word_1_476' title='bbox 2989 1932 3147 1985; x_wconf 86' lang='lat' dir='ltr'><strong>venit.</strong></span> 
     </span>
    </p>
   </div>
   <div class='ocr_carea' id='block_1_63' title="bbox 2250 2021 3704 2089">
    <p class='ocr_par' dir='ltr' id='par_1_63' title="bbox 2250 2021 3704 2089">
     <span class='ocr_line' id='line_1_63' title="bbox 2250 2021 3704 2089; baseline 0 -14"><span class='ocrx_word' id='word_1_477' title='bbox 2250 2022 2536 2089; x_wconf 83' lang='lat' dir='ltr'><strong>Usquequo,</strong></span> <span class='ocrx_word' id='word_1_478' title='bbox 2587 2021 2816 2074; x_wconf 77' lang='lat' dir='ltr'><strong>Domine.</strong></span> <span class='ocrx_word' id='word_1_479' title='bbox 2874 2022 2982 2075; x_wconf 88' lang='lat' dir='ltr'><strong>lloc</strong></span> <span class='ocrx_word' id='word_1_480' title='bbox 3029 2021 3158 2074; x_wconf 86' lang='lat' dir='ltr'><strong>dicit</strong></span> <span class='ocrx_word' id='word_1_481' title='bbox 3206 2021 3499 2089; x_wconf 73' lang='lat' dir='ltr'><strong>intelligens</strong></span> <span class='ocrx_word' id='word_1_482' title='bbox 3538 2024 3704 2087; x_wconf 78' lang='lat' dir='ltr'><strong>Asaph</strong></span> 
     </span>
    </p>
   </div>
   <div class='ocr_carea' id='block_1_64' title="bbox 2177 2092 3704 2161">
    <p class='ocr_par' dir='ltr' id='par_1_64' title="bbox 2177 2092 3704 2161">
     <span class='ocr_line' id='line_1_64' title="bbox 2177 2092 3704 2161; baseline -0.001 -18"><span class='ocrx_word' id='word_1_483' title='bbox 2177 2092 2243 2145; x_wconf 91' lang='lat' dir='ltr'><strong>de</strong></span> <span class='ocrx_word' id='word_1_484' title='bbox 2272 2094 2535 2161; x_wconf 88' lang='lat' dir='ltr'><strong>gentious,</strong></span> <span class='ocrx_word' id='word_1_485' title='bbox 2568 2095 2857 2159; x_wconf 64' lang='lat' dir='ltr'><strong>praevidens</strong></span> <span class='ocrx_word' id='word_1_486' title='bbox 2886 2109 3001 2156; x_wconf 65' lang='grc' dir='ltr'>ιιιιιε</span> <span class='ocrx_word' id='word_1_487' title='bbox 3042 2092 3157 2161; x_wconf 75' lang='lat' dir='ltr'><strong>alia:</strong></span> <span class='ocrx_word' id='word_1_488' title='bbox 3186 2106 3311 2145; x_wconf 83' lang='lat' dir='ltr'><strong>oves</strong></span> <span class='ocrx_word' id='word_1_489' title='bbox 3342 2093 3415 2143; x_wconf 86' lang='lat' dir='ltr'><strong>illi</strong></span> <span class='ocrx_word' id='word_1_490' title='bbox 3454 2094 3704 2143; x_wconf 78' lang='lat' dir='ltr'><strong>adducan-</strong></span> 
     </span>
    </p>
   </div>
   <div class='ocr_carea' id='block_1_65' title="bbox 2178 2160 3704 2229">
    <p class='ocr_par' dir='ltr' id='par_1_65' title="bbox 2178 2160 3704 2229">
     <span class='ocr_line' id='line_1_65' title="bbox 2178 2160 3704 2229; baseline -0.001 -17"><span class='ocrx_word' id='word_1_491' title='bbox 2178 2160 2289 2225; x_wconf 87' lang='lat' dir='ltr'><strong>tur,</strong></span> <span class='ocrx_word' id='word_1_492' title='bbox 2308 2174 2359 2213; x_wconf 89' lang='lat' dir='ltr'><strong>et</strong></span> <span class='ocrx_word' id='word_1_493' title='bbox 2387 2164 2643 2229; x_wconf 85' lang='lat' dir='ltr'><strong>convertit</strong></span> <span class='ocrx_word' id='word_1_494' title='bbox 2670 2176 2726 2214; x_wconf 91' lang='lat' dir='ltr'><strong>se</strong></span> <span class='ocrx_word' id='word_1_495' title='bbox 2752 2162 2815 2212; x_wconf 90' lang='lat' dir='ltr'><strong>ad</strong></span> <span class='ocrx_word' id='word_1_496' title='bbox 2850 2162 3028 2212; x_wconf 86' lang='lat' dir='ltr'><strong>Deum.</strong></span> <span class='ocrx_word' id='word_1_497' title='bbox 3059 2160 3216 2225; x_wconf 81' lang='lat' dir='ltr'><strong>Quasi</strong></span> <span class='ocrx_word' id='word_1_498' title='bbox 3239 2162 3374 2213; x_wconf 86' lang='lat' dir='ltr'><strong>dicat</strong></span> <span class='ocrx_word' id='word_1_499' title='bbox 3403 2179 3415 2213; x_wconf 93' lang='lat'>:</span> <span class='ocrx_word' id='word_1_500' title='bbox 3460 2162 3569 2212; x_wconf 75' lang='lat' dir='ltr'><strong>Non</strong></span> <span class='ocrx_word' id='word_1_501' title='bbox 3594 2165 3704 2229; x_wconf 83' lang='lat' dir='ltr'><strong>qui-</strong></span> 
     </span>
    </p>
   </div>
   <div class='ocr_carea' id='block_1_66' title="bbox 2176 2228 3703 2297">
    <p class='ocr_par' dir='ltr' id='par_1_66' title="bbox 2176 2228 3703 2297">
     <span class='ocr_line' id='line_1_66' title="bbox 2176 2228 3703 2297; baseline 0.001 -15"><span class='ocrx_word' id='word_1_502' title='bbox 2176 2230 2316 2292; x_wconf 87' lang='lat' dir='ltr'><strong>dem,</strong></span> <span class='ocrx_word' id='word_1_503' title='bbox 2348 2244 2380 2281; x_wconf 90' lang='lat'><strong>0</strong></span> <span class='ocrx_word' id='word_1_504' title='bbox 2409 2228 2569 2290; x_wconf 88' lang='lat' dir='ltr'><strong>Deus,</strong></span> <span class='ocrx_word' id='word_1_505' title='bbox 2600 2234 2785 2282; x_wconf 90' lang='lat' dir='ltr'><strong>merito</strong></span> <span class='ocrx_word' id='word_1_506' title='bbox 2814 2240 2993 2283; x_wconf 61' lang='lat' dir='ltr'><strong>DOrlt&#39;O</strong></span> <span class='ocrx_word' id='word_1_507' title='bbox 3020 2231 3247 2296; x_wconf 87' lang='lat' dir='ltr'><strong>amplius</strong></span> <span class='ocrx_word' id='word_1_508' title='bbox 3278 2245 3381 2282; x_wconf 86' lang='lat' dir='ltr'><strong>non</strong></span> <span class='ocrx_word' id='word_1_509' title='bbox 3409 2228 3703 2297; x_wconf 60' lang='lat' dir='ltr'><strong>Cognosties.</strong></span> 
     </span>
    </p>
   </div>
   <div class='ocr_carea' id='block_1_67' title="bbox 2179 2298 3707 2366">
    <p class='ocr_par' dir='ltr' id='par_1_67' title="bbox 2179 2298 3707 2366">
     <span class='ocr_line' id='line_1_67' title="bbox 2179 2298 3707 2366; baseline 0.001 -15"><span class='ocrx_word' id='word_1_510' title='bbox 2179 2300 2293 2351; x_wconf 86' lang='lat' dir='ltr'><strong>illas</strong></span> <span class='ocrx_word' id='word_1_511' title='bbox 2324 2309 2495 2350; x_wconf 78' lang='lat' dir='ltr'><strong>autern</strong></span> <span class='ocrx_word' id='word_1_512' title='bbox 2522 2300 2650 2351; x_wconf 88' lang='lat' dir='ltr'><strong>alias</strong></span> <span class='ocrx_word' id='word_1_513' title='bbox 2697 2314 2840 2360; x_wconf 88' lang='lat' dir='ltr'><strong>oves,</strong></span> <span class='ocrx_word' id='word_1_514' title='bbox 2868 2314 3139 2366; x_wconf 63' lang='lat' dir='ltr'><strong>quousque</strong></span> <span class='ocrx_word' id='word_1_515' title='bbox 3176 2298 3427 2353; x_wconf 64' lang='grc' dir='ltr'>διιπετυεῖ</span> <span class='ocrx_word' id='word_1_516' title='bbox 3486 2302 3592 2352; x_wconf 87' lang='lat' dir='ltr'><strong>ttoc</strong></span> <span class='ocrx_word' id='word_1_517' title='bbox 3635 2313 3707 2353; x_wconf 84' lang='lat' dir='ltr'><strong>est</strong></span> 
     </span>
    </p>
   </div>
   <div class='ocr_carea' id='block_1_68' title="bbox 2176 2368 3705 2435">
    <p class='ocr_par' dir='ltr' id='par_1_68' title="bbox 2176 2368 3705 2435">
     <span class='ocr_line' id='line_1_68' title="bbox 2176 2368 3705 2435; baseline 0 -14"><span class='ocrx_word' id='word_1_518' title='bbox 2176 2368 2315 2435; x_wconf 86' lang='lat' dir='ltr'><strong>quod</strong></span> <span class='ocrx_word' id='word_1_519' title='bbox 2344 2369 2467 2420; x_wconf 82' lang='lat' dir='ltr'><strong>dicit</strong></span> <span class='ocrx_word' id='word_1_520' title='bbox 2493 2386 2505 2419; x_wconf 91' lang='lat'><strong>:</strong></span> <span class='ocrx_word' id='word_1_521' title='bbox 2536 2369 2578 2421; x_wconf 88' lang='grc'><strong>0</strong></span> <span class='ocrx_word' id='word_1_522' title='bbox 2607 2368 2764 2433; x_wconf 83' lang='lat' dir='ltr'><strong>Deus,</strong></span> <span class='ocrx_word' id='word_1_523' title='bbox 2795 2369 3047 2431; x_wconf 82' lang='lat' dir='ltr'><strong>inimicus,</strong></span> <span class='ocrx_word' id='word_1_524' title='bbox 3090 2369 3139 2420; x_wconf 87' lang='lat' dir='ltr'><strong>id</strong></span> <span class='ocrx_word' id='word_1_525' title='bbox 3168 2377 3267 2429; x_wconf 75' lang='lat' dir='ltr'><strong>est,</strong></span> <span class='ocrx_word' id='word_1_526' title='bbox 3303 2368 3510 2435; x_wconf 74' lang='lat' dir='ltr'><strong>gentilis</strong></span> <span class='ocrx_word' id='word_1_527' title='bbox 3551 2383 3705 2434; x_wconf 77' lang='lat' dir='ltr'><strong>popu-</strong></span> 
     </span>
    </p>
   </div>
   <div class='ocr_carea' id='block_1_69' title="bbox 2180 2437 3704 2505">
    <p class='ocr_par' dir='ltr' id='par_1_69' title="bbox 2180 2437 3704 2505">
     <span class='ocr_line' id='line_1_69' title="bbox 2180 2437 3704 2505; baseline 0 -15"><span class='ocrx_word' id='word_1_528' title='bbox 2180 2440 2280 2501; x_wconf 79' lang='lat' dir='ltr'><strong>lus,</strong></span> <span class='ocrx_word' id='word_1_529' title='bbox 2319 2453 2592 2504; x_wconf 84' lang='lat' dir='ltr'><strong>usquequo,</strong></span> <span class='ocrx_word' id='word_1_530' title='bbox 2631 2438 2683 2491; x_wconf 89' lang='lat' dir='ltr'><strong>id</strong></span> <span class='ocrx_word' id='word_1_531' title='bbox 2724 2437 3079 2505; x_wconf 87' lang='lat' dir='ltr'><strong>est,quandlu</strong></span> <span class='ocrx_word' id='word_1_532' title='bbox 3109 2438 3466 2505; x_wconf 85' lang='lat' dir='ltr'><strong>persequendo</strong></span> <span class='ocrx_word' id='word_1_533' title='bbox 3497 2448 3550 2489; x_wconf 88' lang='lat' dir='ltr'><strong>et</strong></span> <span class='ocrx_word' id='word_1_534' title='bbox 3587 2451 3704 2490; x_wconf 71' lang='lat' dir='ltr'><strong>coss-</strong></span> 
     </span>
    </p>
   </div>
   <div class='ocr_carea' id='block_1_70' title="bbox 2178 2506 3707 2575">
    <p class='ocr_par' dir='ltr' id='par_1_70' title="bbox 2178 2506 3707 2575">
     <span class='ocr_line' id='line_1_70' title="bbox 2178 2506 3707 2575; baseline -0.001 -16"><span class='ocrx_word' id='word_1_535' title='bbox 2178 2508 2434 2559; x_wconf 83' lang='lat' dir='ltr'><strong>culcando</strong></span> <span class='ocrx_word' id='word_1_536' title='bbox 2458 2522 2576 2569; x_wconf 86' lang='lat' dir='ltr'><strong>nos,</strong></span> <span class='ocrx_word' id='word_1_537' title='bbox 2602 2517 2652 2559; x_wconf 92' lang='lat' dir='ltr'><strong>et</strong></span> <span class='ocrx_word' id='word_1_538' title='bbox 2676 2508 3026 2568; x_wconf 86' lang='lat' dir='ltr'><strong>adversarius,</strong></span> <span class='ocrx_word' id='word_1_539' title='bbox 3060 2508 3284 2567; x_wconf 86' lang='lat' dir='ltr'><strong>scilicet,</strong></span> <span class='ocrx_word' id='word_1_540' title='bbox 3312 2506 3531 2573; x_wconf 80' lang='lat' dir='ltr'><strong>populus</strong></span> <span class='ocrx_word' id='word_1_541' title='bbox 3557 2521 3707 2575; x_wconf 88' lang='lat' dir='ltr'><strong>quau-</strong></span> 
     </span>
    </p>
   </div>
   <div class='ocr_carea' id='block_1_71' title="bbox 2178 2574 3704 2643">
    <p class='ocr_par' dir='ltr' id='par_1_71' title="bbox 2178 2574 3704 2643">
     <span class='ocr_line' id='line_1_71' title="bbox 2178 2574 3704 2643; baseline 0 -16"><span class='ocrx_word' id='word_1_542' title='bbox 2178 2574 2265 2627; x_wconf 90' lang='lat' dir='ltr'><strong>diu</strong></span> <span class='ocrx_word' id='word_1_543' title='bbox 2304 2576 2544 2639; x_wconf 84' lang='lat' dir='ltr'><strong>irritabit,</strong></span> <span class='ocrx_word' id='word_1_544' title='bbox 2570 2576 2620 2628; x_wconf 85' lang='lat' dir='ltr'><strong>id</strong></span> <span class='ocrx_word' id='word_1_545' title='bbox 2646 2586 2748 2640; x_wconf 69' lang='lat' dir='ltr'><strong>est,</strong></span> <span class='ocrx_word' id='word_1_546' title='bbox 2777 2576 2841 2628; x_wconf 85' lang='lat' dir='ltr'><strong>ad</strong></span> <span class='ocrx_word' id='word_1_547' title='bbox 2869 2578 2995 2629; x_wconf 87' lang='lat' dir='ltr'><strong>iram</strong></span> <span class='ocrx_word' id='word_1_548' title='bbox 3038 2586 3087 2627; x_wconf 85' lang='lat' dir='ltr'><strong>te</strong></span> <span class='ocrx_word' id='word_1_549' title='bbox 3116 2578 3438 2643; x_wconf 84' lang='lat' dir='ltr'><strong>provocabit,</strong></span> <span class='ocrx_word' id='word_1_550' title='bbox 3468 2574 3585 2641; x_wconf 19' lang='lat' dir='ltr'><strong>peri</strong></span> <span class='ocrx_word' id='word_1_551' title='bbox 3619 2592 3704 2628; x_wconf 84' lang='lat' dir='ltr'><strong>no-</strong></span> 
     </span>
    </p>
   </div>
   <div class='ocr_carea' id='block_1_72' title="bbox 2178 2646 3706 2712">
    <p class='ocr_par' dir='ltr' id='par_1_72' title="bbox 2178 2646 3706 2712">
     <span class='ocr_line' id='line_1_72' title="bbox 2178 2646 3706 2712; baseline 0.001 -16"><span class='ocrx_word' id='word_1_552' title='bbox 2178 2659 2297 2697; x_wconf 88' lang='lat' dir='ltr'><strong>men</strong></span> <span class='ocrx_word' id='word_1_553' title='bbox 2327 2656 2489 2708; x_wconf 91' lang='lat' dir='ltr'><strong>tuum,</strong></span> <span class='ocrx_word' id='word_1_554' title='bbox 2525 2646 2573 2697; x_wconf 88' lang='lat' dir='ltr'><strong>id</strong></span> <span class='ocrx_word' id='word_1_555' title='bbox 2612 2656 2711 2707; x_wconf 90' lang='lat' dir='ltr'><strong>est,</strong></span> <span class='ocrx_word' id='word_1_556' title='bbox 2745 2662 2833 2711; x_wconf 85' lang='lat' dir='ltr'><strong>per</strong></span> <span class='ocrx_word' id='word_1_557' title='bbox 2859 2647 3061 2698; x_wconf 83' lang='lat' dir='ltr'><strong>laudem</strong></span> <span class='ocrx_word' id='word_1_558' title='bbox 3095 2655 3233 2697; x_wconf 89' lang='lat' dir='ltr'><strong>tuam</strong></span> <span class='ocrx_word' id='word_1_559' title='bbox 3273 2655 3326 2697; x_wconf 89' lang='lat' dir='ltr'><strong>et</strong></span> <span class='ocrx_word' id='word_1_560' title='bbox 3364 2648 3603 2712; x_wconf 80' lang='lat' dir='ltr'><strong>gloriam,</strong></span> <span class='ocrx_word' id='word_1_561' title='bbox 3631 2647 3706 2698; x_wconf 90' lang='lat' dir='ltr'><strong>cui</strong></span> 
     </span>
    </p>
   </div>
   <div class='ocr_carea' id='block_1_73' title="bbox 2178 2713 3706 2781">
    <p class='ocr_par' dir='ltr' id='par_1_73' title="bbox 2178 2713 3706 2781">
     <span class='ocr_line' id='line_1_73' title="bbox 2178 2713 3706 2781; baseline -0.001 -15"><span class='ocrx_word' id='word_1_562' title='bbox 2178 2716 2505 2766; x_wconf 83' lang='lat' dir='ltr'><strong>eontrancit.</strong></span> <span class='ocrx_word' id='word_1_563' title='bbox 2559 2714 2740 2766; x_wconf 84' lang='lat' dir='ltr'><strong>Eiitne</strong></span> <span class='ocrx_word' id='word_1_564' title='bbox 2789 2720 2886 2767; x_wconf 86' lang='lat' dir='ltr'><strong>hoc</strong></span> <span class='ocrx_word' id='word_1_565' title='bbox 2911 2716 2961 2765; x_wconf 87' lang='lat' dir='ltr'><strong>in</strong></span> <span class='ocrx_word' id='word_1_566' title='bbox 2992 2714 3142 2778; x_wconf 80' lang='lat' dir='ltr'><strong>finem</strong></span> <span class='ocrx_word' id='word_1_567' title='bbox 3165 2714 3189 2763; x_wconf 71' lang='lat'><strong>.9</strong></span> <span class='ocrx_word' id='word_1_568' title='bbox 3229 2713 3433 2781; x_wconf 81' lang='lat' dir='ltr'><strong>Utique,</strong></span> <span class='ocrx_word' id='word_1_569' title='bbox 3464 2718 3607 2780; x_wconf 75' lang='lat' dir='ltr'><strong>quasi</strong></span> <span class='ocrx_word' id='word_1_570' title='bbox 3636 2714 3706 2765; x_wconf 60' lang='lat' dir='ltr'><strong>die</strong></span> 
     </span>
    </p>
   </div>
   <div class='ocr_carea' id='block_1_74' title="bbox 2180 2781 3705 2850">
    <p class='ocr_par' dir='ltr' id='par_1_74' title="bbox 2180 2781 3705 2850">
     <span class='ocr_line' id='line_1_74' title="bbox 2180 2781 3705 2850; baseline -0.001 -15"><span class='ocrx_word' id='word_1_571' title='bbox 2180 2798 2260 2835; x_wconf 86' lang='lat' dir='ltr'><strong>cat</strong></span> <span class='ocrx_word' id='word_1_572' title='bbox 2289 2802 2300 2835; x_wconf 91' lang='lat'>:</span> <span class='ocrx_word' id='word_1_573' title='bbox 2344 2784 2454 2835; x_wconf 74' lang='lat' dir='ltr'><strong>Non</strong></span> <span class='ocrx_word' id='word_1_574' title='bbox 2486 2784 2584 2835; x_wconf 88' lang='lat' dir='ltr'><strong>crit</strong></span> <span class='ocrx_word' id='word_1_575' title='bbox 2608 2785 2657 2836; x_wconf 89' lang='lat' dir='ltr'><strong>in</strong></span> <span class='ocrx_word' id='word_1_576' title='bbox 2684 2784 2859 2847; x_wconf 83' lang='lat' dir='ltr'><strong>tinem,</strong></span> <span class='ocrx_word' id='word_1_577' title='bbox 2890 2785 3007 2850; x_wconf 84' lang='lat' dir='ltr'><strong>quia</strong></span> <span class='ocrx_word' id='word_1_578' title='bbox 3036 2797 3171 2835; x_wconf 72' lang='lat' dir='ltr'><strong>vera:</strong></span> <span class='ocrx_word' id='word_1_579' title='bbox 3201 2781 3304 2833; x_wconf 65' lang='lat' dir='ltr'><strong>illa:</strong></span> <span class='ocrx_word' id='word_1_580' title='bbox 3329 2793 3445 2835; x_wconf 71' lang='lat' dir='ltr'><strong>alue</strong></span> <span class='ocrx_word' id='word_1_581' title='bbox 3473 2798 3597 2836; x_wconf 84' lang='lat' dir='ltr'><strong>oves</strong></span> <span class='ocrx_word' id='word_1_582' title='bbox 3620 2786 3705 2833; x_wconf 87' lang='lat' dir='ltr'><strong>ad-</strong></span> 
     </span>
    </p>
   </div>
   <div class='ocr_carea' id='block_1_75' title="bbox 2182 2850 3701 2920">
    <p class='ocr_par' dir='ltr' id='par_1_75' title="bbox 2182 2850 3701 2920">
     <span class='ocr_line' id='line_1_75' title="bbox 2182 2850 3701 2920; baseline -0.003 -15"><span class='ocrx_word' id='word_1_583' title='bbox 2182 2854 2462 2905; x_wconf 83' lang='lat' dir='ltr'><strong>ducentur.</strong></span> <span class='ocrx_word' id='word_1_584' title='bbox 2497 2856 2557 2904; x_wconf 77' lang='grc' dir='ltr'>Ει</span> <span class='ocrx_word' id='word_1_585' title='bbox 2586 2852 2791 2919; x_wconf 85' lang='lat' dir='ltr'><strong>quando</strong></span> <span class='ocrx_word' id='word_1_586' title='bbox 2815 2856 3027 2920; x_wconf 82' lang='lat' dir='ltr'><strong>quidem</strong></span> <span class='ocrx_word' id='word_1_587' title='bbox 3058 2853 3153 2903; x_wconf 88' lang='lat' dir='ltr'><strong>hoc</strong></span> <span class='ocrx_word' id='word_1_588' title='bbox 3180 2850 3342 2903; x_wconf 76' lang='lat' dir='ltr'><strong>facies</strong></span> <span class='ocrx_word' id='word_1_589' title='bbox 3373 2855 3440 2904; x_wconf 81' lang='lat' dir='ltr'><strong>de</strong></span> <span class='ocrx_word' id='word_1_590' title='bbox 3469 2851 3701 2910; x_wconf 79' lang='lat' dir='ltr'><strong>Inimicis,</strong></span> 
     </span>
    </p>
   </div>
   <div class='ocr_carea' id='block_1_76' title="bbox 2178 2922 3707 2987">
    <p class='ocr_par' dir='ltr' id='par_1_76' title="bbox 2178 2922 3707 2987">
     <span class='ocr_line' id='line_1_76' title="bbox 2178 2922 3707 2987; baseline -0.001 -14"><span class='ocrx_word' id='word_1_591' title='bbox 2178 2922 2401 2987; x_wconf 81' lang='lat' dir='ltr'><strong>utquid,</strong></span> <span class='ocrx_word' id='word_1_592' title='bbox 2444 2922 2615 2986; x_wconf 86' lang='lat' dir='ltr'><strong>idest,</strong></span> <span class='ocrx_word' id='word_1_593' title='bbox 2663 2932 2870 2987; x_wconf 80' lang='lat' dir='ltr'><strong>propter</strong></span> <span class='ocrx_word' id='word_1_594' title='bbox 2916 2922 3059 2987; x_wconf 88' lang='lat' dir='ltr'><strong>quid,</strong></span> <span class='ocrx_word' id='word_1_595' title='bbox 3112 2922 3347 2981; x_wconf 80' lang='lat' dir='ltr'><strong>Domine,</strong></span> <span class='ocrx_word' id='word_1_596' title='bbox 3395 2924 3571 2971; x_wconf 70' lang='lat' dir='ltr'><strong>avertis</strong></span> <span class='ocrx_word' id='word_1_597' title='bbox 3609 2936 3707 2971; x_wconf 82' lang='lat' dir='ltr'><strong>ma-</strong></span> 
     </span>
    </p>
   </div>
   <div class='ocr_carea' id='block_1_77' title="bbox 2179 2988 3703 3057">
    <p class='ocr_par' dir='ltr' id='par_1_77' title="bbox 2179 2988 3703 3057">
     <span class='ocr_line' id='line_1_77' title="bbox 2179 2988 3703 3057; baseline -0.002 -14"><span class='ocrx_word' id='word_1_598' title='bbox 2179 2992 2405 3057; x_wconf 65' lang='lat' dir='ltr'><strong>ttum,~td</strong></span> <span class='ocrx_word' id='word_1_599' title='bbox 2435 3001 2533 3053; x_wconf 81' lang='lat' dir='ltr'><strong>est,</strong></span> <span class='ocrx_word' id='word_1_600' title='bbox 2574 3008 2668 3043; x_wconf 85' lang='lat' dir='ltr'><strong>nos</strong></span> <span class='ocrx_word' id='word_1_601' title='bbox 2694 2994 2777 3057; x_wconf 88' lang='lat' dir='ltr'><strong>qui</strong></span> <span class='ocrx_word' id='word_1_602' title='bbox 2822 2991 2964 3055; x_wconf 85' lang='lat' dir='ltr'><strong>prius</strong></span> <span class='ocrx_word' id='word_1_603' title='bbox 3010 2988 3199 3041; x_wconf 70' lang='lat' dir='ltr'><strong>t‘uitnus</strong></span> <span class='ocrx_word' id='word_1_604' title='bbox 3246 3004 3430 3041; x_wconf 83' lang='lat' dir='ltr'><strong>manus</strong></span> <span class='ocrx_word' id='word_1_605' title='bbox 3476 3000 3557 3041; x_wconf 85' lang='lat' dir='ltr'><strong>tua</strong></span> <span class='ocrx_word' id='word_1_606' title='bbox 3610 3004 3703 3040; x_wconf 79' lang='lat' dir='ltr'><strong>nou</strong></span> 
     </span>
    </p>
   </div>
   <div class='ocr_carea' id='block_1_78' title="bbox 2184 3060 3699 3127">
    <p class='ocr_par' dir='ltr' id='par_1_78' title="bbox 2184 3060 3699 3127">
     <span class='ocr_line' id='line_1_78' title="bbox 2184 3060 3699 3127; baseline -0.001 -15"><span class='ocrx_word' id='word_1_607' title='bbox 2184 3061 2414 3122; x_wconf 85' lang='lat' dir='ltr'><strong>sinistra,</strong></span> <span class='ocrx_word' id='word_1_608' title='bbox 2442 3060 2533 3112; x_wconf 87' lang='lat' dir='ltr'><strong>sed</strong></span> <span class='ocrx_word' id='word_1_609' title='bbox 2564 3062 2798 3121; x_wconf 80' lang='lat' dir='ltr'><strong>dextera,</strong></span> <span class='ocrx_word' id='word_1_610' title='bbox 2830 3064 2947 3127; x_wconf 83' lang='lat' dir='ltr'><strong>quia</strong></span> <span class='ocrx_word' id='word_1_611' title='bbox 2989 3074 3080 3124; x_wconf 84' lang='lat' dir='ltr'><strong>per</strong></span> <span class='ocrx_word' id='word_1_612' title='bbox 3107 3074 3202 3110; x_wconf 89' lang='lat' dir='ltr'><strong>nos</strong></span> <span class='ocrx_word' id='word_1_613' title='bbox 3232 3060 3395 3109; x_wconf 83' lang='lat' dir='ltr'><strong>inulta</strong></span> <span class='ocrx_word' id='word_1_614' title='bbox 3425 3060 3556 3110; x_wconf 79' lang='lat' dir='ltr'><strong>bona</strong></span> <span class='ocrx_word' id='word_1_615' title='bbox 3582 3071 3699 3121; x_wconf 80' lang='lat' dir='ltr'><strong>0pc-</strong></span> 
     </span>
    </p>
   </div>
   <div class='ocr_carea' id='block_1_79' title="bbox 543 3112 2074 3203">
    <p class='ocr_par' dir='ltr' id='par_1_79' title="bbox 543 3112 2071 3203">
     <span class='ocr_line' id='line_1_79' title="bbox 543 3112 2071 3203; baseline -0.005 -32"><span class='ocrx_word' id='word_1_616' title='bbox 543 3134 657 3171; x_wconf 86' lang='lat' dir='ltr'><strong>csse</strong></span> <span class='ocrx_word' id='word_1_617' title='bbox 697 3132 849 3184; x_wconf 86' lang='lat' dir='ltr'><strong>super</strong></span> <span class='ocrx_word' id='word_1_618' title='bbox 888 3129 1089 3193; x_wconf 78' lang='lat' dir='ltr'><strong>somnio</strong></span> <span class='ocrx_word' id='word_1_619' title='bbox 1116 3112 1145 3191; x_wconf 33' lang='grc' dir='ltr'>,λ</span> <span class='ocrx_word' id='word_1_620' title='bbox 1171 3113 1220 3166; x_wconf 90' lang='lat' dir='ltr'><strong>id</strong></span> <span class='ocrx_word' id='word_1_621' title='bbox 1259 3125 1358 3191; x_wconf 79' lang='lat' dir='ltr'><strong>est,</strong></span> <span class='ocrx_word' id='word_1_622' title='bbox 1391 3117 1465 3191; x_wconf 73' lang='lat' dir='ltr'><strong>ex</strong></span> <span class='ocrx_word' id='word_1_623' title='bbox 1491 3112 1664 3165; x_wconf 88' lang='lat' dir='ltr'><strong>divina</strong></span> <span class='ocrx_word' id='word_1_624' title='bbox 1709 3113 2071 3203; x_wconf 44' lang='lat' dir='ltr'><strong>displositione,</strong></span> 
     </span>
    </p>
   </div>
   <div class='ocr_carea' id='block_1_80' title="bbox 2176 3112 3705 3203">
    <p class='ocr_par' dir='ltr' id='par_1_80' title="bbox 2182 3112 3705 3203">
     <span class='ocr_line' id='line_1_80' title="bbox 2182 3112 3705 3203; baseline -0.001 -22"><span class='ocrx_word' id='word_1_625' title='bbox 2182 3140 2327 3203; x_wconf 81' lang='lat' dir='ltr'><strong>ratus</strong></span> <span class='ocrx_word' id='word_1_626' title='bbox 2482 3130 2672 3193; x_wconf 86' lang='lat' dir='ltr'><strong>Quare,</strong></span> <span class='ocrx_word' id='word_1_627' title='bbox 2705 3112 2931 3203; x_wconf 50' lang='lat' dir='ltr'><strong>inq&#39;ua&#39;m,</strong></span> <span class='ocrx_word' id='word_1_628' title='bbox 2961 3112 3153 3203; x_wconf 63' lang='lat' dir='ltr'><strong>avertis</strong></span> <span class='ocrx_word' id='word_1_629' title='bbox 3178 3143 3275 3179; x_wconf 88' lang='lat' dir='ltr'><strong>nos</strong></span> <span class='ocrx_word' id='word_1_630' title='bbox 3307 3128 3557 3202; x_wconf 35' lang='lat' dir='ltr'><strong>de&#39;rnedio</strong></span> <span class='ocrx_word' id='word_1_631' title='bbox 3600 3112 3705 3179; x_wconf 70' lang='lat' dir='ltr'><strong>sine</strong></span> 
     </span>
    </p>
   </div>
   <div class='ocr_carea' id='block_1_81' title="bbox 547 3182 2068 3247">
    <p class='ocr_par' dir='ltr' id='par_1_81' title="bbox 547 3182 2068 3247">
     <span class='ocr_line' id='line_1_81' title="bbox 547 3182 2068 3247; baseline -0.005 -6"><span class='ocrx_word' id='word_1_632' title='bbox 547 3204 648 3241; x_wconf 89' lang='lat' dir='ltr'><strong>non</strong></span> <span class='ocrx_word' id='word_1_633' title='bbox 673 3203 732 3239; x_wconf 85' lang='lat' dir='ltr'><strong>ex</strong></span> <span class='ocrx_word' id='word_1_634' title='bbox 758 3182 846 3236; x_wconf 64' lang='lat' dir='ltr'><strong>sua</strong></span> <span class='ocrx_word' id='word_1_635' title='bbox 877 3188 1081 3243; x_wconf 84' lang='lat' dir='ltr'><strong>virtute,</strong></span> <span class='ocrx_word' id='word_1_636' title='bbox 1107 3185 1239 3234; x_wconf 90' lang='lat' dir='ltr'><strong>sicut</strong></span> <span class='ocrx_word' id='word_1_637' title='bbox 1270 3183 1317 3234; x_wconf 88' lang='lat' dir='ltr'><strong>in</strong></span> <span class='ocrx_word' id='word_1_638' title='bbox 1341 3182 1479 3233; x_wconf 82' lang='lat' dir='ltr'><strong>exitu</strong></span> <span class='ocrx_word' id='word_1_639' title='bbox 1508 3182 1763 3247; x_wconf 79' lang='lat' dir='ltr'><strong>apparuit.</strong></span> <span class='ocrx_word' id='word_1_640' title='bbox 1799 3182 2068 3247; x_wconf 81' lang='lat' dir='ltr'><strong>Nunquam</strong></span> 
     </span>
    </p>
   </div>
   <div class='ocr_carea' id='block_1_82' title="bbox 546 3251 2079 3321">
    <p class='ocr_par' dir='ltr' id='par_1_82' title="bbox 546 3251 2079 3321">
     <span class='ocr_line' id='line_1_82' title="bbox 546 3251 2079 3321; baseline -0.003 -14"><span class='ocrx_word' id='word_1_641' title='bbox 546 3258 680 3308; x_wconf 90' lang='lat' dir='ltr'><strong>cnim</strong></span> <span class='ocrx_word' id='word_1_642' title='bbox 710 3266 810 3306; x_wconf 85' lang='lat' dir='ltr'><strong>tam</strong></span> <span class='ocrx_word' id='word_1_643' title='bbox 837 3254 981 3321; x_wconf 88' lang='lat' dir='ltr'><strong>pauci</strong></span> <span class='ocrx_word' id='word_1_644' title='bbox 1007 3262 1076 3302; x_wconf 90' lang='lat' dir='ltr'><strong>tot</strong></span> <span class='ocrx_word' id='word_1_645' title='bbox 1100 3252 1279 3313; x_wconf 85' lang='lat' dir='ltr'><strong>millia,</strong></span> <span class='ocrx_word' id='word_1_646' title='bbox 1309 3263 1360 3321; x_wconf 87' lang='lat' dir='ltr'><strong>et</strong></span> <span class='ocrx_word' id='word_1_647' title='bbox 1384 3251 1432 3301; x_wconf 92' lang='lat' dir='ltr'><strong>in</strong></span> <span class='ocrx_word' id='word_1_648' title='bbox 1458 3258 1559 3321; x_wconf 82' lang='lat' dir='ltr'><strong>tam</strong></span> <span class='ocrx_word' id='word_1_649' title='bbox 1583 3252 1783 3301; x_wconf 90' lang='lat' dir='ltr'><strong>munito</strong></span> <span class='ocrx_word' id='word_1_650' title='bbox 1814 3251 1928 3303; x_wconf 91' lang='lat' dir='ltr'><strong>loco</strong></span> <span class='ocrx_word' id='word_1_651' title='bbox 1956 3264 2079 3317; x_wconf 82' lang='lat' dir='ltr'><strong>pos-</strong></span> 
     </span>
    </p>
   </div>
   <div class='ocr_carea' id='block_1_83' title="bbox 544 3320 1673 3388">
    <p class='ocr_par' dir='ltr' id='par_1_83' title="bbox 544 3320 1673 3388">
     <span class='ocr_line' id='line_1_83' title="bbox 544 3320 1673 3388; baseline -0.007 -11"><span class='ocrx_word' id='word_1_652' title='bbox 544 3337 660 3377; x_wconf 84' lang='lat' dir='ltr'><strong>sent</strong></span> <span class='ocrx_word' id='word_1_653' title='bbox 693 3320 958 3388; x_wconf 80' lang='lat' dir='ltr'><strong>snpcrare,</strong></span> <span class='ocrx_word' id='word_1_654' title='bbox 986 3320 1082 3372; x_wconf 83' lang='lat' dir='ltr'><strong>nisi</strong></span> <span class='ocrx_word' id='word_1_655' title='bbox 1114 3321 1287 3371; x_wconf 84' lang='lat' dir='ltr'><strong>divina</strong></span> <span class='ocrx_word' id='word_1_656' title='bbox 1316 3320 1673 3385; x_wconf 83' lang='lat' dir='ltr'><strong>dispositione.</strong></span> 
     </span>
    </p>
   </div>
   <div class='ocr_carea' id='block_1_84' title="bbox 588 3388 2077 3459">
    <p class='ocr_par' dir='ltr' id='par_1_84' title="bbox 588 3388 2077 3459">
     <span class='ocr_line' id='line_1_84' title="bbox 588 3388 2077 3459; baseline -0.003 -14"><span class='ocrx_word' id='word_1_657' title='bbox 588 3448 595 3453; x_wconf 68' lang='grc'><strong>,</strong></span> <span class='ocrx_word' id='word_1_658' title='bbox 618 3395 770 3459; x_wconf 79' lang='lat' dir='ltr'><strong>Quasi</strong></span> <span class='ocrx_word' id='word_1_659' title='bbox 800 3394 850 3442; x_wconf 85' lang='lat' dir='ltr'><strong>in</strong></span> <span class='ocrx_word' id='word_1_660' title='bbox 877 3391 995 3442; x_wconf 82' lang='lat' dir='ltr'><strong>silva</strong></span> <span class='ocrx_word' id='word_1_661' title='bbox 1022 3392 1289 3456; x_wconf 77' lang='lat' dir='ltr'><strong>lignorum.</strong></span> <span class='ocrx_word' id='word_1_662' title='bbox 1335 3389 1642 3459; x_wconf 78' lang='lat' dir='ltr'><strong>Exsequitur</strong></span> <span class='ocrx_word' id='word_1_663' title='bbox 1670 3404 1727 3438; x_wconf 77' lang='lat' dir='ltr'><strong>ea</strong></span> <span class='ocrx_word' id='word_1_664' title='bbox 1752 3402 1866 3455; x_wconf 70' lang='lat' dir='ltr'><strong>qua:</strong></span> <span class='ocrx_word' id='word_1_665' title='bbox 1912 3388 2077 3441; x_wconf 84' lang='lat' dir='ltr'><strong>inimi-</strong></span> 
     </span>
    </p>
   </div>
   <div class='ocr_carea' id='block_1_85' title="bbox 547 3458 2077 3526">
    <p class='ocr_par' dir='ltr' id='par_1_85' title="bbox 547 3458 2077 3526">
     <span class='ocr_line' id='line_1_85' title="bbox 547 3458 2077 3526; baseline -0.004 -10"><span class='ocrx_word' id='word_1_666' title='bbox 547 3458 713 3517; x_wconf 19' lang='lat' dir='ltr'><strong>cus’in</strong></span> <span class='ocrx_word' id='word_1_667' title='bbox 750 3470 921 3514; x_wconf 83' lang='lat' dir='ltr'><strong>sancto</strong></span> <span class='ocrx_word' id='word_1_668' title='bbox 951 3458 1255 3526; x_wconf 79' lang='lat' dir='ltr'><strong>malignatus</strong></span> <span class='ocrx_word' id='word_1_669' title='bbox 1294 3468 1384 3511; x_wconf 81' lang='lat' dir='ltr'><strong>est.</strong></span> <span class='ocrx_word' id='word_1_670' title='bbox 1424 3458 1548 3509; x_wconf 78' lang='lat' dir='ltr'><strong>Nam</strong></span> <span class='ocrx_word' id='word_1_671' title='bbox 1582 3459 1867 3508; x_wconf 65' lang='lat' dir='ltr'><strong>exciderunt</strong></span> <span class='ocrx_word' id='word_1_672' title='bbox 1889 3461 2077 3523; x_wconf 85' lang='lat' dir='ltr'><strong>januas</strong></span> 
     </span>
    </p>
   </div>
   <div class='ocr_carea' id='block_1_86' title="bbox 542 3528 2077 3603">
    <p class='ocr_par' dir='ltr' id='par_1_86' title="bbox 542 3528 2077 3603">
     <span class='ocr_line' id='line_1_86' title="bbox 542 3528 2077 3603; baseline -0.004 -20"><span class='ocrx_word' id='word_1_673' title='bbox 542 3537 682 3603; x_wconf 80' lang='lat' dir='ltr'><strong>ejus,</strong></span> <span class='ocrx_word' id='word_1_674' title='bbox 727 3534 774 3585; x_wconf 90' lang='lat' dir='ltr'><strong>id</strong></span> <span class='ocrx_word' id='word_1_675' title='bbox 816 3541 935 3591; x_wconf 91' lang='lat' dir='ltr'><strong>est,</strong></span> <span class='ocrx_word' id='word_1_676' title='bbox 978 3529 1142 3603; x_wconf 80' lang='lat' dir='ltr'><strong>sancti</strong></span> <span class='ocrx_word' id='word_1_677' title='bbox 1189 3529 1361 3603; x_wconf 81' lang='lat' dir='ltr'><strong>templi</strong></span> <span class='ocrx_word' id='word_1_678' title='bbox 1410 3528 1664 3603; x_wconf 77' lang='lat' dir='ltr'><strong>securibus</strong></span> <span class='ocrx_word' id='word_1_679' title='bbox 1704 3541 1811 3576; x_wconf 74' lang='lat' dir='ltr'><strong>SUIS</strong></span> <span class='ocrx_word' id='word_1_680' title='bbox 1849 3530 1989 3603; x_wconf 79' lang='lat' dir='ltr'><strong>quasi</strong></span> <span class='ocrx_word' id='word_1_681' title='bbox 2028 3531 2077 3580; x_wconf 83' lang='lat' dir='ltr'><strong>in</strong></span> 
     </span>
    </p>
   </div>
   <div class='ocr_carea' id='block_1_87' title="bbox 543 3597 2076 3671">
    <p class='ocr_par' dir='ltr' id='par_1_87' title="bbox 543 3597 2076 3671">
     <span class='ocr_line' id='line_1_87' title="bbox 543 3597 2076 3671; baseline -0.004 -16"><span class='ocrx_word' id='word_1_682' title='bbox 543 3597 669 3656; x_wconf 68' lang='lat' dir='ltr'><strong>silua</strong></span> <span class='ocrx_word' id='word_1_683' title='bbox 699 3604 965 3671; x_wconf 85' lang='lat' dir='ltr'><strong>lignorum,</strong></span> <span class='ocrx_word' id='word_1_684' title='bbox 999 3599 1046 3671; x_wconf 76' lang='lat' dir='ltr'><strong>id</strong></span> <span class='ocrx_word' id='word_1_685' title='bbox 1075 3608 1171 3671; x_wconf 81' lang='lat' dir='ltr'><strong>est,</strong></span> <span class='ocrx_word' id='word_1_686' title='bbox 1222 3600 1287 3647; x_wconf 82' lang='lat' dir='ltr'><strong>ita</strong></span> <span class='ocrx_word' id='word_1_687' title='bbox 1318 3612 1428 3671; x_wconf 65' lang='lat' dir='ltr'><strong>suto</strong></span> <span class='ocrx_word' id='word_1_688' title='bbox 1472 3598 1614 3671; x_wconf 75' lang='lat' dir='ltr'><strong>omni</strong></span> <span class='ocrx_word' id='word_1_689' title='bbox 1648 3603 1908 3671; x_wconf 74' lang='lat' dir='ltr'><strong>respectu,</strong></span> <span class='ocrx_word' id='word_1_690' title='bbox 1941 3597 2076 3671; x_wconf 85' lang='lat' dir='ltr'><strong>sicut</strong></span> 
     </span>
    </p>
   </div>
   <div class='ocr_carea' id='block_1_88' title="bbox 543 3662 2071 3731">
    <p class='ocr_par' dir='ltr' id='par_1_88' title="bbox 543 3662 2071 3731">
     <span class='ocr_line' id='line_1_88' title="bbox 543 3662 2071 3731; baseline -0.007 -6"><span class='ocrx_word' id='word_1_691' title='bbox 543 3672 701 3725; x_wconf 86' lang='lat' dir='ltr'><strong>arbor</strong></span> <span class='ocrx_word' id='word_1_692' title='bbox 729 3662 969 3721; x_wconf 63' lang='lat' dir='ltr'><strong>inciditur</strong></span> <span class='ocrx_word' id='word_1_693' title='bbox 1014 3665 1064 3716; x_wconf 90' lang='lat' dir='ltr'><strong>in</strong></span> <span class='ocrx_word' id='word_1_694' title='bbox 1106 3668 1235 3716; x_wconf 85' lang='lat' dir='ltr'><strong>silva</strong></span> <span class='ocrx_word' id='word_1_695' title='bbox 1280 3664 1375 3715; x_wconf 87' lang='lat' dir='ltr'><strong>sub</strong></span> <span class='ocrx_word' id='word_1_696' title='bbox 1422 3666 1561 3715; x_wconf 86' lang='lat' dir='ltr'><strong>nulla</strong></span> <span class='ocrx_word' id='word_1_697' title='bbox 1610 3662 1841 3715; x_wconf 85' lang='lat' dir='ltr'><strong>custodia</strong></span> <span class='ocrx_word' id='word_1_698' title='bbox 1888 3668 2071 3731; x_wconf 79' lang='lat' dir='ltr'><strong>posita,</strong></span> 
     </span>
    </p>
   </div>
   <div class='ocr_carea' id='block_1_89' title="bbox 547 3732 2073 3798">
    <p class='ocr_par' dir='ltr' id='par_1_89' title="bbox 547 3732 2073 3798">
     <span class='ocr_line' id='line_1_89' title="bbox 547 3732 2073 3798; baseline -0.005 -5"><span class='ocrx_word' id='word_1_699' title='bbox 547 3742 639 3793; x_wconf 85' lang='lat' dir='ltr'><strong>sed</strong></span> <span class='ocrx_word' id='word_1_700' title='bbox 670 3740 719 3791; x_wconf 89' lang='lat' dir='ltr'><strong>in</strong></span> <span class='ocrx_word' id='word_1_701' title='bbox 752 3752 898 3788; x_wconf 60' lang='lat' dir='ltr'><strong>osum</strong></span> <span class='ocrx_word' id='word_1_702' title='bbox 927 3744 1125 3785; x_wconf 83' lang='lat' dir='ltr'><strong>tantum</strong></span> <span class='ocrx_word' id='word_1_703' title='bbox 1165 3736 1413 3798; x_wconf 79' lang='lat' dir='ltr'><strong>lignorum</strong></span> <span class='ocrx_word' id='word_1_704' title='bbox 1438 3732 1701 3798; x_wconf 87' lang='lat' dir='ltr'><strong>deputata,</strong></span> <span class='ocrx_word' id='word_1_705' title='bbox 1733 3742 1785 3785; x_wconf 90' lang='lat' dir='ltr'><strong>et</strong></span> <span class='ocrx_word' id='word_1_706' title='bbox 1817 3735 1913 3785; x_wconf 90' lang='lat' dir='ltr'><strong>hoc</strong></span> <span class='ocrx_word' id='word_1_707' title='bbox 1940 3737 2073 3786; x_wconf 85' lang='lat' dir='ltr'><strong>lece-</strong></span> 
     </span>
    </p>
   </div>
   <div class='ocr_carea' id='block_1_90' title="bbox 547 3802 2074 3865">
    <p class='ocr_par' dir='ltr' id='par_1_90' title="bbox 547 3802 2074 3865">
     <span class='ocr_line' id='line_1_90' title="bbox 547 3802 2074 3865; baseline -0.003 -4"><span class='ocrx_word' id='word_1_708' title='bbox 547 3818 671 3862; x_wconf 83' lang='lat' dir='ltr'><strong>runt</strong></span> <span class='ocrx_word' id='word_1_709' title='bbox 719 3808 989 3858; x_wconf 88' lang='lat' dir='ltr'><strong>tendentes</strong></span> <span class='ocrx_word' id='word_1_710' title='bbox 1032 3804 1080 3851; x_wconf 83' lang='lat' dir='ltr'><strong>in</strong></span> <span class='ocrx_word' id='word_1_711' title='bbox 1125 3804 1362 3865; x_wconf 77' lang='lat' dir='ltr'><strong>idipsum,</strong></span> <span class='ocrx_word' id='word_1_712' title='bbox 1417 3802 1465 3853; x_wconf 91' lang='lat' dir='ltr'><strong>id</strong></span> <span class='ocrx_word' id='word_1_713' title='bbox 1494 3813 1593 3862; x_wconf 82' lang='lat' dir='ltr'><strong>est,</strong></span> <span class='ocrx_word' id='word_1_714' title='bbox 1652 3803 1967 3855; x_wconf 77' lang='lat' dir='ltr'><strong>unanimiter</strong></span> <span class='ocrx_word' id='word_1_715' title='bbox 1998 3806 2074 3856; x_wconf 78' lang='lat' dir='ltr'><strong>vel</strong></span> 
     </span>
    </p>
   </div>
   <div class='ocr_carea' id='block_1_91' title="bbox 553 3872 2073 3943">
    <p class='ocr_par' dir='ltr' id='par_1_91' title="bbox 553 3872 2073 3943">
     <span class='ocr_line' id='line_1_91' title="bbox 553 3872 2073 3943; baseline -0.004 -14"><span class='ocrx_word' id='word_1_716' title='bbox 553 3882 965 3943; x_wconf 87' lang='lat' dir='ltr'><strong>perseveranter,</strong></span> <span class='ocrx_word' id='word_1_717' title='bbox 998 3882 1048 3923; x_wconf 86' lang='lat' dir='ltr'><strong>et</strong></span> <span class='ocrx_word' id='word_1_718' title='bbox 1078 3873 1359 3943; x_wconf 53' lang='lat' dir='ltr'><strong>deiecerunt</strong></span> <span class='ocrx_word' id='word_1_719' title='bbox 1396 3886 1479 3932; x_wconf 86' lang='lat' dir='ltr'><strong>ea,</strong></span> <span class='ocrx_word' id='word_1_720' title='bbox 1521 3872 1571 3923; x_wconf 92' lang='lat' dir='ltr'><strong>id</strong></span> <span class='ocrx_word' id='word_1_721' title='bbox 1611 3881 1711 3943; x_wconf 77' lang='lat' dir='ltr'><strong>est,</strong></span> <span class='ocrx_word' id='word_1_722' title='bbox 1761 3872 1951 3943; x_wconf 70' lang='lat' dir='ltr'><strong>templo</strong></span> <span class='ocrx_word' id='word_1_723' title='bbox 1980 3886 2073 3938; x_wconf 83' lang='lat' dir='ltr'><strong>ap-</strong></span> 
     </span>
    </p>
   </div>
   <div class='ocr_carea' id='block_1_92' title="bbox 547 3940 2073 4015">
    <p class='ocr_par' dir='ltr' id='par_1_92' title="bbox 547 3940 2073 4015">
     <span class='ocr_line' id='line_1_92' title="bbox 547 3940 2073 4015; baseline -0.003 -17"><span class='ocrx_word' id='word_1_724' title='bbox 547 3940 842 4015; x_wconf 82' lang='lat' dir='ltr'><strong>pendentia,</strong></span> <span class='ocrx_word' id='word_1_725' title='bbox 874 3942 952 4015; x_wconf 79' lang='lat' dir='ltr'><strong>vel</strong></span> <span class='ocrx_word' id='word_1_726' title='bbox 980 3956 1107 4015; x_wconf 65' lang='lat' dir='ltr'><strong>eam,</strong></span> <span class='ocrx_word' id='word_1_727' title='bbox 1154 3942 1201 4015; x_wconf 79' lang='lat' dir='ltr'><strong>id</strong></span> <span class='ocrx_word' id='word_1_728' title='bbox 1234 3949 1332 3996; x_wconf 86' lang='lat' dir='ltr'><strong>est.</strong></span> <span class='ocrx_word' id='word_1_729' title='bbox 1362 3949 1592 4015; x_wconf 69' lang='lat' dir='ltr'><strong>sanctim</strong></span> <span class='ocrx_word' id='word_1_730' title='bbox 1618 3942 1879 4015; x_wconf 78' lang='lat' dir='ltr'><strong>civitatein</strong></span> <span class='ocrx_word' id='word_1_731' title='bbox 1910 3940 1960 3993; x_wconf 89' lang='lat' dir='ltr'><strong>in</strong></span> <span class='ocrx_word' id='word_1_732' title='bbox 1986 3956 2073 4015; x_wconf 80' lang='lat' dir='ltr'><strong>se-</strong></span> 
     </span>
    </p>
   </div>
   <div class='ocr_carea' id='block_1_93' title="bbox 550 4009 2076 4076">
    <p class='ocr_par' dir='ltr' id='par_1_93' title="bbox 550 4009 2076 4076">
     <span class='ocr_line' id='line_1_93' title="bbox 550 4009 2076 4076; baseline -0.003 -9"><span class='ocrx_word' id='word_1_733' title='bbox 550 4009 662 4068; x_wconf 73' lang='lat' dir='ltr'><strong>curi</strong></span> <span class='ocrx_word' id='word_1_734' title='bbox 691 4023 743 4066; x_wconf 89' lang='lat' dir='ltr'><strong>et</strong></span> <span class='ocrx_word' id='word_1_735' title='bbox 788 4011 944 4063; x_wconf 81' lang='lat' dir='ltr'><strong>ascia.</strong></span> <span class='ocrx_word' id='word_1_736' title='bbox 989 4011 1110 4061; x_wconf 65' lang='lat' dir='ltr'><strong>[huc</strong></span> <span class='ocrx_word' id='word_1_737' title='bbox 1149 4009 1252 4060; x_wconf 89' lang='lat' dir='ltr'><strong>duo</strong></span> <span class='ocrx_word' id='word_1_738' title='bbox 1294 4010 1434 4073; x_wconf 88' lang='lat' dir='ltr'><strong>ponit</strong></span> <span class='ocrx_word' id='word_1_739' title='bbox 1477 4024 1568 4072; x_wconf 92' lang='lat' dir='ltr'><strong>pro</strong></span> <span class='ocrx_word' id='word_1_740' title='bbox 1595 4010 1736 4060; x_wconf 91' lang='lat' dir='ltr'><strong>omni</strong></span> <span class='ocrx_word' id='word_1_741' title='bbox 1779 4024 1969 4076; x_wconf 86' lang='lat' dir='ltr'><strong>genere</strong></span> <span class='ocrx_word' id='word_1_742' title='bbox 1999 4011 2076 4063; x_wconf 89' lang='lat' dir='ltr'><strong>in-</strong></span> 
     </span>
    </p>
   </div>
   <div class='ocr_carea' id='block_1_94' title="bbox 550 4078 2075 4144">
    <p class='ocr_par' dir='ltr' id='par_1_94' title="bbox 550 4078 2075 4144">
     <span class='ocr_line' id='line_1_94' title="bbox 550 4078 2075 4144; baseline -0.004 -7"><span class='ocrx_word' id='word_1_743' title='bbox 550 4078 977 4137; x_wconf 80' lang='lat' dir='ltr'><strong>strumentorum.</strong></span> <span class='ocrx_word' id='word_1_744' title='bbox 1028 4079 1103 4130; x_wconf 79' lang='lat' dir='ltr'><strong>Ad</strong></span> <span class='ocrx_word' id='word_1_745' title='bbox 1136 4079 1231 4129; x_wconf 88' lang='lat' dir='ltr'><strong>hoc</strong></span> <span class='ocrx_word' id='word_1_746' title='bbox 1252 4091 1455 4144; x_wconf 83' lang='lat' dir='ltr'><strong>qucque</strong></span> <span class='ocrx_word' id='word_1_747' title='bbox 1484 4078 1805 4129; x_wconf 82' lang='lat' dir='ltr'><strong>incenderunt</strong></span> <span class='ocrx_word' id='word_1_748' title='bbox 1832 4080 1933 4144; x_wconf 86' lang='lat' dir='ltr'><strong>igni</strong></span> <span class='ocrx_word' id='word_1_749' title='bbox 1960 4095 2075 4131; x_wconf 84' lang='lat' dir='ltr'><strong>san-</strong></span> 
     </span>
    </p>
   </div>
   <div class='ocr_carea' id='block_1_95' title="bbox 546 4148 2068 4213">
    <p class='ocr_par' dir='ltr' id='par_1_95' title="bbox 546 4148 2068 4213">
     <span class='ocr_line' id='line_1_95' title="bbox 546 4148 2068 4213; baseline -0.003 -9"><span class='ocrx_word' id='word_1_750' title='bbox 546 4157 792 4205; x_wconf 84' lang='lat' dir='ltr'><strong>ctuariam</strong></span> <span class='ocrx_word' id='word_1_751' title='bbox 821 4159 977 4210; x_wconf 82' lang='lat' dir='ltr'><strong>tuum,</strong></span> <span class='ocrx_word' id='word_1_752' title='bbox 1025 4148 1072 4198; x_wconf 91' lang='lat' dir='ltr'><strong>id</strong></span> <span class='ocrx_word' id='word_1_753' title='bbox 1120 4158 1230 4207; x_wconf 89' lang='lat' dir='ltr'><strong>est,</strong></span> <span class='ocrx_word' id='word_1_754' title='bbox 1279 4150 1443 4213; x_wconf 69' lang='lat' dir='ltr'><strong>ipsum</strong></span> <span class='ocrx_word' id='word_1_755' title='bbox 1489 4148 1663 4212; x_wconf 82' lang='lat' dir='ltr'><strong>templi</strong></span> <span class='ocrx_word' id='word_1_756' title='bbox 1706 4150 2068 4211; x_wconf 88' lang='lat' dir='ltr'><strong>secretarium,</strong></span> 
     </span>
    </p>
   </div>
   <div class='ocr_carea' id='block_1_96' title="bbox 550 4215 2071 4287">
    <p class='ocr_par' dir='ltr' id='par_1_96' title="bbox 550 4215 2071 4287">
     <span class='ocr_line' id='line_1_96' title="bbox 550 4215 2071 4287; baseline -0.001 -15"><span class='ocrx_word' id='word_1_757' title='bbox 550 4237 652 4287; x_wconf 90' lang='lat' dir='ltr'><strong>quo</strong></span> <span class='ocrx_word' id='word_1_758' title='bbox 685 4236 802 4271; x_wconf 81' lang='lat' dir='ltr'><strong>arca</strong></span> <span class='ocrx_word' id='word_1_759' title='bbox 834 4218 1128 4268; x_wconf 75' lang='lat' dir='ltr'><strong>testamenti</strong></span> <span class='ocrx_word' id='word_1_760' title='bbox 1160 4226 1212 4287; x_wconf 83' lang='lat' dir='ltr'><strong>et</strong></span> <span class='ocrx_word' id='word_1_761' title='bbox 1240 4215 1336 4267; x_wconf 87' lang='lat' dir='ltr'><strong>alia</strong></span> <span class='ocrx_word' id='word_1_762' title='bbox 1364 4226 1694 4269; x_wconf 87' lang='lat' dir='ltr'><strong>sacrosancta</strong></span> <span class='ocrx_word' id='word_1_763' title='bbox 1726 4216 2071 4270; x_wconf 86' lang='lat' dir='ltr'><strong>contineban-</strong></span> 
     </span>
    </p>
   </div>
   <div class='ocr_carea' id='block_1_97' title="bbox 546 4286 2074 4352">
    <p class='ocr_par' dir='ltr' id='par_1_97' title="bbox 546 4286 2074 4352">
     <span class='ocr_line' id='line_1_97' title="bbox 546 4286 2074 4352; baseline 0 -12"><span class='ocrx_word' id='word_1_764' title='bbox 546 4286 652 4341; x_wconf 62' lang='lat' dir='ltr'><strong>(ur.</strong></span> <span class='ocrx_word' id='word_1_765' title='bbox 686 4289 748 4340; x_wconf 80' lang='lat' dir='ltr'><strong>Et</strong></span> <span class='ocrx_word' id='word_1_766' title='bbox 776 4288 1053 4351; x_wconf 76' lang='lat' dir='ltr'><strong>polluerunt</strong></span> <span class='ocrx_word' id='word_1_767' title='bbox 1081 4286 1297 4337; x_wconf 80' lang='lat' dir='ltr'><strong>stabulis</strong></span> <span class='ocrx_word' id='word_1_768' title='bbox 1322 4301 1569 4352; x_wconf 77' lang='lat' dir='ltr'><strong>eqmiruttt</strong></span> <span class='ocrx_word' id='word_1_769' title='bbox 1596 4300 1827 4347; x_wconf 87' lang='lat' dir='ltr'><strong>suorum,</strong></span> <span class='ocrx_word' id='word_1_770' title='bbox 1860 4296 1908 4337; x_wconf 86' lang='lat' dir='ltr'><strong>et</strong></span> <span class='ocrx_word' id='word_1_771' title='bbox 1938 4289 2074 4340; x_wconf 89' lang='lat' dir='ltr'><strong>mul-</strong></span> 
     </span>
    </p>
   </div>
   <div class='ocr_carea' id='block_1_98' title="bbox 548 4354 2073 4409">
    <p class='ocr_par' dir='ltr' id='par_1_98' title="bbox 548 4354 2073 4409">
     <span class='ocr_line' id='line_1_98' title="bbox 548 4354 2073 4409; baseline -0.001 0"><span class='ocrx_word' id='word_1_772' title='bbox 548 4356 807 4409; x_wconf 28' lang='lat' dir='ltr'><strong>tis‘modis</strong></span> <span class='ocrx_word' id='word_1_773' title='bbox 822 4356 935 4405; x_wconf 87' lang='lat' dir='ltr'><strong>aliis</strong></span> <span class='ocrx_word' id='word_1_774' title='bbox 957 4354 1324 4405; x_wconf 77' lang='lat' dir='ltr'><strong>tabernaculum</strong></span> <span class='ocrx_word' id='word_1_775' title='bbox 1344 4355 1573 4406; x_wconf 80' lang='lat' dir='ltr'><strong>exterius</strong></span> <span class='ocrx_word' id='word_1_776' title='bbox 1602 4356 1795 4406; x_wconf 87' lang='lat' dir='ltr'><strong>nomini</strong></span> <span class='ocrx_word' id='word_1_777' title='bbox 1826 4363 1911 4406; x_wconf 91' lang='lat' dir='ltr'><strong>tuo</strong></span> <span class='ocrx_word' id='word_1_778' title='bbox 1925 4356 2073 4407; x_wconf 88' lang='lat' dir='ltr'><strong>dedi-</strong></span> 
     </span>
    </p>
   </div>
   <div class='ocr_carea' id='block_1_99' title="bbox 547 4424 2073 4490">
    <p class='ocr_par' dir='ltr' id='par_1_99' title="bbox 547 4424 2073 4490">
     <span class='ocr_line' id='line_1_99' title="bbox 547 4424 2073 4490; baseline -0.002 -11"><span class='ocrx_word' id='word_1_779' title='bbox 547 4437 742 4487; x_wconf 56' lang='lat' dir='ltr'><strong>catum,</strong></span> <span class='ocrx_word' id='word_1_780' title='bbox 790 4425 923 4490; x_wconf 89' lang='lat' dir='ltr'><strong>quod</strong></span> <span class='ocrx_word' id='word_1_781' title='bbox 970 4424 1137 4475; x_wconf 84' lang='lat' dir='ltr'><strong>solum</strong></span> <span class='ocrx_word' id='word_1_782' title='bbox 1182 4433 1293 4475; x_wconf 90' lang='lat' dir='ltr'><strong>erat</strong></span> <span class='ocrx_word' id='word_1_783' title='bbox 1335 4424 1387 4474; x_wconf 84' lang='lat' dir='ltr'><strong>in</strong></span> <span class='ocrx_word' id='word_1_784' title='bbox 1425 4434 1572 4475; x_wconf 80' lang='lat' dir='ltr'><strong>terra.</strong></span> <span class='ocrx_word' id='word_1_785' title='bbox 1628 4424 1691 4475; x_wconf 85' lang='lat' dir='ltr'><strong>Et</strong></span> <span class='ocrx_word' id='word_1_786' title='bbox 1738 4424 1971 4475; x_wconf 74' lang='lat' dir='ltr'><strong>dixerunt</strong></span> <span class='ocrx_word' id='word_1_787' title='bbox 2021 4426 2073 4476; x_wconf 82' lang='lat' dir='ltr'><strong>in</strong></span> 
     </span>
    </p>
   </div>
   <div class='ocr_carea' id='block_1_100' title="bbox 543 4493 2072 4557">
    <p class='ocr_par' dir='ltr' id='par_1_100' title="bbox 543 4493 2072 4557">
     <span class='ocr_line' id='line_1_100' title="bbox 543 4493 2072 4557; baseline -0.002 -8"><span class='ocrx_word' id='word_1_788' title='bbox 543 4498 695 4549; x_wconf 70' lang='lat' dir='ltr'><strong>cardo</strong></span> <span class='ocrx_word' id='word_1_789' title='bbox 722 4511 827 4556; x_wconf 82' lang='lat' dir='ltr'><strong>suo,</strong></span> <span class='ocrx_word' id='word_1_790' title='bbox 860 4494 907 4544; x_wconf 92' lang='lat' dir='ltr'><strong>id</strong></span> <span class='ocrx_word' id='word_1_791' title='bbox 934 4504 1032 4550; x_wconf 65' lang='lat' dir='ltr'><strong>Bal,</strong></span> <span class='ocrx_word' id='word_1_792' title='bbox 1085 4493 1299 4543; x_wconf 84' lang='lat' dir='ltr'><strong>lirutiter</strong></span> <span class='ocrx_word' id='word_1_793' title='bbox 1338 4501 1713 4557; x_wconf 81' lang='lat' dir='ltr'><strong>proposuerunt</strong></span> <span class='ocrx_word' id='word_1_794' title='bbox 1756 4509 1858 4543; x_wconf 89' lang='lat' dir='ltr'><strong>non</strong></span> <span class='ocrx_word' id='word_1_795' title='bbox 1904 4496 2072 4546; x_wconf 88' lang='lat' dir='ltr'><strong>solum</strong></span> 
     </span>
    </p>
   </div>
   <div class='ocr_carea' id='block_1_101' title="bbox 546 4561 2072 4630">
    <p class='ocr_par' dir='ltr' id='par_1_101' title="bbox 546 4561 2072 4630">
     <span class='ocr_line' id='line_1_101' title="bbox 546 4561 2072 4630; baseline -0.003 -12"><span class='ocrx_word' id='word_1_796' title='bbox 546 4566 620 4619; x_wconf 87' lang='lat' dir='ltr'><strong>illi</strong></span> <span class='ocrx_word' id='word_1_797' title='bbox 665 4561 901 4627; x_wconf 75' lang='lat' dir='ltr'><strong>Romani,</strong></span> <span class='ocrx_word' id='word_1_798' title='bbox 946 4563 1035 4614; x_wconf 86' lang='lat' dir='ltr'><strong>sed</strong></span> <span class='ocrx_word' id='word_1_799' title='bbox 1074 4564 1302 4630; x_wconf 77' lang='lat' dir='ltr'><strong>ragitatia</strong></span> <span class='ocrx_word' id='word_1_800' title='bbox 1330 4576 1519 4622; x_wconf 83' lang='lat' dir='ltr'><strong>eorum,</strong></span> <span class='ocrx_word' id='word_1_801' title='bbox 1564 4561 1613 4613; x_wconf 92' lang='lat' dir='ltr'><strong>id</strong></span> <span class='ocrx_word' id='word_1_802' title='bbox 1651 4572 1751 4626; x_wconf 87' lang='lat' dir='ltr'><strong>est,</strong></span> <span class='ocrx_word' id='word_1_803' title='bbox 1782 4561 1936 4613; x_wconf 88' lang='lat' dir='ltr'><strong>etiam</strong></span> <span class='ocrx_word' id='word_1_804' title='bbox 1984 4564 2072 4615; x_wconf 78' lang='lat' dir='ltr'><strong>alii</strong></span> 
     </span>
    </p>
   </div>
   <div class='ocr_carea' id='block_1_102' title="bbox 544 4630 2074 4705">
    <p class='ocr_par' dir='ltr' id='par_1_102' title="bbox 544 4630 2074 4705">
     <span class='ocr_line' id='line_1_102' title="bbox 544 4630 2074 4705; baseline -0.005 -17"><span class='ocrx_word' id='word_1_805' title='bbox 544 4634 778 4705; x_wconf 87' lang='lat' dir='ltr'><strong>ejusdem</strong></span> <span class='ocrx_word' id='word_1_806' title='bbox 808 4634 1148 4705; x_wconf 79' lang='lat' dir='ltr'><strong>cognationis,</strong></span> <span class='ocrx_word' id='word_1_807' title='bbox 1200 4630 1248 4681; x_wconf 92' lang='lat' dir='ltr'><strong>id</strong></span> <span class='ocrx_word' id='word_1_808' title='bbox 1300 4643 1397 4687; x_wconf 65' lang='lat'><strong>88!,</strong></span> <span class='ocrx_word' id='word_1_809' title='bbox 1443 4630 1672 4697; x_wconf 89' lang='lat' dir='ltr'><strong>gentilis,</strong></span> <span class='ocrx_word' id='word_1_810' title='bbox 1722 4630 2074 4705; x_wconf 21' lang='lat' dir='ltr'><strong>sicutdlb&#39;abu-</strong></span> 
     </span>
    </p>
   </div>
   <div class='ocr_carea' id='block_1_103' title="bbox 546 4702 2075 4768">
    <p class='ocr_par' dir='ltr' id='par_1_103' title="bbox 546 4702 2075 4768">
     <span class='ocr_line' id='line_1_103' title="bbox 546 4702 2075 4768; baseline -0.005 -10"><span class='ocrx_word' id='word_1_811' title='bbox 546 4702 902 4765; x_wconf 53' lang='lat' dir='ltr'><strong>c&#39;hodonosor,</strong></span> <span class='ocrx_word' id='word_1_812' title='bbox 951 4702 1039 4767; x_wconf 88' lang='lat' dir='ltr'><strong>qui</strong></span> <span class='ocrx_word' id='word_1_813' title='bbox 1070 4703 1209 4768; x_wconf 91' lang='lat' dir='ltr'><strong>prius</strong></span> <span class='ocrx_word' id='word_1_814' title='bbox 1234 4712 1325 4751; x_wconf 89' lang='lat' dir='ltr'><strong>eos</strong></span> <span class='ocrx_word' id='word_1_815' title='bbox 1350 4709 1725 4765; x_wconf 83' lang='lat' dir='ltr'><strong>captivaverat,</strong></span> <span class='ocrx_word' id='word_1_816' title='bbox 1758 4710 1809 4750; x_wconf 90' lang='lat' dir='ltr'><strong>et</strong></span> <span class='ocrx_word' id='word_1_817' title='bbox 1838 4702 1921 4751; x_wconf 88' lang='lat' dir='ltr'><strong>alii</strong></span> <span class='ocrx_word' id='word_1_818' title='bbox 1956 4714 2075 4765; x_wconf 57' lang='lat' dir='ltr'><strong>per-</strong></span> 
     </span>
    </p>
   </div>
   <div class='ocr_carea' id='block_1_104' title="bbox 547 4770 2075 4832">
    <p class='ocr_par' dir='ltr' id='par_1_104' title="bbox 547 4770 2075 4832">
     <span class='ocr_line' id='line_1_104' title="bbox 547 4770 2075 4832; baseline -0.006 -4"><span class='ocrx_word' id='word_1_819' title='bbox 547 4784 836 4828; x_wconf 81' lang='lat' dir='ltr'><strong>secutores.</strong></span> <span class='ocrx_word' id='word_1_820' title='bbox 879 4770 986 4832; x_wconf 85' lang='lat' dir='ltr'><strong>His,</strong></span> <span class='ocrx_word' id='word_1_821' title='bbox 1020 4772 1246 4830; x_wconf 83' lang='lat' dir='ltr'><strong>inquam,</strong></span> <span class='ocrx_word' id='word_1_822' title='bbox 1280 4770 1524 4820; x_wconf 72' lang='lat' dir='ltr'><strong>dixerunt</strong></span> <span class='ocrx_word' id='word_1_823' title='bbox 1555 4770 1723 4828; x_wconf 84' lang='lat' dir='ltr'><strong>simul,</strong></span> <span class='ocrx_word' id='word_1_824' title='bbox 1756 4770 1804 4819; x_wconf 92' lang='lat' dir='ltr'><strong>id</strong></span> <span class='ocrx_word' id='word_1_825' title='bbox 1833 4776 1933 4832; x_wconf 82' lang='lat' dir='ltr'><strong>est,</strong></span> <span class='ocrx_word' id='word_1_826' title='bbox 1963 4784 2075 4819; x_wconf 87' lang='lat' dir='ltr'><strong>om-</strong></span> 
     </span>
    </p>
   </div>
   <div class='ocr_carea' id='block_1_105' title="bbox 546 4836 2075 4905">
    <p class='ocr_par' dir='ltr' id='par_1_105' title="bbox 546 4836 2075 4905">
     <span class='ocr_line' id='line_1_105' title="bbox 546 4836 2075 4905; baseline -0.003 -11"><span class='ocrx_word' id='word_1_827' title='bbox 546 4861 639 4897; x_wconf 79' lang='lat' dir='ltr'><strong>nes</strong></span> <span class='ocrx_word' id='word_1_828' title='bbox 685 4849 780 4894; x_wconf 90' lang='lat' dir='ltr'><strong>hoc</strong></span> <span class='ocrx_word' id='word_1_829' title='bbox 825 4854 1019 4891; x_wconf 83' lang='lat' dir='ltr'><strong>unum;</strong></span> <span class='ocrx_word' id='word_1_830' title='bbox 1062 4836 1329 4889; x_wconf 81' lang='lat' dir='ltr'><strong>Faciamus</strong></span> <span class='ocrx_word' id='word_1_831' title='bbox 1367 4852 1532 4888; x_wconf 78' lang='lat' dir='ltr'><strong>omnes</strong></span> <span class='ocrx_word' id='word_1_832' title='bbox 1578 4838 1683 4889; x_wconf 82' lang='lat' dir='ltr'><strong>dies</strong></span> <span class='ocrx_word' id='word_1_833' title='bbox 1730 4837 1903 4905; x_wconf 79' lang='lat' dir='ltr'><strong>festos,</strong></span> <span class='ocrx_word' id='word_1_834' title='bbox 1944 4850 2075 4904; x_wconf 84' lang='lat' dir='ltr'><strong>quos</strong></span> 
     </span>
    </p>
   </div>
   <div class='ocr_carea' id='block_1_106' title="bbox 545 4906 2074 4973">
    <p class='ocr_par' dir='ltr' id='par_1_106' title="bbox 545 4906 2074 4973">
     <span class='ocr_line' id='line_1_106' title="bbox 545 4906 2074 4973; baseline -0.004 -9"><span class='ocrx_word' id='word_1_835' title='bbox 545 4914 629 4964; x_wconf 85' lang='lat' dir='ltr'><strong>isti</strong></span> <span class='ocrx_word' id='word_1_836' title='bbox 661 4912 839 4964; x_wconf 90' lang='lat' dir='ltr'><strong>dicunt</strong></span> <span class='ocrx_word' id='word_1_837' title='bbox 866 4924 980 4960; x_wconf 81' lang='lat' dir='ltr'><strong>esse</strong></span> <span class='ocrx_word' id='word_1_838' title='bbox 1016 4907 1103 4958; x_wconf 67' lang='grc' dir='ltr'><strong>Οίί</strong></span> <span class='ocrx_word' id='word_1_839' title='bbox 1126 4910 1392 4973; x_wconf 76' lang='lat' dir='ltr'><strong>quiescere,</strong></span> <span class='ocrx_word' id='word_1_840' title='bbox 1427 4906 1475 4957; x_wconf 87' lang='lat' dir='ltr'><strong>id</strong></span> <span class='ocrx_word' id='word_1_841' title='bbox 1504 4918 1601 4970; x_wconf 89' lang='lat' dir='ltr'><strong>est,</strong></span> <span class='ocrx_word' id='word_1_842' title='bbox 1640 4920 1847 4959; x_wconf 70' lang='lat' dir='ltr'><strong>cessare</strong></span> <span class='ocrx_word' id='word_1_843' title='bbox 1885 4924 1914 4957; x_wconf 90' lang='lat' dir='ltr'><strong>a</strong></span> <span class='ocrx_word' id='word_1_844' title='bbox 1943 4918 2074 4958; x_wconf 88' lang='lat' dir='ltr'><strong>terra</strong></span> 
     </span>
    </p>
   </div>
   <div class='ocr_carea' id='block_1_107' title="bbox 548 4976 2073 5046">
    <p class='ocr_par' dir='ltr' id='par_1_107' title="bbox 548 4976 2073 5046">
     <span class='ocr_line' id='line_1_107' title="bbox 548 4976 2073 5046; baseline -0.001 -17"><span class='ocrx_word' id='word_1_845' title='bbox 548 4997 761 5046; x_wconf 84' lang='lat' dir='ltr'><strong>prorsus</strong></span> <span class='ocrx_word' id='word_1_846' title='bbox 787 4979 1047 5032; x_wconf 79' lang='lat' dir='ltr'><strong>exclusos.</strong></span> <span class='ocrx_word' id='word_1_847' title='bbox 1098 4977 1189 5026; x_wconf 83' lang='lat' dir='ltr'><strong>Hic</strong></span> <span class='ocrx_word' id='word_1_848' title='bbox 1222 4977 1307 5046; x_wconf 84' lang='lat' dir='ltr'><strong>Det</strong></span> <span class='ocrx_word' id='word_1_849' title='bbox 1340 4976 1561 5046; x_wconf 85' lang='lat' dir='ltr'><strong>positum</strong></span> <span class='ocrx_word' id='word_1_850' title='bbox 1606 4985 1684 5028; x_wconf 87' lang='lat' dir='ltr'><strong>est</strong></span> <span class='ocrx_word' id='word_1_851' title='bbox 1728 4985 1977 5042; x_wconf 87' lang='lat' dir='ltr'><strong>quantum</strong></span> <span class='ocrx_word' id='word_1_852' title='bbox 2009 4977 2073 5029; x_wconf 88' lang='lat' dir='ltr'><strong>ad</strong></span> 
     </span>
    </p>
   </div>
   <div class='ocr_carea' id='block_1_108' title="bbox 545 5045 2073 5113">
    <p class='ocr_par' dir='ltr' id='par_1_108' title="bbox 545 5045 2073 5113">
     <span class='ocr_line' id='line_1_108' title="bbox 545 5045 2073 5113; baseline -0.004 -13"><span class='ocrx_word' id='word_1_853' title='bbox 545 5045 743 5113; x_wconf 62' lang='lat' dir='ltr'><strong>Asaph,</strong></span> <span class='ocrx_word' id='word_1_854' title='bbox 789 5062 889 5099; x_wconf 89' lang='lat' dir='ltr'><strong>non</strong></span> <span class='ocrx_word' id='word_1_855' title='bbox 930 5053 1179 5112; x_wconf 84' lang='lat' dir='ltr'><strong>quantum</strong></span> <span class='ocrx_word' id='word_1_856' title='bbox 1199 5045 1272 5113; x_wconf 77' lang='lat' dir='ltr'><strong>ad</strong></span> <span class='ocrx_word' id='word_1_857' title='bbox 1322 5048 1453 5096; x_wconf 86' lang='lat' dir='ltr'><strong>Illos.</strong></span> <span class='ocrx_word' id='word_1_858' title='bbox 1512 5045 1686 5096; x_wconf 77' lang='lat' dir='ltr'><strong>Potest</strong></span> <span class='ocrx_word' id='word_1_859' title='bbox 1714 5046 1868 5096; x_wconf 78' lang='lat' dir='ltr'><strong>etiam</strong></span> <span class='ocrx_word' id='word_1_860' title='bbox 1894 5059 2073 5098; x_wconf 76' lang='lat' dir='ltr'><strong>versus</strong></span> 
     </span>
    </p>
   </div>
   <div class='ocr_carea' id='block_1_109' title="bbox 548 5112 2071 5179">
    <p class='ocr_par' dir='ltr' id='par_1_109' title="bbox 548 5112 2071 5179">
     <span class='ocr_line' id='line_1_109' title="bbox 548 5112 2071 5179; baseline -0.003 -12"><span class='ocrx_word' id='word_1_861' title='bbox 548 5112 849 5169; x_wconf 22' lang='lat' dir='ltr'><strong>iste’reterri</strong></span> <span class='ocrx_word' id='word_1_862' title='bbox 894 5122 957 5165; x_wconf 87' lang='lat' dir='ltr'><strong>ad</strong></span> <span class='ocrx_word' id='word_1_863' title='bbox 1000 5114 1138 5179; x_wconf 82' lang='lat' dir='ltr'><strong>ipsos</strong></span> <span class='ocrx_word' id='word_1_864' title='bbox 1186 5112 1414 5165; x_wconf 68' lang='lat' dir='ltr'><strong>Judaeos.</strong></span> <span class='ocrx_word' id='word_1_865' title='bbox 1464 5113 1622 5176; x_wconf 80' lang='lat' dir='ltr'><strong>Quasi</strong></span> <span class='ocrx_word' id='word_1_866' title='bbox 1670 5113 1844 5165; x_wconf 83' lang='lat' dir='ltr'><strong>dicat:</strong></span> <span class='ocrx_word' id='word_1_867' title='bbox 1898 5116 2071 5178; x_wconf 81' lang='lat' dir='ltr'><strong>Asaph</strong></span> 
     </span>
    </p>
   </div>
   <div class='ocr_carea' id='block_1_110' title="bbox 550 5182 2074 5250">
    <p class='ocr_par' dir='ltr' id='par_1_110' title="bbox 550 5182 2074 5250">
     <span class='ocr_line' id='line_1_110' title="bbox 550 5182 2074 5250; baseline -0.003 -13"><span class='ocrx_word' id='word_1_868' title='bbox 550 5186 839 5250; x_wconf 87' lang='lat' dir='ltr'><strong>intelligens</strong></span> <span class='ocrx_word' id='word_1_869' title='bbox 884 5187 946 5236; x_wconf 88' lang='lat' dir='ltr'><strong>de</strong></span> <span class='ocrx_word' id='word_1_870' title='bbox 974 5185 1081 5245; x_wconf 88' lang='lat' dir='ltr'><strong>eis,</strong></span> <span class='ocrx_word' id='word_1_871' title='bbox 1128 5183 1249 5249; x_wconf 86' lang='lat' dir='ltr'><strong>quia</strong></span> <span class='ocrx_word' id='word_1_872' title='bbox 1298 5182 1537 5234; x_wconf 76' lang='lat' dir='ltr'><strong>inimiciis</strong></span> <span class='ocrx_word' id='word_1_873' title='bbox 1576 5192 1715 5234; x_wconf 80' lang='lat' dir='ltr'><strong>tanta</strong></span> <span class='ocrx_word' id='word_1_874' title='bbox 1765 5182 2074 5246; x_wconf 69' lang='lat' dir='ltr'><strong>malignatus</strong></span> 
     </span>
    </p>
   </div>
   <div class='ocr_carea' id='block_1_111' title="bbox 546 5251 2071 5313">
    <p class='ocr_par' dir='ltr' id='par_1_111' title="bbox 546 5251 2071 5313">
     <span class='ocr_line' id='line_1_111' title="bbox 546 5251 2071 5313; baseline -0.004 -7"><span class='ocrx_word' id='word_1_875' title='bbox 546 5264 626 5306; x_wconf 89' lang='lat' dir='ltr'><strong>est</strong></span> <span class='ocrx_word' id='word_1_876' title='bbox 654 5253 705 5304; x_wconf 89' lang='lat' dir='ltr'><strong>in</strong></span> <span class='ocrx_word' id='word_1_877' title='bbox 730 5266 840 5313; x_wconf 88' lang='lat' dir='ltr'><strong>eos,</strong></span> <span class='ocrx_word' id='word_1_878' title='bbox 876 5253 991 5304; x_wconf 89' lang='lat' dir='ltr'><strong>ideo</strong></span> <span class='ocrx_word' id='word_1_879' title='bbox 1020 5251 1268 5304; x_wconf 80' lang='lat' dir='ltr'><strong>exc.ecati</strong></span> <span class='ocrx_word' id='word_1_880' title='bbox 1307 5252 1535 5302; x_wconf 71' lang='lat' dir='ltr'><strong>dixerant</strong></span> <span class='ocrx_word' id='word_1_881' title='bbox 1562 5253 1613 5302; x_wconf 86' lang='lat' dir='ltr'><strong>in</strong></span> <span class='ocrx_word' id='word_1_882' title='bbox 1640 5254 1787 5302; x_wconf 84' lang='lat' dir='ltr'><strong>carde</strong></span> <span class='ocrx_word' id='word_1_883' title='bbox 1815 5267 1925 5312; x_wconf 86' lang='lat' dir='ltr'><strong>suo,</strong></span> <span class='ocrx_word' id='word_1_884' title='bbox 1970 5262 2071 5301; x_wconf 88' lang='lat' dir='ltr'><strong>n0n</strong></span> 
     </span>
    </p>
   </div>
   <div class='ocr_carea' id='block_1_112' title="bbox 570 5319 2076 5389">
    <p class='ocr_par' dir='ltr' id='par_1_112' title="bbox 570 5319 2076 5389">
     <span class='ocr_line' id='line_1_112' title="bbox 570 5319 2076 5389; baseline -0.001 -18"><span class='ocrx_word' id='word_1_885' title='bbox 570 5324 694 5375; x_wconf 70' lang='lat' dir='ltr'><strong>laoci</strong></span> <span class='ocrx_word' id='word_1_886' title='bbox 718 5336 782 5373; x_wconf 89' lang='lat' dir='ltr'><strong>ex</strong></span> <span class='ocrx_word' id='word_1_887' title='bbox 804 5324 896 5381; x_wconf 86' lang='lat' dir='ltr'><strong>eis,</strong></span> <span class='ocrx_word' id='word_1_888' title='bbox 928 5324 1016 5374; x_wconf 89' lang='lat' dir='ltr'><strong>sed</strong></span> <span class='ocrx_word' id='word_1_889' title='bbox 1038 5322 1267 5389; x_wconf 82' lang='lat' dir='ltr'><strong>cognatio</strong></span> <span class='ocrx_word' id='word_1_890' title='bbox 1290 5334 1455 5370; x_wconf 71' lang='lat' dir='ltr'><strong>eorum</strong></span> <span class='ocrx_word' id='word_1_891' title='bbox 1481 5322 1648 5377; x_wconf 80' lang='lat' dir='ltr'><strong>simul,</strong></span> <span class='ocrx_word' id='word_1_892' title='bbox 1681 5319 1733 5370; x_wconf 88' lang='lat' dir='ltr'><strong>id</strong></span> <span class='ocrx_word' id='word_1_893' title='bbox 1758 5327 1859 5382; x_wconf 83' lang='lat' dir='ltr'><strong>est,</strong></span> <span class='ocrx_word' id='word_1_894' title='bbox 1893 5333 2076 5371; x_wconf 87' lang='lat' dir='ltr'><strong>omnes</strong></span> 
     </span>
    </p>
   </div>
   <div class='ocr_carea' id='block_1_113' title="bbox 548 5340 2075 5455">
    <p class='ocr_par' dir='ltr' id='par_1_113' title="bbox 548 5340 2075 5455">
     <span class='ocr_line' id='line_1_113' title="bbox 570 5340 2075 5389; baseline -0.001 -18"><span class='ocrx_word' id='word_1_895' title='bbox 570 5340 694 5375; x_wconf 70' lang='lat' dir='ltr'><strong>laUCI</strong></span> <span class='ocrx_word' id='word_1_896' title='bbox 718 5340 782 5373; x_wconf 76' lang='lat' dir='ltr'><strong>ex</strong></span> <span class='ocrx_word' id='word_1_897' title='bbox 804 5340 896 5381; x_wconf 70' lang='grc'>815,</span> <span class='ocrx_word' id='word_1_898' title='bbox 928 5340 1016 5374; x_wconf 80' lang='lat' dir='ltr'><strong>seu</strong></span> <span class='ocrx_word' id='word_1_899' title='bbox 1038 5340 1267 5389; x_wconf 73' lang='lat' dir='ltr'><strong>cognatio</strong></span> <span class='ocrx_word' id='word_1_900' title='bbox 1290 5340 1455 5370; x_wconf 76' lang='grc' dir='ltr'><strong>(οηιηι</strong></span> <span class='ocrx_word' id='word_1_901' title='bbox 1481 5340 1648 5377; x_wconf 79' lang='lat' dir='ltr'><strong>suum,</strong></span> <span class='ocrx_word' id='word_1_902' title='bbox 1681 5340 1733 5370; x_wconf 79' lang='lat' dir='ltr'><strong>lu</strong></span> <span class='ocrx_word' id='word_1_903' title='bbox 1758 5340 1859 5382; x_wconf 66' lang='grc' dir='ltr'>υδι,</span> <span class='ocrx_word' id='word_1_904' title='bbox 1893 5340 2075 5371; x_wconf 66' lang='grc' dir='ltr'><strong>υΙΙΙΙΙῦδ</strong></span> 
     </span>
     <span class='ocr_line' id='line_1_114' title="bbox 548 5340 2075 5455; baseline -0.004 -10"><span class='ocrx_word' id='word_1_905' title='bbox 548 5340 646 5445; x_wconf 84' lang='lat' dir='ltr'><strong>iioc</strong></span> <span class='ocrx_word' id='word_1_906' title='bbox 687 5394 931 5443; x_wconf 86' lang='lat' dir='ltr'><strong>dixerunt</strong></span> <span class='ocrx_word' id='word_1_907' title='bbox 964 5407 976 5440; x_wconf 86' lang='lat'><strong>:</strong></span> <span class='ocrx_word' id='word_1_908' title='bbox 1017 5389 1287 5441; x_wconf 76' lang='lat' dir='ltr'><strong>Faciamus</strong></span> <span class='ocrx_word' id='word_1_909' title='bbox 1330 5390 1574 5453; x_wconf 70' lang='lat' dir='ltr'><strong>quiescere</strong></span> <span class='ocrx_word' id='word_1_910' title='bbox 1600 5404 1765 5439; x_wconf 81' lang='lat' dir='ltr'><strong>omnes</strong></span> <span class='ocrx_word' id='word_1_911' title='bbox 1794 5390 1895 5440; x_wconf 84' lang='lat' dir='ltr'><strong>dies</strong></span> <span class='ocrx_word' id='word_1_912' title='bbox 1925 5388 2075 5455; x_wconf 78' lang='lat' dir='ltr'><strong>festos</strong></span> 
     </span>
    </p>
   </div>
   <div class='ocr_carea' id='block_1_114' title="bbox 548 5458 2077 5526">
    <p class='ocr_par' dir='ltr' id='par_1_114' title="bbox 548 5458 2077 5526">
     <span class='ocr_line' id='line_1_115' title="bbox 548 5458 2077 5526; baseline -0.004 -13"><span class='ocrx_word' id='word_1_913' title='bbox 548 5464 638 5513; x_wconf 75' lang='lat' dir='ltr'><strong>Dei</strong></span> <span class='ocrx_word' id='word_1_914' title='bbox 664 5478 691 5512; x_wconf 93' lang='lat' dir='ltr'><strong>a</strong></span> <span class='ocrx_word' id='word_1_915' title='bbox 718 5472 868 5513; x_wconf 86' lang='lat' dir='ltr'><strong>terra.</strong></span> <span class='ocrx_word' id='word_1_916' title='bbox 915 5458 1340 5526; x_wconf 78' lang='lat' dir='ltr'><strong>Quandoquidem</strong></span> <span class='ocrx_word' id='word_1_917' title='bbox 1372 5458 1507 5510; x_wconf 83' lang='lat' dir='ltr'><strong>Deus</strong></span> <span class='ocrx_word' id='word_1_918' title='bbox 1556 5458 1743 5524; x_wconf 86' lang='lat' dir='ltr'><strong>repulit</strong></span> <span class='ocrx_word' id='word_1_919' title='bbox 1784 5472 1878 5508; x_wconf 82' lang='lat' dir='ltr'><strong>nos</strong></span> <span class='ocrx_word' id='word_1_920' title='bbox 1906 5468 1959 5509; x_wconf 88' lang='lat' dir='ltr'><strong>et</strong></span> <span class='ocrx_word' id='word_1_921' title='bbox 1990 5470 2077 5522; x_wconf 84' lang='lat' dir='ltr'><strong>pa-</strong></span> 
     </span>
    </p>
   </div>
   <div class='ocr_carea' id='block_1_115' title="bbox 547 5528 2077 5595">
    <p class='ocr_par' dir='ltr' id='par_1_115' title="bbox 547 5528 2077 5595">
     <span class='ocr_line' id='line_1_116' title="bbox 547 5528 2077 5595; baseline -0.005 -11"><span class='ocrx_word' id='word_1_922' title='bbox 547 5533 672 5584; x_wconf 88' lang='lat' dir='ltr'><strong>titor</strong></span> <span class='ocrx_word' id='word_1_923' title='bbox 718 5533 867 5582; x_wconf 88' lang='lat' dir='ltr'><strong>nobis</strong></span> <span class='ocrx_word' id='word_1_924' title='bbox 910 5528 1163 5581; x_wconf 85' lang='lat' dir='ltr'><strong>dominari</strong></span> <span class='ocrx_word' id='word_1_925' title='bbox 1208 5529 1443 5579; x_wconf 86' lang='lat' dir='ltr'><strong>inimicos</strong></span> <span class='ocrx_word' id='word_1_926' title='bbox 1471 5543 1485 5590; x_wconf 87' lang='lat'><strong>;</strong></span> <span class='ocrx_word' id='word_1_927' title='bbox 1515 5541 1640 5595; x_wconf 84' lang='lat' dir='ltr'><strong>ergo</strong></span> <span class='ocrx_word' id='word_1_928' title='bbox 1668 5538 1717 5579; x_wconf 88' lang='lat' dir='ltr'><strong>et</strong></span> <span class='ocrx_word' id='word_1_929' title='bbox 1750 5542 1845 5579; x_wconf 90' lang='lat' dir='ltr'><strong>nos</strong></span> <span class='ocrx_word' id='word_1_930' title='bbox 1873 5531 2077 5579; x_wconf 80' lang='lat' dir='ltr'><strong>subtra-</strong></span> 
     </span>
    </p>
   </div>
   <div class='ocr_carea' id='block_1_116' title="bbox 550 5597 1863 5660">
    <p class='ocr_par' dir='ltr' id='par_1_116' title="bbox 550 5597 1863 5660">
     <span class='ocr_line' id='line_1_117' title="bbox 550 5597 1863 5660; baseline -0.005 -9"><span class='ocrx_word' id='word_1_931' title='bbox 550 5605 731 5652; x_wconf 89' lang='lat' dir='ltr'><strong>hamus</strong></span> <span class='ocrx_word' id='word_1_932' title='bbox 762 5603 806 5649; x_wconf 86' lang='lat' dir='ltr'><strong>ei</strong></span> <span class='ocrx_word' id='word_1_933' title='bbox 840 5600 1031 5651; x_wconf 83' lang='lat' dir='ltr'><strong>cultum</strong></span> <span class='ocrx_word' id='word_1_934' title='bbox 1058 5612 1206 5647; x_wconf 84' lang='lat' dir='ltr'><strong>suum</strong></span> <span class='ocrx_word' id='word_1_935' title='bbox 1236 5612 1480 5660; x_wconf 82' lang='lat' dir='ltr'><strong>quantum</strong></span> <span class='ocrx_word' id='word_1_936' title='bbox 1515 5598 1564 5648; x_wconf 92' lang='lat' dir='ltr'><strong>in</strong></span> <span class='ocrx_word' id='word_1_937' title='bbox 1597 5597 1746 5648; x_wconf 83' lang='lat' dir='ltr'><strong>nobis</strong></span> <span class='ocrx_word' id='word_1_938' title='bbox 1766 5604 1863 5647; x_wconf 90' lang='lat' dir='ltr'><strong>est.</strong></span> 
     </span>
    </p>
   </div>
   <div class='ocr_carea' id='block_1_117' title="bbox 620 5664 2079 5737">
    <p class='ocr_par' dir='ltr' id='par_1_117' title="bbox 620 5664 2079 5737">
     <span class='ocr_line' id='line_1_118' title="bbox 620 5664 2079 5737; baseline -0.004 -16"><span class='ocrx_word' id='word_1_939' title='bbox 620 5671 777 5737; x_wconf 78' lang='lat' dir='ltr'><strong>Signa</strong></span> <span class='ocrx_word' id='word_1_940' title='bbox 810 5678 976 5719; x_wconf 82' lang='lat' dir='ltr'><strong>nostra</strong></span> <span class='ocrx_word' id='word_1_941' title='bbox 1006 5682 1101 5717; x_wconf 82' lang='lat' dir='ltr'><strong>non</strong></span> <span class='ocrx_word' id='word_1_942' title='bbox 1132 5666 1375 5737; x_wconf 64' lang='lat' dir='ltr'><strong>videmus.</strong></span> <span class='ocrx_word' id='word_1_943' title='bbox 1406 5668 1536 5737; x_wconf 54' lang='lat' dir='ltr'><strong>[Luce</strong></span> <span class='ocrx_word' id='word_1_944' title='bbox 1561 5668 1697 5731; x_wconf 85' lang='lat' dir='ltr'><strong>justa</strong></span> <span class='ocrx_word' id='word_1_945' title='bbox 1728 5679 1881 5737; x_wconf 81' lang='lat' dir='ltr'><strong>causa</strong></span> <span class='ocrx_word' id='word_1_946' title='bbox 1910 5664 2079 5737; x_wconf 79' lang='lat' dir='ltr'><strong>reptil-</strong></span> 
     </span>
    </p>
   </div>
   <div class='ocr_carea' id='block_1_118' title="bbox 550 5726 2076 5805">
    <p class='ocr_par' dir='ltr' id='par_1_118' title="bbox 550 5726 2076 5805">
     <span class='ocr_line' id='line_1_119' title="bbox 550 5726 2076 5805; baseline 0 -16"><span class='ocrx_word' id='word_1_947' title='bbox 550 5726 727 5792; x_wconf 76' lang='lat' dir='ltr'><strong>sioniii.</strong></span> <span class='ocrx_word' id='word_1_948' title='bbox 774 5740 930 5805; x_wconf 83' lang='lat' dir='ltr'><strong>Quasi</strong></span> <span class='ocrx_word' id='word_1_949' title='bbox 952 5740 1085 5792; x_wconf 80' lang='lat' dir='ltr'><strong>dicat</strong></span> <span class='ocrx_word' id='word_1_950' title='bbox 1118 5752 1130 5789; x_wconf 86' lang='lat'><strong>:</strong></span> <span class='ocrx_word' id='word_1_951' title='bbox 1170 5734 1233 5789; x_wconf 88' lang='lat' dir='ltr'><strong>Ut</strong></span> <span class='ocrx_word' id='word_1_952' title='bbox 1258 5726 1375 5803; x_wconf 75' lang='lat' dir='ltr'><strong>quid</strong></span> <span class='ocrx_word' id='word_1_953' title='bbox 1398 5734 1529 5787; x_wconf 83' lang='lat' dir='ltr'><strong>Deus</strong></span> <span class='ocrx_word' id='word_1_954' title='bbox 1557 5726 1783 5803; x_wconf 70' lang='lat' dir='ltr'><strong>repulistt&#39;</strong></span> <span class='ocrx_word' id='word_1_955' title='bbox 1804 5748 1896 5790; x_wconf 82' lang='lat' dir='ltr'><strong>nos</strong></span> <span class='ocrx_word' id='word_1_956' title='bbox 1919 5734 1939 5787; x_wconf 69' lang='grc' dir='ltr'><strong>ἲ</strong></span> <span class='ocrx_word' id='word_1_957' title='bbox 1965 5726 2076 5789; x_wconf 81' lang='lat' dir='ltr'><strong>mc-</strong></span> 
     </span>
    </p>
   </div>
   <div class='ocr_carea' id='block_1_119' title="bbox 2178 3194 3705 3264">
    <p class='ocr_par' dir='ltr' id='par_1_119' title="bbox 2178 3194 3705 3264">
     <span class='ocr_line' id='line_1_120' title="bbox 2178 3194 3705 3264; baseline -0.001 -14"><span class='ocrx_word' id='word_1_958' title='bbox 2178 3205 2284 3259; x_wconf 76' lang='lat' dir='ltr'><strong>ttto,</strong></span> <span class='ocrx_word' id='word_1_959' title='bbox 2319 3198 2367 3249; x_wconf 92' lang='lat' dir='ltr'><strong>id</strong></span> <span class='ocrx_word' id='word_1_960' title='bbox 2394 3209 2491 3259; x_wconf 73' lang='lat' dir='ltr'><strong>Cal,</strong></span> <span class='ocrx_word' id='word_1_961' title='bbox 2526 3212 2684 3264; x_wconf 82' lang='lat' dir='ltr'><strong>quare</strong></span> <span class='ocrx_word' id='word_1_962' title='bbox 2702 3194 2963 3251; x_wconf 81' lang='lat' dir='ltr'><strong>subtrahis</strong></span> <span class='ocrx_word' id='word_1_963' title='bbox 2991 3195 3139 3249; x_wconf 86' lang='lat' dir='ltr'><strong>nobis</strong></span> <span class='ocrx_word' id='word_1_964' title='bbox 3170 3194 3543 3261; x_wconf 80' lang='lat' dir='ltr'><strong>protectiouetu</strong></span> <span class='ocrx_word' id='word_1_965' title='bbox 3574 3206 3705 3249; x_wconf 84' lang='lat' dir='ltr'><strong>tuam</strong></span> 
     </span>
    </p>
   </div>
   <div class='ocr_carea' id='block_1_120' title="bbox 2179 3265 3705 3328">
    <p class='ocr_par' dir='ltr' id='par_1_120' title="bbox 2179 3265 3705 3328">
     <span class='ocr_line' id='line_1_121' title="bbox 2179 3265 3705 3328; baseline 0 -11"><span class='ocrx_word' id='word_1_966' title='bbox 2179 3267 2416 3319; x_wconf 80' lang='lat' dir='ltr'><strong>laeteudo</strong></span> <span class='ocrx_word' id='word_1_967' title='bbox 2464 3282 2557 3319; x_wconf 93' lang='lat' dir='ltr'><strong>nos</strong></span> <span class='ocrx_word' id='word_1_968' title='bbox 2608 3267 2675 3319; x_wconf 90' lang='lat' dir='ltr'><strong>ita</strong></span> <span class='ocrx_word' id='word_1_969' title='bbox 2726 3267 2890 3319; x_wconf 87' lang='lat' dir='ltr'><strong>videri</strong></span> <span class='ocrx_word' id='word_1_970' title='bbox 2942 3265 3273 3328; x_wconf 87' lang='lat' dir='ltr'><strong>immundos,</strong></span> <span class='ocrx_word' id='word_1_971' title='bbox 3322 3268 3457 3318; x_wconf 91' lang='lat' dir='ltr'><strong>sicut</strong></span> <span class='ocrx_word' id='word_1_972' title='bbox 3504 3279 3705 3317; x_wconf 82' lang='lat' dir='ltr'><strong>manum</strong></span> 
     </span>
    </p>
   </div>
   <div class='ocr_carea' id='block_1_121' title="bbox 2176 3333 3703 3389">
    <p class='ocr_par' dir='ltr' id='par_1_121' title="bbox 2176 3333 3703 3389">
     <span class='ocr_line' id='line_1_122' title="bbox 2176 3333 3703 3389; baseline -0.002 -1"><span class='ocrx_word' id='word_1_973' title='bbox 2176 3338 2419 3389; x_wconf 87' lang='lat' dir='ltr'><strong>emissam</strong></span> <span class='ocrx_word' id='word_1_974' title='bbox 2450 3338 2515 3389; x_wconf 90' lang='lat' dir='ltr'><strong>de</strong></span> <span class='ocrx_word' id='word_1_975' title='bbox 2545 3336 2700 3388; x_wconf 82' lang='lat' dir='ltr'><strong>sinu?</strong></span> <span class='ocrx_word' id='word_1_976' title='bbox 2734 3336 2845 3387; x_wconf 76' lang='lat' dir='ltr'><strong>Erit</strong></span> <span class='ocrx_word' id='word_1_977' title='bbox 2871 3338 2966 3386; x_wconf 88' lang='lat' dir='ltr'><strong>hoc</strong></span> <span class='ocrx_word' id='word_1_978' title='bbox 2994 3334 3045 3386; x_wconf 90' lang='lat' dir='ltr'><strong>in</strong></span> <span class='ocrx_word' id='word_1_979' title='bbox 3078 3335 3277 3386; x_wconf 76' lang='lat' dir='ltr'><strong>linem?</strong></span> <span class='ocrx_word' id='word_1_980' title='bbox 3308 3333 3404 3385; x_wconf 83' lang='lat' dir='ltr'><strong>Hic</strong></span> <span class='ocrx_word' id='word_1_981' title='bbox 3431 3335 3587 3387; x_wconf 87' lang='lat' dir='ltr'><strong>mittit</strong></span> <span class='ocrx_word' id='word_1_982' title='bbox 3615 3349 3703 3385; x_wconf 78' lang='lat' dir='ltr'><strong>nos</strong></span> 
     </span>
    </p>
   </div>
   <div class='ocr_carea' id='block_1_122' title="bbox 2174 3403 3700 3469">
    <p class='ocr_par' dir='ltr' id='par_1_122' title="bbox 2174 3403 3700 3469">
     <span class='ocr_line' id='line_1_123' title="bbox 2174 3403 3700 3469; baseline -0.001 -13"><span class='ocrx_word' id='word_1_983' title='bbox 2174 3407 2241 3457; x_wconf 88' lang='lat' dir='ltr'><strong>ad</strong></span> <span class='ocrx_word' id='word_1_984' title='bbox 2267 3406 2533 3457; x_wconf 84' lang='lat' dir='ltr'><strong>historiam</strong></span> <span class='ocrx_word' id='word_1_985' title='bbox 2559 3420 2575 3469; x_wconf 86' lang='lat'><strong>;</strong></span> <span class='ocrx_word' id='word_1_986' title='bbox 2611 3404 2766 3456; x_wconf 84' lang='lat' dir='ltr'><strong>habet</strong></span> <span class='ocrx_word' id='word_1_987' title='bbox 2792 3405 2925 3455; x_wconf 81' lang='lat' dir='ltr'><strong>enim</strong></span> <span class='ocrx_word' id='word_1_988' title='bbox 2958 3405 3189 3465; x_wconf 88' lang='lat' dir='ltr'><strong>historia,</strong></span> <span class='ocrx_word' id='word_1_989' title='bbox 3216 3403 3429 3469; x_wconf 85' lang='lat' dir='ltr'><strong>quando</strong></span> <span class='ocrx_word' id='word_1_990' title='bbox 3461 3404 3700 3455; x_wconf 77' lang='lat' dir='ltr'><strong>Doluinus</strong></span> 
     </span>
    </p>
   </div>
   <div class='ocr_carea' id='block_1_123' title="bbox 2176 3473 3703 3541">
    <p class='ocr_par' dir='ltr' id='par_1_123' title="bbox 2176 3473 3703 3541">
     <span class='ocr_line' id='line_1_124' title="bbox 2176 3473 3703 3541; baseline -0.002 -15"><span class='ocrx_word' id='word_1_991' title='bbox 2176 3476 2401 3540; x_wconf 86' lang='lat' dir='ltr'><strong>signum,</strong></span> <span class='ocrx_word' id='word_1_992' title='bbox 2430 3475 2564 3541; x_wconf 92' lang='lat' dir='ltr'><strong>quod</strong></span> <span class='ocrx_word' id='word_1_993' title='bbox 2591 3473 2944 3539; x_wconf 69' lang='lat' dir='ltr'><strong>praediximus,</strong></span> <span class='ocrx_word' id='word_1_994' title='bbox 2988 3473 3150 3539; x_wconf 78' lang='lat' dir='ltr'><strong>Moysi</strong></span> <span class='ocrx_word' id='word_1_995' title='bbox 3182 3473 3233 3523; x_wconf 90' lang='lat' dir='ltr'><strong>in</strong></span> <span class='ocrx_word' id='word_1_996' title='bbox 3269 3475 3412 3539; x_wconf 86' lang='lat' dir='ltr'><strong>virga</strong></span> <span class='ocrx_word' id='word_1_997' title='bbox 3460 3476 3703 3535; x_wconf 72' lang='lat' dir='ltr'><strong>Ostendit,</strong></span> 
     </span>
    </p>
   </div>
   <div class='ocr_carea' id='block_1_124' title="bbox 2180 3541 3708 3611">
    <p class='ocr_par' dir='ltr' id='par_1_124' title="bbox 2180 3541 3708 3611">
     <span class='ocr_line' id='line_1_125' title="bbox 2180 3541 3708 3611; baseline -0.002 -18"><span class='ocrx_word' id='word_1_998' title='bbox 2180 3546 2279 3595; x_wconf 90' lang='lat' dir='ltr'><strong>hoc</strong></span> <span class='ocrx_word' id='word_1_999' title='bbox 2306 3553 2460 3595; x_wconf 85' lang='lat' dir='ltr'><strong>etiam</strong></span> <span class='ocrx_word' id='word_1_1000' title='bbox 2488 3544 2624 3595; x_wconf 84' lang='lat' dir='ltr'><strong>aliud</strong></span> <span class='ocrx_word' id='word_1_1001' title='bbox 2646 3542 2850 3610; x_wconf 84' lang='lat' dir='ltr'><strong>signum</strong></span> <span class='ocrx_word' id='word_1_1002' title='bbox 2878 3544 2920 3594; x_wconf 89' lang='lat' dir='ltr'><strong>ei</strong></span> <span class='ocrx_word' id='word_1_1003' title='bbox 2949 3542 3108 3593; x_wconf 85' lang='lat' dir='ltr'><strong>dedit.</strong></span> <span class='ocrx_word' id='word_1_1004' title='bbox 3160 3541 3407 3611; x_wconf 71' lang='lat' dir='ltr'><strong>Prreceprt</strong></span> <span class='ocrx_word' id='word_1_1005' title='bbox 3450 3543 3493 3593; x_wconf 83' lang='lat' dir='ltr'><strong>ei</strong></span> <span class='ocrx_word' id='word_1_1006' title='bbox 3528 3551 3578 3592; x_wconf 84' lang='lat' dir='ltr'><strong>ut</strong></span> <span class='ocrx_word' id='word_1_1007' title='bbox 3610 3557 3708 3590; x_wconf 80' lang='lat' dir='ltr'><strong>ata-</strong></span> 
     </span>
    </p>
   </div>
   <div class='ocr_carea' id='block_1_125' title="bbox 2176 3610 3706 3679">
    <p class='ocr_par' dir='ltr' id='par_1_125' title="bbox 2176 3610 3706 3679">
     <span class='ocr_line' id='line_1_126' title="bbox 2176 3610 3706 3679; baseline -0.002 -16"><span class='ocrx_word' id='word_1_1008' title='bbox 2176 3628 2293 3663; x_wconf 81' lang='lat' dir='ltr'><strong>rtum</strong></span> <span class='ocrx_word' id='word_1_1009' title='bbox 2320 3616 2379 3664; x_wconf 87' lang='lat' dir='ltr'><strong>de</strong></span> <span class='ocrx_word' id='word_1_1010' title='bbox 2406 3612 2519 3664; x_wconf 81' lang='lat' dir='ltr'><strong>sinu</strong></span> <span class='ocrx_word' id='word_1_1011' title='bbox 2539 3615 2799 3675; x_wconf 82' lang='lat' dir='ltr'><strong>educeret;</strong></span> <span class='ocrx_word' id='word_1_1012' title='bbox 2818 3612 3007 3673; x_wconf 74' lang='lat' dir='ltr'><strong>eduxit,</strong></span> <span class='ocrx_word' id='word_1_1013' title='bbox 3034 3621 3078 3662; x_wconf 89' lang='lat' dir='ltr'><strong>et</strong></span> <span class='ocrx_word' id='word_1_1014' title='bbox 3101 3625 3209 3661; x_wconf 83' lang='lat' dir='ltr'><strong>ecce</strong></span> <span class='ocrx_word' id='word_1_1015' title='bbox 3229 3610 3431 3673; x_wconf 77' lang='lat' dir='ltr'><strong>leprosa</strong></span> <span class='ocrx_word' id='word_1_1016' title='bbox 3460 3611 3706 3679; x_wconf 72' lang='lat' dir='ltr'><strong>apparuit.</strong></span> 
     </span>
    </p>
   </div>
   <div class='ocr_carea' id='block_1_126' title="bbox 2176 3680 3707 3751">
    <p class='ocr_par' dir='ltr' id='par_1_126' title="bbox 2176 3680 3707 3751">
     <span class='ocr_line' id='line_1_127' title="bbox 2176 3680 3707 3751; baseline -0.003 -19"><span class='ocrx_word' id='word_1_1017' title='bbox 2176 3681 2306 3733; x_wconf 83' lang='lat' dir='ltr'><strong>Item</strong></span> <span class='ocrx_word' id='word_1_1018' title='bbox 2336 3684 2564 3751; x_wconf 65' lang='lat' dir='ltr'><strong>prter-epit</strong></span> <span class='ocrx_word' id='word_1_1019' title='bbox 2586 3683 2631 3733; x_wconf 87' lang='lat' dir='ltr'><strong>ei</strong></span> <span class='ocrx_word' id='word_1_1020' title='bbox 2661 3692 2711 3732; x_wconf 87' lang='lat' dir='ltr'><strong>ut</strong></span> <span class='ocrx_word' id='word_1_1021' title='bbox 2742 3696 2849 3733; x_wconf 85' lang='lat' dir='ltr'><strong>eam</strong></span> <span class='ocrx_word' id='word_1_1022' title='bbox 2876 3683 2933 3751; x_wconf 7' lang='lat' dir='ltr'><strong>in,</strong></span> <span class='ocrx_word' id='word_1_1023' title='bbox 2967 3681 3080 3731; x_wconf 85' lang='lat' dir='ltr'><strong>sinu</strong></span> <span class='ocrx_word' id='word_1_1024' title='bbox 3100 3684 3394 3751; x_wconf 57' lang='lat' dir='ltr'><strong>reduceret,“</strong></span> <span class='ocrx_word' id='word_1_1025' title='bbox 3424 3680 3642 3741; x_wconf 73' lang='lat' dir='ltr'><strong>reduxit,</strong></span> <span class='ocrx_word' id='word_1_1026' title='bbox 3666 3687 3707 3728; x_wconf 79' lang='lat' dir='ltr'><strong>et</strong></span> 
     </span>
    </p>
   </div>
   <div class='ocr_carea' id='block_1_127' title="bbox 2174 3746 3709 3815">
    <p class='ocr_par' dir='ltr' id='par_1_127' title="bbox 2174 3746 3709 3815">
     <span class='ocr_line' id='line_1_128' title="bbox 2174 3746 3709 3815; baseline -0.002 -13"><span class='ocrx_word' id='word_1_1027' title='bbox 2174 3766 2287 3803; x_wconf 78' lang='lat' dir='ltr'><strong>ecce</strong></span> <span class='ocrx_word' id='word_1_1028' title='bbox 2312 3746 2723 3815; x_wconf 48' lang='lat' dir='ltr'><strong>similis&#39;reliquw</strong></span> <span class='ocrx_word' id='word_1_1029' title='bbox 2748 3752 2883 3801; x_wconf 84' lang='lat' dir='ltr'><strong>carni</strong></span> <span class='ocrx_word' id='word_1_1030' title='bbox 2908 3750 3022 3815; x_wconf 79' lang='lat' dir='ltr'><strong>fuit.</strong></span> <span class='ocrx_word' id='word_1_1031' title='bbox 3065 3751 3118 3799; x_wconf 89' lang='lat' dir='ltr'><strong>ln</strong></span> <span class='ocrx_word' id='word_1_1032' title='bbox 3148 3763 3248 3813; x_wconf 88' lang='lat' dir='ltr'><strong>quo</strong></span> <span class='ocrx_word' id='word_1_1033' title='bbox 3279 3746 3605 3815; x_wconf 75' lang='lat' dir='ltr'><strong>designatum</strong></span> <span class='ocrx_word' id='word_1_1034' title='bbox 3635 3755 3709 3799; x_wconf 57' lang='lat' dir='ltr'><strong>eat</strong></span> 
     </span>
    </p>
   </div>
   <div class='ocr_carea' id='block_1_128' title="bbox 2174 3817 3705 3894">
    <p class='ocr_par' dir='ltr' id='par_1_128' title="bbox 2174 3817 3705 3894">
     <span class='ocr_line' id='line_1_129' title="bbox 2174 3817 3705 3894; baseline -0.003 -24"><span class='ocrx_word' id='word_1_1035' title='bbox 2174 3826 2293 3889; x_wconf 88' lang='lat' dir='ltr'><strong>quia</strong></span> <span class='ocrx_word' id='word_1_1036' title='bbox 2345 3835 2463 3871; x_wconf 81' lang='lat' dir='ltr'><strong>cum</strong></span> <span class='ocrx_word' id='word_1_1037' title='bbox 2496 3822 2729 3894; x_wconf 86' lang='lat' dir='ltr'><strong>quisquis</strong></span> <span class='ocrx_word' id='word_1_1038' title='bbox 2754 3821 2820 3871; x_wconf 92' lang='lat' dir='ltr'><strong>de</strong></span> <span class='ocrx_word' id='word_1_1039' title='bbox 2846 3822 2962 3894; x_wconf 79' lang='lat' dir='ltr'><strong>sinu</strong></span> <span class='ocrx_word' id='word_1_1040' title='bbox 2997 3817 3107 3894; x_wconf 77' lang='lat' dir='ltr'><strong>Dei,</strong></span> <span class='ocrx_word' id='word_1_1041' title='bbox 3141 3817 3192 3894; x_wconf 81' lang='lat' dir='ltr'><strong>id</strong></span> <span class='ocrx_word' id='word_1_1042' title='bbox 3218 3826 3317 3894; x_wconf 65' lang='lat' dir='ltr'><strong>est,</strong></span> <span class='ocrx_word' id='word_1_1043' title='bbox 3352 3818 3569 3894; x_wconf 59' lang='lat' dir='ltr'><strong>deiide,</strong></span> <span class='ocrx_word' id='word_1_1044' title='bbox 3599 3829 3705 3894; x_wconf 72' lang='lat' dir='ltr'><strong>spe,</strong></span> 
     </span>
    </p>
   </div>
   <div class='ocr_carea' id='block_1_129' title="bbox 2176 3884 3707 3956">
    <p class='ocr_par' dir='ltr' id='par_1_129' title="bbox 2176 3884 3707 3956">
     <span class='ocr_line' id='line_1_130' title="bbox 2176 3884 3707 3956; baseline -0.003 -16"><span class='ocrx_word' id='word_1_1045' title='bbox 2176 3884 2438 3940; x_wconf 77' lang='lat' dir='ltr'><strong>charitate</strong></span> <span class='ocrx_word' id='word_1_1046' title='bbox 2482 3884 2765 3956; x_wconf 71' lang='lat' dir='ltr'><strong>egreditur,</strong></span> <span class='ocrx_word' id='word_1_1047' title='bbox 2816 3890 2954 3939; x_wconf 83' lang='lat' dir='ltr'><strong>velut</strong></span> <span class='ocrx_word' id='word_1_1048' title='bbox 3001 3884 3234 3956; x_wconf 63' lang='lat' dir='ltr'><strong>haeretici</strong></span> <span class='ocrx_word' id='word_1_1049' title='bbox 3268 3895 3321 3937; x_wconf 88' lang='lat' dir='ltr'><strong>et</strong></span> <span class='ocrx_word' id='word_1_1050' title='bbox 3370 3884 3707 3956; x_wconf 74' lang='lat' dir='ltr'><strong>schismatici,</strong></span> 
     </span>
    </p>
   </div>
   <div class='ocr_carea' id='block_1_130' title="bbox 2174 3954 3706 4023">
    <p class='ocr_par' dir='ltr' id='par_1_130' title="bbox 2174 3954 3706 4023">
     <span class='ocr_line' id='line_1_131' title="bbox 2174 3954 3706 4023; baseline -0.003 -14"><span class='ocrx_word' id='word_1_1051' title='bbox 2174 3961 2350 4009; x_wconf 87' lang='lat' dir='ltr'><strong>statim</strong></span> <span class='ocrx_word' id='word_1_1052' title='bbox 2382 3954 2610 4023; x_wconf 76' lang='lat' dir='ltr'><strong>repletur</strong></span> <span class='ocrx_word' id='word_1_1053' title='bbox 2640 3957 2779 4023; x_wconf 85' lang='lat' dir='ltr'><strong>lepra</strong></span> <span class='ocrx_word' id='word_1_1054' title='bbox 2810 3956 3003 4022; x_wconf 90' lang='lat' dir='ltr'><strong>peccati</strong></span> <span class='ocrx_word' id='word_1_1055' title='bbox 3031 3971 3045 4019; x_wconf 84' lang='lat'><strong>-,</strong></span> <span class='ocrx_word' id='word_1_1056' title='bbox 3074 3954 3117 4007; x_wconf 92' lang='lat' dir='ltr'><strong>si</strong></span> <span class='ocrx_word' id='word_1_1057' title='bbox 3148 3958 3359 4021; x_wconf 85' lang='lat' dir='ltr'><strong>quando</strong></span> <span class='ocrx_word' id='word_1_1058' title='bbox 3389 3969 3514 4008; x_wconf 80' lang='lat' dir='ltr'><strong>vero</strong></span> <span class='ocrx_word' id='word_1_1059' title='bbox 3545 3954 3706 4021; x_wconf 72' lang='lat' dir='ltr'><strong>pretii-</strong></span> 
     </span>
    </p>
   </div>
   <div class='ocr_carea' id='block_1_131' title="bbox 2178 4024 3265 4092">
    <p class='ocr_par' dir='ltr' id='par_1_131' title="bbox 2178 4024 3265 4092">
     <span class='ocr_line' id='line_1_132' title="bbox 2178 4024 3265 4092; baseline -0.005 -14"><span class='ocrx_word' id='word_1_1060' title='bbox 2178 4038 2292 4081; x_wconf 77' lang='lat' dir='ltr'><strong>tens</strong></span> <span class='ocrx_word' id='word_1_1061' title='bbox 2321 4028 2556 4087; x_wconf 86' lang='lat' dir='ltr'><strong>redierit,</strong></span> <span class='ocrx_word' id='word_1_1062' title='bbox 2588 4040 2705 4077; x_wconf 80' lang='lat' dir='ltr'><strong>mox</strong></span> <span class='ocrx_word' id='word_1_1063' title='bbox 2737 4028 3012 4078; x_wconf 84' lang='lat' dir='ltr'><strong>sanitatem</strong></span> <span class='ocrx_word' id='word_1_1064' title='bbox 3044 4024 3228 4092; x_wconf 86' lang='lat' dir='ltr'><strong>recipit</strong></span> <span class='ocrx_word' id='word_1_1065' title='bbox 3254 4042 3265 4073; x_wconf 91' lang='lat'>:</span> 
     </span>
    </p>
   </div>
   <div class='ocr_carea' id='block_1_132' title="bbox 2247 4113 3707 4183">
    <p class='ocr_par' dir='ltr' id='par_1_132' title="bbox 2247 4113 3707 4183">
     <span class='ocr_line' id='line_1_133' title="bbox 2247 4113 3707 4183; baseline -0.004 -14"><span class='ocrx_word' id='word_1_1066' title='bbox 2247 4117 2379 4170; x_wconf 84' lang='lat' dir='ltr'><strong>Deus</strong></span> <span class='ocrx_word' id='word_1_1067' title='bbox 2408 4130 2572 4170; x_wconf 85' lang='lat' dir='ltr'><strong>autem</strong></span> <span class='ocrx_word' id='word_1_1068' title='bbox 2600 4132 2685 4169; x_wconf 74' lang='lat' dir='ltr'><strong>rex</strong></span> <span class='ocrx_word' id='word_1_1069' title='bbox 2716 4126 2899 4169; x_wconf 85' lang='lat' dir='ltr'><strong>noster.</strong></span> <span class='ocrx_word' id='word_1_1070' title='bbox 2941 4119 3063 4180; x_wconf 70' lang='lat' dir='ltr'><strong>Nos,</strong></span> <span class='ocrx_word' id='word_1_1071' title='bbox 3093 4117 3326 4183; x_wconf 86' lang='lat' dir='ltr'><strong>inquam,</strong></span> <span class='ocrx_word' id='word_1_1072' title='bbox 3352 4116 3574 4167; x_wconf 81' lang='lat' dir='ltr'><strong>dicimus</strong></span> <span class='ocrx_word' id='word_1_1073' title='bbox 3598 4113 3707 4181; x_wconf 84' lang='lat' dir='ltr'><strong>quia</strong></span> 
     </span>
    </p>
   </div>
   <div class='ocr_carea' id='block_1_133' title="bbox 2174 4188 3711 4253">
    <p class='ocr_par' dir='ltr' id='par_1_133' title="bbox 2174 4188 3711 4253">
     <span class='ocr_line' id='line_1_134' title="bbox 2174 4188 3711 4253; baseline -0.005 -13"><span class='ocrx_word' id='word_1_1074' title='bbox 2174 4188 2311 4241; x_wconf 89' lang='lat' dir='ltr'><strong>Deus</strong></span> <span class='ocrx_word' id='word_1_1075' title='bbox 2340 4203 2433 4240; x_wconf 85' lang='lat' dir='ltr'><strong>nos</strong></span> <span class='ocrx_word' id='word_1_1076' title='bbox 2462 4190 2679 4247; x_wconf 84' lang='lat' dir='ltr'><strong>avertit;</strong></span> <span class='ocrx_word' id='word_1_1077' title='bbox 2715 4202 2823 4252; x_wconf 83' lang='lat' dir='ltr'><strong>ipse</strong></span> <span class='ocrx_word' id='word_1_1078' title='bbox 2858 4196 3035 4239; x_wconf 87' lang='lat' dir='ltr'><strong>autem</strong></span> <span class='ocrx_word' id='word_1_1079' title='bbox 3076 4194 3249 4253; x_wconf 80' lang='lat' dir='ltr'><strong>potius</strong></span> <span class='ocrx_word' id='word_1_1080' title='bbox 3275 4188 3383 4251; x_wconf 80' lang='lat' dir='ltr'><strong>jam</strong></span> <span class='ocrx_word' id='word_1_1081' title='bbox 3416 4190 3477 4236; x_wconf 82' lang='lat' dir='ltr'><strong>ad</strong></span> <span class='ocrx_word' id='word_1_1082' title='bbox 3511 4200 3602 4235; x_wconf 86' lang='lat' dir='ltr'><strong>nos</strong></span> <span class='ocrx_word' id='word_1_1083' title='bbox 3633 4198 3711 4234; x_wconf 63' lang='lat' dir='ltr'><strong>reo</strong></span> 
     </span>
    </p>
   </div>
   <div class='ocr_carea' id='block_1_134' title="bbox 2174 4255 3709 4321">
    <p class='ocr_par' dir='ltr' id='par_1_134' title="bbox 2174 4255 3709 4321">
     <span class='ocr_line' id='line_1_135' title="bbox 2174 4255 3709 4321; baseline -0.004 -11"><span class='ocrx_word' id='word_1_1084' title='bbox 2174 4260 2271 4321; x_wconf 88' lang='lat' dir='ltr'><strong>nit,</strong></span> <span class='ocrx_word' id='word_1_1085' title='bbox 2300 4270 2354 4311; x_wconf 91' lang='lat' dir='ltr'><strong>et</strong></span> <span class='ocrx_word' id='word_1_1086' title='bbox 2381 4272 2474 4308; x_wconf 88' lang='lat' dir='ltr'><strong>nos</strong></span> <span class='ocrx_word' id='word_1_1087' title='bbox 2502 4258 2717 4308; x_wconf 77' lang='lat' dir='ltr'><strong>Vocavit.</strong></span> <span class='ocrx_word' id='word_1_1088' title='bbox 2765 4255 2892 4317; x_wconf 69' lang='grc' dir='ltr'><strong>Νος,</strong></span> <span class='ocrx_word' id='word_1_1089' title='bbox 2920 4270 3037 4321; x_wconf 86' lang='lat' dir='ltr'><strong>quia</strong></span> <span class='ocrx_word' id='word_1_1090' title='bbox 3070 4256 3203 4305; x_wconf 81' lang='lat' dir='ltr'><strong>Deus</strong></span> <span class='ocrx_word' id='word_1_1091' title='bbox 3233 4269 3323 4305; x_wconf 77' lang='lat' dir='ltr'><strong>rea:</strong></span> <span class='ocrx_word' id='word_1_1092' title='bbox 3352 4268 3516 4305; x_wconf 76' lang='lat' dir='ltr'><strong>noster</strong></span> <span class='ocrx_word' id='word_1_1093' title='bbox 3553 4256 3709 4304; x_wconf 76' lang='lat' dir='ltr'><strong>lactus</strong></span> 
     </span>
    </p>
   </div>
   <div class='ocr_carea' id='block_1_135' title="bbox 2176 4326 3710 4394">
    <p class='ocr_par' dir='ltr' id='par_1_135' title="bbox 2176 4326 3710 4394">
     <span class='ocr_line' id='line_1_136' title="bbox 2176 4326 3710 4394; baseline -0.005 -15"><span class='ocrx_word' id='word_1_1094' title='bbox 2176 4342 2267 4394; x_wconf 90' lang='lat' dir='ltr'><strong>per</strong></span> <span class='ocrx_word' id='word_1_1095' title='bbox 2296 4327 2636 4378; x_wconf 86' lang='lat' dir='ltr'><strong>humilitatem</strong></span> <span class='ocrx_word' id='word_1_1096' title='bbox 2670 4336 2787 4375; x_wconf 85' lang='lat' dir='ltr'><strong>ante</strong></span> <span class='ocrx_word' id='word_1_1097' title='bbox 2811 4329 3014 4394; x_wconf 71' lang='lat' dir='ltr'><strong>swcuta,</strong></span> <span class='ocrx_word' id='word_1_1098' title='bbox 3054 4326 3283 4376; x_wconf 82' lang='lat' dir='ltr'><strong>existens</strong></span> <span class='ocrx_word' id='word_1_1099' title='bbox 3332 4338 3429 4389; x_wconf 72' lang='lat' dir='ltr'><strong>per</strong></span> <span class='ocrx_word' id='word_1_1100' title='bbox 3477 4326 3710 4394; x_wconf 57' lang='lat' dir='ltr'><strong>lfiﬂjéall‘</strong></span> 
     </span>
    </p>
   </div>
   <div class='ocr_carea' id='block_1_136' title="bbox 2176 4391 3710 4459">
    <p class='ocr_par' dir='ltr' id='par_1_136' title="bbox 2176 4391 3710 4459">
     <span class='ocr_line' id='line_1_137' title="bbox 2176 4391 3710 4459; baseline -0.005 -11"><span class='ocrx_word' id='word_1_1101' title='bbox 2176 4391 2279 4448; x_wconf 70' lang='lat' dir='ltr'><strong>ient</strong></span> <span class='ocrx_word' id='word_1_1102' title='bbox 2309 4412 2358 4447; x_wconf 86' lang='lat' dir='ltr'><strong>tn</strong></span> <span class='ocrx_word' id='word_1_1103' title='bbox 2386 4405 2545 4445; x_wconf 82' lang='lat' dir='ltr'><strong>medio</strong></span> <span class='ocrx_word' id='word_1_1104' title='bbox 2575 4405 2738 4457; x_wconf 81' lang='lat' dir='ltr'><strong>teme,</strong></span> <span class='ocrx_word' id='word_1_1105' title='bbox 2779 4393 2825 4445; x_wconf 91' lang='lat' dir='ltr'><strong>id</strong></span> <span class='ocrx_word' id='word_1_1106' title='bbox 2854 4404 2955 4455; x_wconf 77' lang='lat' dir='ltr'><strong>est,</strong></span> <span class='ocrx_word' id='word_1_1107' title='bbox 2981 4393 3039 4459; x_wconf 71' lang='lat' dir='ltr'><strong>in</strong></span> <span class='ocrx_word' id='word_1_1108' title='bbox 3068 4395 3259 4457; x_wconf 78' lang='lat' dir='ltr'><strong>pupulo</strong></span> <span class='ocrx_word' id='word_1_1109' title='bbox 3290 4406 3475 4443; x_wconf 75' lang='lat' dir='ltr'><strong>nostro</strong></span> <span class='ocrx_word' id='word_1_1110' title='bbox 3494 4391 3710 4443; x_wconf 53' lang='lat' dir='ltr'><strong>Judatco</strong></span> 
     </span>
    </p>
   </div>
   <div class='ocr_carea' id='block_1_137' title="bbox 2110 4460 3709 4539">
    <p class='ocr_par' dir='ltr' id='par_1_137' title="bbox 2110 4460 3709 4539">
     <span class='ocr_line' id='line_1_138' title="bbox 2110 4460 3709 4539; baseline -0.004 -24"><span class='ocrx_word' id='word_1_1111' title='bbox 2110 4481 2153 4539; x_wconf 78' lang='grc' dir='ltr'>ο</span> <span class='ocrx_word' id='word_1_1112' title='bbox 2180 4464 2406 4539; x_wconf 78' lang='lat' dir='ltr'><strong>undique</strong></span> <span class='ocrx_word' id='word_1_1113' title='bbox 2435 4470 2673 4539; x_wconf 78' lang='lat' dir='ltr'><strong>gentibus</strong></span> <span class='ocrx_word' id='word_1_1114' title='bbox 2698 4464 3038 4525; x_wconf 82' lang='lat' dir='ltr'><strong>etrcuiudato,</strong></span> <span class='ocrx_word' id='word_1_1115' title='bbox 3086 4472 3157 4513; x_wconf 78' lang='lat' dir='ltr'><strong>cst</strong></span> <span class='ocrx_word' id='word_1_1116' title='bbox 3198 4473 3437 4539; x_wconf 64' lang='lat' dir='ltr'><strong>operatus</strong></span> <span class='ocrx_word' id='word_1_1117' title='bbox 3480 4460 3709 4511; x_wconf 72' lang='lat' dir='ltr'><strong>ulltm.</strong></span> 
     </span>
    </p>
   </div>
   <div class='ocr_carea' id='block_1_138' title="bbox 2177 4528 3708 4601">
    <p class='ocr_par' dir='ltr' id='par_1_138' title="bbox 2177 4528 3708 4601">
     <span class='ocr_line' id='line_1_139' title="bbox 2177 4528 3708 4601; baseline -0.005 -16"><span class='ocrx_word' id='word_1_1118' title='bbox 2177 4528 2342 4599; x_wconf 79' lang='lat' dir='ltr'><strong>Quam</strong></span> <span class='ocrx_word' id='word_1_1119' title='bbox 2372 4528 2593 4585; x_wconf 72' lang='lat' dir='ltr'><strong>salutent</strong></span> <span class='ocrx_word' id='word_1_1120' title='bbox 2620 4532 2642 4583; x_wconf 68' lang='grc' dir='ltr'><em>ἲ</em></span> <span class='ocrx_word' id='word_1_1121' title='bbox 2673 4544 2726 4583; x_wconf 84' lang='grc' dir='ltr'><strong>ιιι</strong></span> <span class='ocrx_word' id='word_1_1122' title='bbox 2754 4542 3150 4601; x_wconf 84' lang='lat' dir='ltr'><strong>contemnerent</strong></span> <span class='ocrx_word' id='word_1_1123' title='bbox 3198 4528 3441 4583; x_wconf 73' lang='lat' dir='ltr'><strong>homines</strong></span> <span class='ocrx_word' id='word_1_1124' title='bbox 3487 4539 3708 4587; x_wconf 76' lang='lat' dir='ltr'><strong>terrena,</strong></span> 
     </span>
    </p>
   </div>
   <div class='ocr_carea' id='block_1_139' title="bbox 2174 4602 2833 4671">
    <p class='ocr_par' dir='ltr' id='par_1_139' title="bbox 2174 4602 2833 4671">
     <span class='ocr_line' id='line_1_140' title="bbox 2174 4602 2833 4671; baseline -0.008 -14"><span class='ocrx_word' id='word_1_1125' title='bbox 2174 4615 2226 4657; x_wconf 86' lang='lat' dir='ltr'><strong>et</strong></span> <span class='ocrx_word' id='word_1_1126' title='bbox 2246 4615 2547 4671; x_wconf 82' lang='lat' dir='ltr'><strong>appeterent</strong></span> <span class='ocrx_word' id='word_1_1127' title='bbox 2575 4602 2833 4657; x_wconf 68' lang='lat' dir='ltr'><strong>caelestia.</strong></span> 
     </span>
    </p>
   </div>
   <div class='ocr_carea' id='block_1_140' title="bbox 2245 4689 3713 4759">
    <p class='ocr_par' dir='ltr' id='par_1_140' title="bbox 2245 4689 3713 4759">
     <span class='ocr_line' id='line_1_141' title="bbox 2245 4689 3713 4759; baseline -0.001 -13"><span class='ocrx_word' id='word_1_1128' title='bbox 2245 4694 2317 4746; x_wconf 82' lang='lat' dir='ltr'><strong>Tu</strong></span> <span class='ocrx_word' id='word_1_1129' title='bbox 2341 4696 2646 4759; x_wconf 78' lang='lat' dir='ltr'><strong>conﬁrmasti</strong></span> <span class='ocrx_word' id='word_1_1130' title='bbox 2674 4695 2725 4745; x_wconf 86' lang='lat' dir='ltr'><strong>in</strong></span> <span class='ocrx_word' id='word_1_1131' title='bbox 2752 4694 2931 4744; x_wconf 82' lang='lat' dir='ltr'><strong>virtute</strong></span> <span class='ocrx_word' id='word_1_1132' title='bbox 2960 4701 3064 4744; x_wconf 83' lang='lat' dir='ltr'><strong>tua.</strong></span> <span class='ocrx_word' id='word_1_1133' title='bbox 3110 4691 3425 4759; x_wconf 82' lang='lat' dir='ltr'><strong>Exsequitur</strong></span> <span class='ocrx_word' id='word_1_1134' title='bbox 3454 4689 3713 4758; x_wconf 83' lang='lat' dir='ltr'><strong>quomodo</strong></span> 
     </span>
    </p>
   </div>
   <div class='ocr_carea' id='block_1_141' title="bbox 2176 4761 3711 4829">
    <p class='ocr_par' dir='ltr' id='par_1_141' title="bbox 2176 4761 3711 4829">
     <span class='ocr_line' id='line_1_142' title="bbox 2176 4761 3711 4829; baseline -0.003 -12"><span class='ocrx_word' id='word_1_1135' title='bbox 2176 4767 2396 4817; x_wconf 88' lang='lat' dir='ltr'><strong>salutem</strong></span> <span class='ocrx_word' id='word_1_1136' title='bbox 2424 4766 2497 4815; x_wconf 87' lang='lat' dir='ltr'><strong>sit</strong></span> <span class='ocrx_word' id='word_1_1137' title='bbox 2520 4778 2784 4829; x_wconf 33' lang='lat' dir='ltr'><strong>cperatus.</strong></span> <span class='ocrx_word' id='word_1_1138' title='bbox 2816 4764 2973 4827; x_wconf 86' lang='lat' dir='ltr'><strong>Quasi</strong></span> <span class='ocrx_word' id='word_1_1139' title='bbox 3003 4764 3140 4812; x_wconf 88' lang='lat' dir='ltr'><strong>dicat</strong></span> <span class='ocrx_word' id='word_1_1140' title='bbox 3164 4777 3179 4813; x_wconf 89' lang='lat'><strong>:</strong></span> <span class='ocrx_word' id='word_1_1141' title='bbox 3207 4761 3339 4814; x_wconf 78' lang='lat' dir='ltr'><strong>Vere</strong></span> <span class='ocrx_word' id='word_1_1142' title='bbox 3367 4771 3442 4822; x_wconf 92' lang='lat' dir='ltr'><strong>tu,</strong></span> <span class='ocrx_word' id='word_1_1143' title='bbox 3479 4761 3711 4824; x_wconf 72' lang='lat' dir='ltr'><strong>nomine,</strong></span> 
     </span>
    </p>
   </div>
   <div class='ocr_carea' id='block_1_142' title="bbox 2173 4834 3707 4897">
    <p class='ocr_par' dir='ltr' id='par_1_142' title="bbox 2173 4834 3707 4897">
     <span class='ocr_line' id='line_1_143' title="bbox 2173 4834 3707 4897; baseline -0.003 -12"><span class='ocrx_word' id='word_1_1144' title='bbox 2173 4836 2393 4885; x_wconf 87' lang='lat' dir='ltr'><strong>salutem</strong></span> <span class='ocrx_word' id='word_1_1145' title='bbox 2423 4848 2479 4884; x_wconf 88' lang='lat' dir='ltr'><strong>es</strong></span> <span class='ocrx_word' id='word_1_1146' title='bbox 2508 4842 2771 4897; x_wconf 84' lang='lat' dir='ltr'><strong>operatus,</strong></span> <span class='ocrx_word' id='word_1_1147' title='bbox 2816 4836 2933 4897; x_wconf 82' lang='lat' dir='ltr'><strong>quia</strong></span> <span class='ocrx_word' id='word_1_1148' title='bbox 2966 4834 3100 4883; x_wconf 88' lang='lat' dir='ltr'><strong>sicut</strong></span> <span class='ocrx_word' id='word_1_1149' title='bbox 3126 4846 3244 4882; x_wconf 89' lang='lat' dir='ltr'><strong>cum</strong></span> <span class='ocrx_word' id='word_1_1150' title='bbox 3287 4834 3538 4897; x_wconf 87' lang='lat' dir='ltr'><strong>p0pulutn</strong></span> <span class='ocrx_word' id='word_1_1151' title='bbox 3568 4840 3707 4881; x_wconf 85' lang='lat' dir='ltr'><strong>tuum</strong></span> 
     </span>
    </p>
   </div>
   <div class='ocr_carea' id='block_1_143' title="bbox 2172 4899 3712 4969">
    <p class='ocr_par' dir='ltr' id='par_1_143' title="bbox 2172 4899 3712 4969">
     <span class='ocr_line' id='line_1_144' title="bbox 2172 4899 3712 4969; baseline -0.004 -15"><span class='ocrx_word' id='word_1_1152' title='bbox 2172 4906 2239 4955; x_wconf 89' lang='lat' dir='ltr'><strong>de</strong></span> <span class='ocrx_word' id='word_1_1153' title='bbox 2268 4901 2492 4969; x_wconf 67' lang='lat' dir='ltr'><strong>Aigyptu</strong></span> <span class='ocrx_word' id='word_1_1154' title='bbox 2522 4903 2793 4962; x_wconf 86' lang='lat' dir='ltr'><strong>educeres,</strong></span> <span class='ocrx_word' id='word_1_1155' title='bbox 2828 4914 2963 4951; x_wconf 79' lang='lat' dir='ltr'><strong>mare</strong></span> <span class='ocrx_word' id='word_1_1156' title='bbox 2998 4899 3217 4952; x_wconf 74' lang='lat' dir='ltr'><strong>divisum</strong></span> <span class='ocrx_word' id='word_1_1157' title='bbox 3250 4911 3529 4962; x_wconf 87' lang='lat' dir='ltr'><strong>utrumque</strong></span> <span class='ocrx_word' id='word_1_1158' title='bbox 3556 4899 3712 4969; x_wconf 76' lang='lat' dir='ltr'><strong>quasi</strong></span> 
     </span>
    </p>
   </div>
   <div class='ocr_carea' id='block_1_144' title="bbox 2170 4965 3713 5036">
    <p class='ocr_par' dir='ltr' id='par_1_144' title="bbox 2170 4965 3713 5036">
     <span class='ocr_line' id='line_1_145' title="bbox 2170 4965 3713 5036; baseline -0.004 -13"><span class='ocrx_word' id='word_1_1159' title='bbox 2170 4965 2385 5023; x_wconf 69' lang='lat' dir='ltr'><strong>murum</strong></span> <span class='ocrx_word' id='word_1_1160' title='bbox 2408 4971 2733 5035; x_wconf 73' lang='lat' dir='ltr'><strong>confirmasti,</strong></span> <span class='ocrx_word' id='word_1_1161' title='bbox 2782 4979 2836 5022; x_wconf 91' lang='lat' dir='ltr'><strong>et</strong></span> <span class='ocrx_word' id='word_1_1162' title='bbox 2862 4983 3021 5036; x_wconf 84' lang='lat' dir='ltr'><strong>aquas</strong></span> <span class='ocrx_word' id='word_1_1163' title='bbox 3064 4970 3114 5021; x_wconf 90' lang='lat' dir='ltr'><strong>iu</strong></span> <span class='ocrx_word' id='word_1_1164' title='bbox 3160 4971 3331 5021; x_wconf 88' lang='lat' dir='ltr'><strong>medio</strong></span> <span class='ocrx_word' id='word_1_1165' title='bbox 3360 4965 3587 5027; x_wconf 65' lang='lat' dir='ltr'><strong>uocasti,</strong></span> <span class='ocrx_word' id='word_1_1166' title='bbox 3645 4968 3713 5017; x_wconf 85' lang='lat' dir='ltr'><strong>ita</strong></span> 
     </span>
    </p>
   </div>
   <div class='ocr_carea' id='block_1_145' title="bbox 2173 5037 3715 5101">
    <p class='ocr_par' dir='ltr' id='par_1_145' title="bbox 2173 5037 3715 5101">
     <span class='ocr_line' id='line_1_146' title="bbox 2173 5037 3715 5101; baseline -0.004 -9"><span class='ocrx_word' id='word_1_1167' title='bbox 2173 5056 2334 5101; x_wconf 81' lang='lat' dir='ltr'><strong>litare,</strong></span> <span class='ocrx_word' id='word_1_1168' title='bbox 2364 5041 2412 5092; x_wconf 87' lang='lat' dir='ltr'><strong>id</strong></span> <span class='ocrx_word' id='word_1_1169' title='bbox 2439 5049 2537 5100; x_wconf 73' lang='lat' dir='ltr'><strong>est,</strong></span> <span class='ocrx_word' id='word_1_1170' title='bbox 2571 5055 2802 5091; x_wconf 84' lang='lat' dir='ltr'><strong>amarunt</strong></span> <span class='ocrx_word' id='word_1_1171' title='bbox 2834 5038 3032 5090; x_wconf 83' lang='lat' dir='ltr'><strong>ﬂuxum</strong></span> <span class='ocrx_word' id='word_1_1172' title='bbox 3060 5040 3298 5092; x_wconf 69' lang='lat' dir='ltr'><strong>vitiorum</strong></span> <span class='ocrx_word' id='word_1_1173' title='bbox 3331 5038 3383 5091; x_wconf 85' lang='lat' dir='ltr'><strong>in</strong></span> <span class='ocrx_word' id='word_1_1174' title='bbox 3416 5051 3446 5086; x_wconf 89' lang='grc' dir='ltr'><strong>ιι</strong></span> <span class='ocrx_word' id='word_1_1175' title='bbox 3468 5037 3560 5086; x_wconf 69' lang='grc' dir='ltr'><strong>»ωε</strong></span> <span class='ocrx_word' id='word_1_1176' title='bbox 3589 5050 3715 5087; x_wconf 83' lang='lat' dir='ltr'><strong>con-</strong></span> 
     </span>
    </p>
   </div>
   <div class='ocr_carea' id='block_1_146' title="bbox 2174 5104 3713 5171">
    <p class='ocr_par' dir='ltr' id='par_1_146' title="bbox 2174 5104 3713 5171">
     <span class='ocr_line' id='line_1_147' title="bbox 2174 5104 3713 5171; baseline -0.003 -11"><span class='ocrx_word' id='word_1_1177' title='bbox 2174 5109 2409 5171; x_wconf 62' lang='lat' dir='ltr'><strong>ﬁrmasti,</strong></span> <span class='ocrx_word' id='word_1_1178' title='bbox 2446 5124 2548 5160; x_wconf 90' lang='lat' dir='ltr'><strong>non</strong></span> <span class='ocrx_word' id='word_1_1179' title='bbox 2580 5116 2751 5160; x_wconf 89' lang='lat' dir='ltr'><strong>tamen</strong></span> <span class='ocrx_word' id='word_1_1180' title='bbox 2790 5116 2925 5161; x_wconf 76' lang='lat' dir='ltr'><strong>sicut</strong></span> <span class='ocrx_word' id='word_1_1181' title='bbox 2954 5108 3075 5158; x_wconf 88' lang='lat' dir='ltr'><strong>vitia</strong></span> <span class='ocrx_word' id='word_1_1182' title='bbox 3117 5115 3406 5165; x_wconf 78' lang='lat' dir='ltr'><strong>insuerent,</strong></span> <span class='ocrx_word' id='word_1_1183' title='bbox 3428 5104 3522 5157; x_wconf 85' lang='lat' dir='ltr'><strong>sed</strong></span> <span class='ocrx_word' id='word_1_1184' title='bbox 3551 5119 3615 5157; x_wconf 86' lang='lat' dir='ltr'><strong>ne</strong></span> <span class='ocrx_word' id='word_1_1185' title='bbox 3644 5105 3713 5156; x_wconf 86' lang='lat' dir='ltr'><strong>ita</strong></span> 
     </span>
    </p>
   </div>
   <div class='ocr_carea' id='block_1_147' title="bbox 2175 5174 3710 5249">
    <p class='ocr_par' dir='ltr' id='par_1_147' title="bbox 2175 5174 3710 5249">
     <span class='ocr_line' id='line_1_148' title="bbox 2175 5174 3710 5249; baseline -0.002 -20"><span class='ocrx_word' id='word_1_1186' title='bbox 2175 5187 2232 5229; x_wconf 91' lang='lat' dir='ltr'><strong>ut</strong></span> <span class='ocrx_word' id='word_1_1187' title='bbox 2260 5183 2399 5245; x_wconf 88' lang='lat' dir='ltr'><strong>prius</strong></span> <span class='ocrx_word' id='word_1_1188' title='bbox 2432 5194 2521 5244; x_wconf 85' lang='lat' dir='ltr'><strong>per</strong></span> <span class='ocrx_word' id='word_1_1189' title='bbox 2550 5178 2665 5249; x_wconf 81' lang='lat' dir='ltr'><strong>vitia</strong></span> <span class='ocrx_word' id='word_1_1190' title='bbox 2696 5177 3075 5249; x_wconf 60' lang='lat' dir='ltr'><strong>dil&#39;tiueremus.</strong></span> <span class='ocrx_word' id='word_1_1191' title='bbox 3108 5186 3161 5228; x_wconf 85' lang='lat' dir='ltr'><strong>et</strong></span> <span class='ocrx_word' id='word_1_1192' title='bbox 3203 5178 3300 5249; x_wconf 79' lang='lat' dir='ltr'><strong>hoc</strong></span> <span class='ocrx_word' id='word_1_1193' title='bbox 3331 5174 3497 5226; x_wconf 75' lang='lat' dir='ltr'><strong>fecisti</strong></span> <span class='ocrx_word' id='word_1_1194' title='bbox 3528 5188 3629 5227; x_wconf 86' lang='lat' dir='ltr'><strong>non</strong></span> <span class='ocrx_word' id='word_1_1195' title='bbox 3660 5175 3710 5226; x_wconf 87' lang='lat' dir='ltr'><strong>in</strong></span> 
     </span>
    </p>
   </div>
   <div class='ocr_carea' id='block_1_148' title="bbox 2176 5246 3713 5311">
    <p class='ocr_par' dir='ltr' id='par_1_148' title="bbox 2176 5246 3713 5311">
     <span class='ocr_line' id='line_1_149' title="bbox 2176 5246 3713 5311; baseline -0.002 -13"><span class='ocrx_word' id='word_1_1196' title='bbox 2176 5250 2375 5301; x_wconf 65' lang='lat' dir='ltr'><strong>melius</strong></span> <span class='ocrx_word' id='word_1_1197' title='bbox 2404 5246 2615 5308; x_wconf 75' lang='lat' dir='ltr'><strong>nostri~,</strong></span> <span class='ocrx_word' id='word_1_1198' title='bbox 2661 5247 2753 5298; x_wconf 87' lang='lat' dir='ltr'><strong>sed</strong></span> <span class='ocrx_word' id='word_1_1199' title='bbox 2782 5246 2832 5297; x_wconf 75' lang='lat' dir='ltr'><strong>tu</strong></span> <span class='ocrx_word' id='word_1_1200' title='bbox 2860 5246 3035 5295; x_wconf 73' lang='lat' dir='ltr'><strong>virtute</strong></span> <span class='ocrx_word' id='word_1_1201' title='bbox 3059 5258 3163 5307; x_wconf 82' lang='lat' dir='ltr'><strong>tua,</strong></span> <span class='ocrx_word' id='word_1_1202' title='bbox 3201 5246 3249 5297; x_wconf 87' lang='lat' dir='ltr'><strong>id</strong></span> <span class='ocrx_word' id='word_1_1203' title='bbox 3274 5256 3372 5306; x_wconf 84' lang='lat' dir='ltr'><strong>est,</strong></span> <span class='ocrx_word' id='word_1_1204' title='bbox 3408 5259 3499 5310; x_wconf 85' lang='lat' dir='ltr'><strong>per</strong></span> <span class='ocrx_word' id='word_1_1205' title='bbox 3528 5255 3713 5311; x_wconf 74' lang='lat' dir='ltr'><strong>potest-</strong></span> 
     </span>
    </p>
   </div>
   <div class='ocr_carea' id='block_1_149' title="bbox 2178 5314 3717 5383">
    <p class='ocr_par' dir='ltr' id='par_1_149' title="bbox 2178 5314 3717 5383">
     <span class='ocr_line' id='line_1_150' title="bbox 2178 5314 3717 5383; baseline -0.001 -17"><span class='ocrx_word' id='word_1_1206' title='bbox 2178 5323 2281 5369; x_wconf 91' lang='lat' dir='ltr'><strong>tem</strong></span> <span class='ocrx_word' id='word_1_1207' title='bbox 2305 5318 2519 5383; x_wconf 79' lang='lat' dir='ltr'><strong>gratiam</strong></span> <span class='ocrx_word' id='word_1_1208' title='bbox 2554 5326 2712 5366; x_wconf 88' lang='lat' dir='ltr'><strong>tuam.</strong></span> <span class='ocrx_word' id='word_1_1209' title='bbox 2770 5316 2833 5365; x_wconf 75' lang='lat' dir='ltr'><strong>Et</strong></span> <span class='ocrx_word' id='word_1_1210' title='bbox 2858 5316 2993 5366; x_wconf 87' lang='lat' dir='ltr'><strong>sicut</strong></span> <span class='ocrx_word' id='word_1_1211' title='bbox 3032 5315 3083 5365; x_wconf 89' lang='lat' dir='ltr'><strong>in</strong></span> <span class='ocrx_word' id='word_1_1212' title='bbox 3128 5318 3275 5382; x_wconf 82' lang='lat' dir='ltr'><strong>aquis</strong></span> <span class='ocrx_word' id='word_1_1213' title='bbox 3324 5315 3482 5369; x_wconf 86' lang='lat' dir='ltr'><strong>utaris</strong></span> <span class='ocrx_word' id='word_1_1214' title='bbox 3528 5314 3717 5365; x_wconf 61' lang='lat' dir='ltr'><strong>milites</strong></span> 
     </span>
    </p>
   </div>
   <div class='ocr_carea' id='block_1_150' title="bbox 2179 5384 3715 5451">
    <p class='ocr_par' dir='ltr' id='par_1_150' title="bbox 2179 5384 3715 5451">
     <span class='ocr_line' id='line_1_151' title="bbox 2179 5384 3715 5451; baseline -0.004 -14"><span class='ocrx_word' id='word_1_1215' title='bbox 2179 5385 2481 5449; x_wconf 74' lang='lat' dir='ltr'><strong>Pharaonis,</strong></span> <span class='ocrx_word' id='word_1_1216' title='bbox 2531 5386 2616 5451; x_wconf 88' lang='lat' dir='ltr'><strong>qui</strong></span> <span class='ocrx_word' id='word_1_1217' title='bbox 2665 5393 2914 5436; x_wconf 84' lang='lat' dir='ltr'><strong>venerant</strong></span> <span class='ocrx_word' id='word_1_1218' title='bbox 2959 5390 3023 5436; x_wconf 85' lang='lat' dir='ltr'><strong>a.l</strong></span> <span class='ocrx_word' id='word_1_1219' title='bbox 3065 5384 3422 5439; x_wconf 67' lang='lat' dir='ltr'><strong>devorandum</strong></span> <span class='ocrx_word' id='word_1_1220' title='bbox 3470 5386 3715 5448; x_wconf 81' lang='lat' dir='ltr'><strong>populum</strong></span> 
     </span>
    </p>
   </div>
   <div class='ocr_carea' id='block_1_151' title="bbox 2179 5453 3715 5517">
    <p class='ocr_par' dir='ltr' id='par_1_151' title="bbox 2179 5453 3715 5517">
     <span class='ocr_line' id='line_1_152' title="bbox 2179 5453 3715 5517; baseline -0.002 -12"><span class='ocrx_word' id='word_1_1221' title='bbox 2179 5464 2321 5505; x_wconf 91' lang='lat' dir='ltr'><strong>tuum</strong></span> <span class='ocrx_word' id='word_1_1222' title='bbox 2379 5468 2433 5506; x_wconf 90' lang='lat' dir='ltr'><strong>ut</strong></span> <span class='ocrx_word' id='word_1_1223' title='bbox 2476 5456 2751 5516; x_wconf 86' lang='lat' dir='ltr'><strong>dracones,</strong></span> <span class='ocrx_word' id='word_1_1224' title='bbox 2805 5453 3149 5510; x_wconf 81' lang='lat' dir='ltr'><strong>submersisti.</strong></span> <span class='ocrx_word' id='word_1_1225' title='bbox 3197 5466 3249 5503; x_wconf 83' lang='lat' dir='ltr'><strong>et</strong></span> <span class='ocrx_word' id='word_1_1226' title='bbox 3292 5455 3483 5517; x_wconf 74' lang='lat' dir='ltr'><strong>capita,</strong></span> <span class='ocrx_word' id='word_1_1227' title='bbox 3536 5456 3715 5512; x_wconf 70' lang='lat' dir='ltr'><strong>idest,</strong></span> 
     </span>
    </p>
   </div>
   <div class='ocr_carea' id='block_1_152' title="bbox 2178 5522 3716 5591">
    <p class='ocr_par' dir='ltr' id='par_1_152' title="bbox 2178 5522 3716 5591">
     <span class='ocr_line' id='line_1_153' title="bbox 2178 5522 3716 5591; baseline -0.004 -16"><span class='ocrx_word' id='word_1_1228' title='bbox 2178 5524 2439 5591; x_wconf 82' lang='lat' dir='ltr'><strong>primipes</strong></span> <span class='ocrx_word' id='word_1_1229' title='bbox 2469 5524 2697 5585; x_wconf 88' lang='lat' dir='ltr'><strong>illorum,</strong></span> <span class='ocrx_word' id='word_1_1230' title='bbox 2741 5528 2808 5575; x_wconf 85' lang='lat' dir='ltr'><strong>ita</strong></span> <span class='ocrx_word' id='word_1_1231' title='bbox 2842 5526 2925 5575; x_wconf 91' lang='lat' dir='ltr'><strong>hic</strong></span> <span class='ocrx_word' id='word_1_1232' title='bbox 2968 5524 3019 5573; x_wconf 85' lang='lat' dir='ltr'><strong>iit</strong></span> <span class='ocrx_word' id='word_1_1233' title='bbox 3047 5522 3207 5591; x_wconf 75' lang='lat' dir='ltr'><strong>aquis</strong></span> <span class='ocrx_word' id='word_1_1234' title='bbox 3241 5524 3565 5586; x_wconf 69' lang='lat' dir='ltr'><strong>baptismatis</strong></span> <span class='ocrx_word' id='word_1_1235' title='bbox 3591 5534 3716 5591; x_wconf 73' lang='lat' dir='ltr'><strong>can-</strong></span> 
     </span>
    </p>
   </div>
   <div class='ocr_carea' id='block_1_153' title="bbox 2178 5589 3714 5659">
    <p class='ocr_par' dir='ltr' id='par_1_153' title="bbox 2178 5589 3714 5659">
     <span class='ocr_line' id='line_1_154' title="bbox 2178 5589 3714 5659; baseline -0.003 -15"><span class='ocrx_word' id='word_1_1236' title='bbox 2178 5589 2452 5657; x_wconf 77' lang='lat' dir='ltr'><strong>tributusti,</strong></span> <span class='ocrx_word' id='word_1_1237' title='bbox 2482 5594 2531 5645; x_wconf 87' lang='lat' dir='ltr'><strong>id</strong></span> <span class='ocrx_word' id='word_1_1238' title='bbox 2562 5602 2663 5659; x_wconf 82' lang='lat' dir='ltr'><strong>est,</strong></span> <span class='ocrx_word' id='word_1_1239' title='bbox 2707 5596 2996 5645; x_wconf 83' lang='lat' dir='ltr'><strong>contrivisti</strong></span> <span class='ocrx_word' id='word_1_1240' title='bbox 3025 5603 3075 5643; x_wconf 86' lang='lat' dir='ltr'><strong>et</strong></span> <span class='ocrx_word' id='word_1_1241' title='bbox 3098 5590 3375 5644; x_wconf 78' lang='lat' dir='ltr'><strong>debiltasti</strong></span> <span class='ocrx_word' id='word_1_1242' title='bbox 3407 5604 3504 5639; x_wconf 88' lang='lat' dir='ltr'><strong>non</strong></span> <span class='ocrx_word' id='word_1_1243' title='bbox 3552 5589 3714 5659; x_wconf 71' lang='grc' dir='ltr'>ςυιιιω</span> 
     </span>
    </p>
   </div>
   <div class='ocr_carea' id='block_1_154' title="bbox 2177 5658 3716 5726">
    <p class='ocr_par' dir='ltr' id='par_1_154' title="bbox 2177 5658 3716 5726">
     <span class='ocr_line' id='line_1_155' title="bbox 2177 5658 3716 5726; baseline -0.004 -11"><span class='ocrx_word' id='word_1_1244' title='bbox 2177 5664 2449 5726; x_wconf 83' lang='lat' dir='ltr'><strong>draco.ies,</strong></span> <span class='ocrx_word' id='word_1_1245' title='bbox 2496 5662 2544 5713; x_wconf 91' lang='lat' dir='ltr'><strong>id</strong></span> <span class='ocrx_word' id='word_1_1246' title='bbox 2564 5672 2661 5723; x_wconf 89' lang='lat' dir='ltr'><strong>est,</strong></span> <span class='ocrx_word' id='word_1_1247' title='bbox 2688 5664 2955 5715; x_wconf 80' lang='lat' dir='ltr'><strong>interiores</strong></span> <span class='ocrx_word' id='word_1_1248' title='bbox 2982 5664 3244 5715; x_wconf 63' lang='lat' dir='ltr'><strong>datmoaes</strong></span> <span class='ocrx_word' id='word_1_1249' title='bbox 3273 5660 3580 5710; x_wconf 73' lang='lat' dir='ltr'><strong>distributus</strong></span> <span class='ocrx_word' id='word_1_1250' title='bbox 3605 5658 3716 5710; x_wconf 82' lang='lat' dir='ltr'><strong>sin-</strong></span> 
     </span>
    </p>
   </div>
   <div class='ocr_carea' id='block_1_155' title="bbox 2178 5729 3717 5801">
    <p class='ocr_par' dir='ltr' id='par_1_155' title="bbox 2178 5729 3717 5801">
     <span class='ocr_line' id='line_1_156' title="bbox 2178 5729 3717 5801; baseline -0.001 -17"><span class='ocrx_word' id='word_1_1251' title='bbox 2178 5734 2311 5801; x_wconf 87' lang='lat' dir='ltr'><strong>gulis</strong></span> <span class='ocrx_word' id='word_1_1252' title='bbox 2342 5732 2405 5785; x_wconf 81' lang='lat' dir='ltr'><strong>ad</strong></span> <span class='ocrx_word' id='word_1_1253' title='bbox 2450 5733 2831 5799; x_wconf 79' lang='lat' dir='ltr'><strong>accusandum,</strong></span> <span class='ocrx_word' id='word_1_1254' title='bbox 2883 5748 2965 5801; x_wconf 83' lang='lat' dir='ltr'><strong>qui</strong></span> <span class='ocrx_word' id='word_1_1255' title='bbox 3016 5729 3357 5801; x_wconf 79' lang='lat' dir='ltr'><strong>spirituatiter</strong></span> <span class='ocrx_word' id='word_1_1256' title='bbox 3396 5730 3576 5783; x_wconf 78' lang='lat' dir='ltr'><strong>volunt</strong></span> <span class='ocrx_word' id='word_1_1257' title='bbox 3622 5741 3717 5784; x_wconf 80' lang='lat' dir='ltr'><strong>nos</strong></span> 
     </span>
    </p>
   </div>
  </div>
