3898 6226
249 456 349 511 877

906 451 979 504 ‘lN
1019 449 1425 506 PSALMORUM
1465 447 1714 503 LiliRUM
1759 445 2106 501 EXECESIS.
2152 475 2218 484 —
2252 444 2493 498 PSALM.
2529 442 2765 498 LXXIII.

3340 432 3443 484 873

248 567 504 620 devorare
530 574 584 614 ιιι
614 561 892 622 dracones,
942 561 1033 613 sed
1064 562 1220 614 etiam
1252 562 1419 627 capita
1469 559 1700 620 illorum,
1747 558 1796 611 id
1829 563 1871 618 Α
1903 556 2139 610 vocando
2171 567 2221 610 te
2244 557 2405 627 lilium
2439 555 2920 627 labri,iviolato_rem
2944 553 3093 619 legis,
3125 561 3178 608 ει
3198 555 3385 627 similia
3411 573 3430 620 ;

248 646 354 694 est.
386 633 504 687 illus
532 635 617 700 qui
645 632 756 700 illis
777 631 1109 700 interioribus
1132 640 1379 695 praesunt.
1409 630 1472 682 Et
1496 632 1605 700 plus
1634 629 1792 700 etiam

249 701 443 762 fecisti,
491 697 611 765 quia
640 699 925 767 Confregisti
965 701 1016 752 in
1043 699 1241 767 eisdem
1288 699 1437 764 aquis
1465 698 1634 767 capita
1668 697 1795 767 dra-

249 774 412 836 conis,
462 769 515 824 id
548 779 646 824 est.
696 765 827 820 illos'
846 782 1080 820 summos
1123 766 1441 827 daemonum,
1485 765 1573 831 qui
1606 765 1796 831 princi-

254 851 444 908 pautur
472 840 568 890 sub
616 837 729 908 ipso
755 837 936 908 Satan,
968 837 1052 908 qui
1095 850 1406 908 stiprein_m_n_
1437 845 1591 901 caput
1615 842 1714 908 est,
1745 844 1798 887 et

252 902 426 972 ipsum
451 909 604 959 etiam
630 906 790 973 Satan
819 905 997 957 dedisti
1037 906 1232 973 papulis
1260 902 1581 969 JEtIiiopum,
1617 903 1667 955 id
1693 910 1795 963 est,

255 979 361 1030 illis
391 978 498 1043 qui,
551 977 692 1039 prius
743 972 998 1043 denigrati
1052 972 1109 1026 in
1152 974 1394 1043 peccatis,
1446 986 1582 1043 nunc
1620 981 1796 1043 autem

254 1038 498 1123 sunt_per
527 1038 1159 1123 gratiamdealbatisicut
1178 1041 1345 1094 sancti
1383 1041 1601 1123 apostoli
1630 1049 1686 1121 ει
1713 1038 1798 1092 alii

257 1108 632 1178 pradicato'res
661 1112 913 1165 veritatis.
962 1111 1094 1174 Illis,
1131 1111 1360 1177 inquam,
1408 1108 1599 1178 dedisti
1629 1110 1798 1175 ipsum

253 1177 416 1234 Satan
455 1183 504 1234 in
529 1197 716 1240 escam,
747 1180 965 1241 scilicet,
999 1190 1051 1230 ut
1074 1194 1263 1244 corpus
1292 1178 1426 1244 ejus,
1468 1177 1521 1230 id
1558 1185 1660 1238 est,
1692 1191 1800 1229 ma-

259 1254 344 1304 los
369 1254 416 1304 ei
458 1262 700 1315 tanquam
729 1249 884 1314 capiti
923 1247 1250 1302 adhaerentes
1275 1246 1571 1309 comedam,
1619 1246 1668 1298 id
1697 1255 1798 1307 est,

253 1321 423 1372 verbo
454 1318 835 1384 praedicationis
861 1318 958 1370 sibi
987 1319 1336 1379 conforment,
1385 1327 1434 1368 et
1475 1318 1525 1384 in
1571 1331 1628 1369 se
1657 1315 1802 1381 traji-

255 1391 418 1441 ciant.
460 1383 612 1441 Unde
639 1387 842 1439 cuidam
871 1387 1076 1438 illorum
1101 1385 1166 1438 de
1193 1385 1292 1438 hac
1317 1400 1434 1438 esca
1460 1383 1655 1437 dictum
1687 1394 1798 1436 est:

259 1457 437 1510 Macta
461 1468 505 1509 et
533 1457 798 1507 manduca.
843 1454 1005 1508 Macta
1035 1456 1244 1522 quidem
1279 1455 1330 1506 in
1374 1455 1450 1507 eis
1479 1453 1618 1520 quod
1656 1461 1797 1517 sunt,

255 1539 315 1580 et
346 1525 524 1591 trajire
551 1540 643 1577 eos
673 1527 722 1575 in
752 1539 940 1590 corpus
966 1534 1127 1577 tuum.

333 1594 412 1647 Tu
434 1594 694 1661 disrupisti
722 1593 883 1659 fontes
910 1606 954 1645 et
983 1601 1243 1646 torrentes.
1273 1591 1372 1645 Per
1410 1591 1527 1661 hoc,
1571 1591 1802 1657 inquam,

251 1665 447 1716 dedisti
485 1659 742 1716 dracones
781 1663 830 1714 in
875 1678 1035 1717 eseam
1075 1662 1273 1728 populis
1309 1659 1639 1728 zEtltiopum,
1683 1662 1802 1726 quia

260 1733 528 1799 disrupisti
554 1731 713 1798 fontes
754 1742 797 1782 et
847 1739 1107 1783 torrentes.
1143 1732 1292 1784 Petra
1337 1732 1475 1799 enim
1518 1730 1568 1782 iu
1597 1730 1806 1782 deserto

263 1805 347 1852 his
385 1798 528 1857 virga
568 1814 809 1865 percussa
840 1811 988 1864 rupta
1028 1812 1130 1866 εει,
1177 1810 1229 1852 ει
1269 1798 1388 1853 inde
1426 1807 1806 1851 emanawruut

1897 636 1950 678 et
1978 628 2051 678 sic
2095 627 2312 694 populus
2341 626 2428 677 ille
2456 626 2716 691 insipiens,
2767 623 2816 675 id
2843 633 2942 686 est,
2998 637 3100 677 non
3140 624 3430 694 providens

1891 696 1986 748 sibi
2027 693 2409 762 in’posterum,
2451 694 2678 745 incitavit
2707 708 2883 744 nomen
2926 701 3086 756 tuum,
3136 693 3187 746 id
3213 701 3315 754 est,
3364 694 3432 747 ad

1895 764 2023 817 iram
2052 773 2102 817 te
2127 773 2427 832 provocavit
2458 778 2550 883 per
2589 777 2777 815 nomen
2819 771 2981 825 tuum,
3027 764 3162 828 quod
3196 762 3262 819 de
3293 771 3432 814 terra

1896 835 2102 883 penitus
2150 832 2356 883 auferre
2393 847 2458 883 vo
2482 833 2575 883 uit.
2625 831 2686 882 Et
2713 832 3113 883 quandoquidem
3156 831 3246 883 tibi
3283 831 3432 883 viridi

1896 835 2102 899 ρειιὶιυε
2150 832 2356 885 auferre
2393 831 2575 884 voluit.
2625 831 2686 882 Et
2713 832 3113 897 quandoquidem
3156 831 3246 884 tibi
3283 831 3437 883 viridi

1895 903 2029 970 ligno
2051 902 2143 953 hoc
2167 906 2406 967 fecerunt,
2434 901 2555 966 quid
2578 901 2757 967 facient
2782 901 2833 950 in
2858 900 3000 951 arido
3023 901 3045 951 9
3076 900 3294 953 Constat
3313 902 3436 963 quia

1897 973 2061 1022 tnulto
2108 973 2280 1024 minus
2331 978 2542 1036 parcent
2577 970 2742 1028 arido,
2793 983 2910 1020 cum
2956 984 3059 1020 non
3088 977 3438 1033 pepercerunt

1897 1040 1986 1093 tibi
2018 1040 2165 1092 viridi
2194 1041 2350 1107 tigno.
2385 1039 2540 1107 Ergo,
2595 1038 2836 1107 lto-nine,
2865 1052 2927 1089 ne
2959 1037 3132 1107 tradas
3162 1038 3348 1099 bestiis.
3381 1039 3435 1091 id

1899 1117 1997 1170 est,
2049 1105 2477 1173 persecutoribus
2521 1106 2858 1173 quibuslibet.
2908 1105 3179 1158 bestialem
3224 1121 3437 1160 sensum

1899 1177 2226 1242 habentibus,
2256 1180 2451 1230 animas
2479 1177 2790 1240 confitentes,
2824 1175 2873 1227 id
2916 1184 3017 1236 est,
3065 1175 3150 1237 qui
3178 1189 3236 1228 se
3264 1175 3437 1229 humi-

1901 1248 2026 1298 Iiant
2056 1255 2108 1298 et
2136 1247 2452 1300 conﬁtentur
2497 1255 2704 1310 peccata
2737 1259 2828 1295 sua
2860 1244 2968 1296 tibi.
3018 1246 3246 1304 Animas,
3296 1245 3436 1309 dico,

1899 1331 2172 1382 pauperum
2219 1326 2418 1367 tuorum
2466 1331 2527 1367 ne
2573 1314 2896 1366 obliviscaris.
2953 1314 3108 1376 Quasi
3156 1313 3329 1367 dicat:
3378 1316 3441 1366 Et

1907 1393 2065 1447 terra,
2102 1385 2150 1436 id
2182 1395 2280 1444 est,
2329 1397 2548 1447 corpora
2597 1384 2869 1434 traduntur
2908 1383 2957 1433 in
2991 1398 3172 1434 manus
3204 1390 3443 1445 peccato-

1903 1468 2057 1511 rum;
2104 1455 2296 1504 anintas
2349 1465 2520 1504 tamen
2569 1468 2864 1519 pauperum,
2921 1453 2970 1503 id
3015 1462 3115 1510 est,
3165 1453 3440 1506 humilium

1903 1529 2102 1573 tuorum
2132 1538 2194 1572 ne
2215 1521 2542 1583 obliviscaris,
2576 1531 2631 1572 ut
2658 1521 2995 1573 devocentur.
3047 1526 3144 1572 Aut
3173 1522 3214 1572 si
3245 1521 3438 1574 oblivi-

1905 1592 2090 1655 sceris,
2125 1608 2189 1643 ne
2229 1591 2554 1642 obliviscaris
2603 1590 2653 1639 in
2684 1590 2849 1652 ﬁnem,
2896 1589 2948 1641 id
2979 1598 3091 1647 est.
3135 1591 3204 1650 ita
3235 1599 3290 1641 ut
3337 1605 3439 1643 non

1905 1659 2127 1724 amplius
2156 1660 2484 1722 resipiscam.
2513 1656 2804 1709 Humanum
2829 1658 2956 1709 enim
2986 1669 3056 1708 est
3079 1672 3302 1725 peccare,
3335 1659 3445 1710 dia-

1905 1730 2116 1779 bolicum
2145 1743 2487 1796 perseverare.
2522 1726 2582 1779 Ει
2629 1743 2692 1776 ne
2718 1727 3042 1779 ohlivismris
3072 1739 3276 1778 tuorum
3309 1741 3438 1791 pauo

1907 1811 2108 1860 perum,
2156 1796 2294 1858 ideo,
2347 1795 2584 1856 Domine,
2631 1798 2824 1858 respice
2853 1796 3264 1848 misericordiam
3288 1797 3442 1850 exhi-

259 1885 415 1935 aqua:
452 1863 631 1922 dulces
670 1878 724 1946 et
761 1863 1288 1946 largissjmgafetra
1328 1878 1502 1946 autem
1541 1867 1801 1946 hishvirga
1836 1888 1880 1946 Β
1909 1863 2076 1946 bendo
2103 1866 3298 1946 omnibusiutendentibustestamentumtuum,
3327 1865 3446 1918 ideo

262 1953 534 2003 percussa,
557 1948 637 1990 est
665 1938 904 1989 Christus
923 1937 1111 2003 duplici
1141 1938 1279 2004 ligno
1297 1939 1467 1990 crucis
1496 1936 1800 1998 crucilixus,

261 2008 334 2061 de
376 2023 476 2074 quo
506 2007 768 2060 emanavit
803 2021 931 2073 aqua
972 2007 1242 2059 abundans
1277 2016 1331 2060 et
1369 2006 1506 2073 larga
1547 2005 1806 2067 doctrina,

261 2073 532 2143 qum'sola
584 2074 750 2128 dulcis
788 2075 838 2143 in
887 2075 1043 2142 hujus
1082 2078 1200 2128 vita:
1243 2074 1479 2129 deserto.
1537 2073 1637 2128 Per
1675 2074 1810 2127 hanc

266 2142 391 2198 facti
421 2155 541 2196 sunt
562 2144 768 2210 quidam
810 2142 979 2195 fontes
1023 2159 1171 2210 aqua:
1210 2145 1340 2196 vivae
1377 2144 1613 2196 salientis
1661 2143 1713 2195 in
1743 2144 1811 2196 vi-

265 2228 376 2266 tam
403 2225 672 2274 attentam,
722 2223 776 2265 et
812 2212 1020 2279 quidam
1062 2222 1341 2266 torrentes.
1381 2213 1510 2279 Quia
1541 2221 1713 2265 autem
1754 2212 1806 2265 in

263 2284 496 2335 fontibus
522 2282 656 2350 jugis
684 2296 814 2349 aqua
846 2292 946 2343 est,
992 2297 1083 2347 per
1113 2281 1281 2336 fontes
1310 2285 1488 2346 accipe
1520 2283 1809 2348 pracipuos

267 2351 515 2403 doctores
561 2350 720 2401 verbo
759 2359 813 2402 et
848 2351 1087 2417 exemplo
1134 2350 1403 2415 docentes,
1453 2354 1573 2418 quia
1623 2351 1807 2403 horum

263 2419 503 2471 doctrina
535 2419 738 2471 stabilis
765 2428 868 2472 est.
904 2420 1002 2470 Per
1041 2430 1297 2472 torrentes
1326 2435 1450 2472 vero
1477 2420 1652 2486 accipe
1691 2419 1808 2472 illos

256 2488 376 2554 qui,
417 2489 512 2539 etsi
553 2487 766 2540 verbum
817 2488 1048 2540 veritatis
1083 2503 1186 2540 non
1218 2490 1435 2555 implent
1477 2503 1655 2556 opere,
1703 2504 1806 2541 non

262 2566 440 2608 tamen
480 2557 739 2608 abstinent
787 2570 843 2608 se
885 2572 914 2608 a
955 2557 1355 2622 praadicatioue,
1404 2561 1489 2625 qui
1537 2558 1644 2610 cito
1678 2556 1810 2610 deli-

259 2626 414 2677 cinnt
452 2636 504 2676 ut
553 2633 829 2678 torrentes.
903 2625 994 2679 Vel
1037 2640 1067 2679 e
1111 2640 1369 2678 converso
1419 2642 1510 2693 per
1547 2636 1808 2688 torrentes

263 2707 547 2757 possumus
573 2694 814 2754 accipere
849 2695 964 2746 illos
995 2694 1062 2761 iu_
1083 2697 1272 2760 quibus
1301 2696 1524 2761 impetus
1553 2694 1807 2748 doctrinas

255 2773 365 2824 est,
399 2764 447 2814 id
473 2773 570 2821 est,
612 2761 876 2829 majores;
925 2778 1014 2830 per
1043 2759 1217 2816 fontes
1249 2759 1389 2815 vero
1417 2766 1666 2823 minores,
1703 2764 1809 2816 sci-

265 2831 412 2894 licet,
444 2847 471 2882 a
497 2830 680 2898 quibus
724 2832 968 2897 paulatim
995 2831 1232 2885 doctrina
1275 2835 1417 2884 liuet.
1456 2832 1604 2897 Quod
1635 2843 1809 2886 autem

257 2899 427 2951 dicit:
482 2898 723 2961 Dirupisti
774 2907 935 2967 [antes
975 2910 1021 2952 et
1057 2911 1336 2964 torrentes,
1386 2901 1663 2967 dupliciter
1707 2903 1808 2955 dici

262 2975 479 3034 potest,
520 2971 755 3032 scilicet,
803 2969 1061 3034 dirupisti,
1116 2970 1167 3022 id
1207 2981 1306 3033 est,
1350 2985 1596 3023 emanare
1637 2967 1807 3022 fecisti

261 3035 477 3096 fontes,
528 3037 605 3088 vel
654 3040 822 3090 l‘ontes
869 3041 1006 3101 ipsos
1050 3047 1102 3091 et
1157 3046 1413 3091 torrentes
1454 3039 1714 3105 dirupisti,
1759 3040 1808 3091 id

267 3116 375 3169 est,
423 3106 566 3173 quasi
590 3120 683 3172 per
710 3108 944 3158 dwersos
968 3106 1107 3160 rivos
1133 3107 1370 3172 sparsisti
1401 3117 1453 3160 et
1480 3110 1679 3159 siccasti
1707 3111 1806 3172 [lu-

254 3175 371 3226 νέοι
395 3173 576 3226 Etltan.
626 3175 789 3226 Ειιιειιι
820 3174 1188 3242 interpretatur
1214 3177 1375 3242 fortis,
1414 3177 1525 3229 sive
1552 3180 1800 3241 robustus,

261 3257 364 3312 per
395 3257 547 3307 quem
579 3242 881 3310 intelligitur
913 3245 1050 3312 male
1088 3245 1235 3297 tortis
1259 3247 1369 3310 ille,
1395 3247 1479 3312 qui
1515 3261 1576 3298 es
1618 3261 1675 3298 se
1705 3246 1805 3298 for-

259 3316 330 3362 tis
351 3326 469 3364 esse
496 3313 673 3368 voluit.
701 3323 752 3365 et
773 3312 932 3364 dixit:
968 3311 1162 3363 Ponam
1190 3315 1352 3366 sedem
1380 3311 1540 3366 nteant
1563 3315 1631 3365 ad
1658 3316 1808 3381 Aqui-

258 3382 449 3432 (onem.
497 3381 566 3432 De
606 3383 702 3432 hac
733 3389 867 3432 mala
908 3381 1208 3433 lbrtitudtue
1242 3385 1480 3449 poeulutn
1507 3384 1688 3435 mortis
1711 3383 1808 3449 pri-

255 3449 368 3502 mis
408 3450 706 3518 parentibus
742 3449 1056 3516 propinavit,
1106 3452 1311 3516 quando
1349 3455 1424 3506 eis
1466 3452 1722 3518 persuasit
1753 3463 1806 3505 ut

255 3518 368 3584 ipsi
412 3533 503 3584 per
531 3532 586 3569 se
631 3517 791 3571 fortes
829 3527 883 3570 ει
919 3519 988 3570 dii
1038 3518 1136 3571 sibi
1180 3534 1297 3574 esse
1333 3523 1544 3573 Vellent.
1590 3522 1667 3572 Ab
1713 3521 1811 3574 huc

249 3601 473 3652 quoque
504 3586 692 3639 diversi
718 3598 1081 3654 processerunt
1104 3589 1264 3653 lluvii,
1297 3589 1542 3654 diversae,
1589 3589 1807 3654 scilicet,

259 3646 500 3708 literescs
536 3665 588 3708 et
632 3646 859 3719 ενι-διεδ,
900 3671 1028 3724 quos
1075 3657 1211 3710 Deus
1252 3646 1450 3711 dicavit
1496 3646 1588 3726 per
1625 3646 1811 3712 fluvios

267 3737 400 3775 suos
454 3736 502 3776 ct
553 3733 833 3778 torrentes.
895 3726 1069 3777 I’otest
1119 3730 1275 3779 etiam
1330 3737 1468 3780 totus
1517 3743 1696 3780 versus
1745 3727 1811 3783 ad

261 3791 449 3845 Ethan
478 3791 682 3858 referri,
716 3803 772 3846 ut
808 3793 885 3846 sic
915 3795 1186 3848 dicamus:
1241 3795 1372 3851 Vere
1416 3798 1596 3848 dedisti
1621 3796 1807 3849 draco-

263 3877 396 3913 nem
429 3863 626 3933 populis
655 3864 706 3914 in
731 3879 913 3926 escam,
943 3864 1060 3930 quia
1103 3874 1153 3915 ιιι
1193 3866 1448 3933 dirupisti,
1490 3865 1539 3917 id
1590 3877 1688 3926 est.
1721 3867 1811 3918 de-

258 3930 501 4001 struxistt
537 3930 702 3984 fontes
733 3933 921 3984 Ethan.
968 3933 1180 3994 Fontes,
1222 3930 1358 3992 dico,
1393 3949 1541 4001 aqua:
1581 3936 1811 3988 salientis

257 3999 319 4050 in
359 3999 745 4052 damnationem
791 4012 1073 4062 aeternam,
1115 4013 1167 4053 et
1215 3999 1472 4055 torrentes
1509 4013 1560 4055 et
1601 4002 1809 4065 ﬂuvios,

257 4083 385 4134 quae
425 4069 665 4121 similiter
690 4071 740 4121 in
779 4071 914 4121 malo
953 4069 1198 4136 acctpias,
1243 4074 1310 4122 ita
1342 4082 1395 4124 ut
1433 4074 1498 4124 de
1529 4072 1717 4124 minori
1745 4075 1810 4124 ad

256 4135 437 4190 maius
476 4137 744 4188 ascendas.

387 4221 481 4257 uus
505 4215 576 4257 est
603 4207 725 4257 dies.
764 4206 919 4270 Quasi
951 4206 1086 4260 dicat
1113 4225 1125 4258 :
1169 4208 1384 4260 Siccatis
1417 4208 1583 4261 ﬂuviis
1617 4209 1805 4274 Ethan,

258 4273 395 4326 facti
438 4286 556 4326 sunt
585 4275 791 4342 quidam
833 4277 975 4339 dies,
1020 4275 1234 4344 quidam
1280 4292 1381 4329 nox
1420 4287 1473 4328 ει
1514 4279 1724 4333 similia.
1759 4273 1811 4331 et

261 4348 368 4396 hoc
397 4358 500 4395 nou
530 4358 618 4412 per
643 4357 721 4408 se,
749 4345 838 4396 sed
871 4359 960 4410 per
993 4356 1059 4406 te,
1091 4348 1212 4412 quia
1244 4346 1349 4398 dies
1373 4357 1444 4398 est
1475 4355 1605 4404 tuus,
1634 4359 1679 4398 et
1710 4363 1810 4399 nos:

256 4423 339 4465 est
390 4411 671 4482 tua._Dies
718 4424 841 4465 sunt
887 4411 1218 4480 spirituales,
1270 4415 1341 4466 illi
1384 4416 1472 4482 qui
1516 4416 1807 4476 spiritualia

259 4479 630 4550 spiritualibus
671 4479 974 4547 pradicant,
1008 4493 1064 4534 ut
1089 4486 1175 4535 ille
1214 4485 1298 4550 qui
1326 4479 1491 4536 dixit:
1525 4482 1588 4536 In
1619 4485 1807 4550 princi—

1909 1936 2172 1998 omnibus,
2207 1937 2291 2002 qui
2323 1936 2556 1988 caelestia
2587 1943 2638 1986 et
2661 1943 2854 1986 aeterna
2889 1934 3140 2001 promissa
3170 1943 3442 1998 appetunt.

1913 2002 1972 2054 Et
2005 2003 2122 2056 ideo
2154 2005 2271 2057 dico
2297 2004 2412 2056 illos
2442 2018 2676 2070 respuas,
2704 2003 2819 2065 quia
2853 2003 3182 2055 intendentes
3213 2004 3264 2055 in
3287 2011 3448 2056 testa-

1911 2083 2144 2124 mentum
2174 2073 2335 2134 servi,
2373 2073 2422 2125 id
2451 2083 2556 2137 est,
2605 2082 2908 2137 appetentes
2956 2086 3160 2123 terrena
3197 2072 3446 2139 despicis.

1910 2141 2059 2205 Quod
2088 2142 2252 2192 innuit
2281 2156 2395 2194 cum
2426 2141 2551 2192 dicit
2577 2159 2587 2191 :
2627 2140 2758 2204 Quia
2796 2142 2952 2204 ὀριειι
2981 2148 3096 2191 sunt
3124 2139 3450 2206 iniquitatnm

1912 2211 1986 2262 illi
2013 2211 2099 2276 qui
2126 2210 2400 2273 obscurati,
2432 2209 2479 2262 id
2507 2218 2604 2272 est,
2629 2220 2873 2263 escarum
2901 2211 3122 2262 interius
3150 2219 3272 2261 sunt
3297 2225 3326 2262 a
3356 2210 3452 2262 do-

1910 2280 2069 2331 mibus
2097 2291 2259 2345 terra,
2291 2279 2340 2331 id
2370 2283 2471 2343 est,
2525 2279 2642 2346 quia
2691 2279 2848 2331 corda
2894 2293 3076 2332 eorum
3117 2288 3326 2332 terrena
3370 2294 3455 2332 sa-

1911 2348 2076 2413 piunt,
2107 2359 2159 2401 ει
2185 2363 2400 2415 semper
2432 2359 2638 2402 tcrreua
2667 2349 2897 2414 sapiunt,
2928 2358 2980 2399 et
3009 2362 3217 2412 semper
3245 2357 3452 2401 terrena

1909 2427 2180 2483 appetunt,
2213 2432 2307 2470 nec
2335 2432 2560 2486 unquam
2594 2417 2655 2468 ad
2687 2418 2920 2470 caelestia
2954 2431 3012 2468 se
3038 2416 3264 2484 erigunt,
3312 2418 3454 2470 unde

1909 2486 2057 2553 quasi
2089 2491 2270 2552 vulpes
2299 2485 2542 2539 inferiora
2575 2494 2730 2538 terra
2756 2487 2968 2538 intrant.

1984 2553 2064 2606 Ne
2084 2565 2335 2606 avertatur
2363 2555 2586 2606 humilis.
2624 2555 2715 2618 Ita,
2750 2555 2980 2621 inquam,
3027 2554 3166 2620 dico,
3210 2565 3266 2607 ut
3288 2554 3459 2616 resili-

1910 2623 2038 2685 clas,
2065 2640 2126 2676 ne
2149 2623 2236 2677 ille
2260 2624 2346 2689 qui
2379 2638 2500 2676 vere
2529 2632 2609 2676 est
2632 2623 2834 2674 humilis
2855 2634 3129 2687 avertatur,
3157 2624 3208 2676 id
3235 2633 3334 2688 est,
3362 2623 3452 2676 de-

1911 2704 2149 2752 vocetur,
2193 2707 2310 2744 cum
2341 2693 2388 2745 ei
2421 2692 2877 2760 improperabitur,
2920 2691 3058 2759 quod
3096 2695 3164 2744 iu.
3187 2695 3444 2745 mortuum

1912 2761 2176 2814 hominem
2200 2761 2432 2823 credant,
2486 2762 2590 2813 imo
2617 2771 2913 2826 serpentem
2944 2776 3035 2828 per
3059 2761 3279 2814 caudam
3306 2763 3447 2814 acci-

1915 2830 2040 2895 piat,
2079 2828 2130 2882 id
2169 2839 2269 2892 est,
2302 2831 2519 2898 gloriam
2550 2831 2949 2884 resurrectionis
2974 2832 3246 2893 attendat;
3291 2840 3344 2883 et
3371 2833 3451 2883 sic

1909 2899 2172 2950 Christum
2221 2915 2324 2951 non
2367 2899 2630 2952 hominem
2670 2908 2891 2965 tantum,
2933 2900 3023 2952 sed
3065 2909 3119 2952 et
3163 2899 3327 2953 Deum
3361 2915 3449 2952 ve-

1911 2981 2025 3020 rum
2053 2967 2322 3031 intelligat.
2356 2969 2466 3030 Ille,
2509 2968 2647 3034 dico,
2691 2975 2850 3036 [actus
2875 2979 3135 3035 con/usus,
3164 2969 3206 3020 si
3238 2978 3446 3021 averta—

1913 3047 2014 3096 tur,
2062 3040 2143 3088 vel
2176 3037 2339 3089 lactus
2371 3039 2620 3088 confusus
2649 3052 2710 3089 ex
2741 3037 3059 3089 conscientia
3091 3047 3446 3104 peccatorum.

1913 3105 2004 3157 Eli
2045 3119 2111 3156 eo
2139 3121 2241 3156 nun
2268 3107 2422 3158 debet
2445 3106 2631 3166 averti,
2651 3105 2770 3169 quia
2797 3121 3009 3171 pauper,
3041 3107 3087 3156 id
3114 3116 3210 3169 est,
3240 3105 3330 3159 ille
3358 3107 3446 3170 qui

1910 3175 2007 3224 sibi
2050 3185 2128 3225 est
2162 3174 2503 3241 insul'lieiens,
2548 3185 2601 3227 et
2629 3173 2744 3226 ideo
2775 3175 2933 3226 habet
2961 3189 3017 3227 se
3056 3190 3173 3240 erga
3202 3185 3251 3227 te
3280 3176 3449 3226 buun-

1911 3243 2046 3303 liter,
2075 3251 2126 3293 ut
2156 3259 2346 3309 pauper
2369 3257 2490 3309 erga
2521 3244 2758 3306 divitem,
2783 3254 2827 3294 et
2855 3244 3018 3311 inops,
3051 3245 3098 3294 id
3121 3253 3218 3308 est,
3248 3243 3334 3296 ille
3360 3246 3448 3310 qui

1910 3321 2115 3377 reputat
2143 3316 2360 3377 gratiam
2395 3313 2491 3364 snbi
2520 3314 2890 3364 necessariam.
2945 3313 3026 3378 lli,
3060 3313 3289 3379 inquam,
3322 3327 3446 3365 vere

1911 3379 2232 3432 humiliando
2261 3395 2339 3446 se,
2367 3395 2419 3432 et
2450 3381 2581 3433 bene
2624 3383 2910 3445 operando,
2961 3381 3236 3433 laudabant
3268 3396 3446 3433 nomen

1908 3457 2066 3500 tuum.
2104 3450 2165 3501 lit
2192 3453 2310 3515 quia
2336 3451 2388 3501 hi
2421 3450 2702 3502 laudabunt
2728 3459 2797 3512 ιι»,
2824 3465 2948 3516 ergo
2991 3449 3147 3515 Deus,
3176 3451 3261 3517 qui
3306 3456 3450 3503 vide-

1910 3517 2049 3569 buris
2071 3517 2268 3584 jacere,
2315 3535 2556 3586 exsurge,
2607 3518 2688 3570 vel
2722 3518 2803 3571 hic
2845 3519 2894 3570 in
2938 3520 3118 3570 notitia
3151 3519 3442 3577 hominum.

1915 3586 1998 3637 vel
2039 3602 2262 3653 exsurge
2287 3587 2491 3640 tandem
2515 3588 2578 3638 ad
2612 3588 3045 3640 remunerandum
3075 3592 3122 3637 iu
3147 3587 3368 3655 judicio,
3397 3601 3450 3640 ιιι

1901 3655 2109 3722 judico,
2142 3655 2193 3707 id
2219 3665 2318 3720 est,
2370 3657 2609 3710 discerne
2636 3673 2837 3707 causam
2862 3666 3016 3718 tuam,
3063 3658 3112 3709 id
3143 3667 3242 3720 est,
3292 3655 3447 3710 ﬁdem

1914 3735 2076 3787 tuam,
2103 3739 2240 3776 nunc
2260 3725 2468 3790 quidem
2491 3725 2780 3778 mortaliter
2806 3727 2978 3778 dando
2998 3728 3344 3778 constantiam
3365 3728 3446 3778 his

1909 3793 1995 3857 qui
2026 3796 2075 3845 in
2109 3804 2158 3846 te
2178 3796 2419 3859 credunt,
2451 3794 2658 3846 tandem
2681 3809 2804 3848 vero
2825 3794 2977 3845 etiam
3005 3795 3154 3846 locati
3179 3809 3257 3846 er.
3285 3797 3447 3859 Quasi

1909 3861 2081 3914 dicat:
2118 3864 2190 3914 Ne
2221 3863 2434 3928 frustra,
2464 3863 2708 3927 Dotnine,
2734 3864 2825 3929 sit,
2871 3865 3007 3928 quod
3041 3866 3092 3916 in
3135 3873 3185 3915 te
3226 3865 3446 3925 crediti,

1911 3945 2012 3982 non
2046 3946 2276 3996 peream,
2311 3932 2428 3999 quia
2475 3933 2673 3985 credidi
2701 3933 2839 3999 quod
2874 3946 2976 3985 non
3001 3934 3125 3984 vidi.
3158 3930 3272 3984 Non
3303 3933 3449 3984 fallat

1908 4013 1994 4050 me
2020 4014 2140 4066 spes
2187 4015 2336 4065 mea,
2383 4001 2631 4066 accipiam
2675 4001 2812 4069 quod
2858 4003 3072 4053 creduli.
3109 3999 3320 4063 Judica,
3369 4002 3449 4052 in-

1909 4083 2084 4134 quam,
2132 4085 2333 4121 causam
2371 4079 2532 4131 tuam,
2576 4079 2629 4122 ει
2675 4085 2862 4120 memor
2886 4080 2991 4120 esto
3033 4071 3450 4137 improperiorum

1910 4146 2112 4188 tuorum
2141 4152 2430 4202 servorum,
2481 4137 2702 4200 scilicet,
2753 4154 2818 4192 ne
2856 4139 2932 4190 eis
2963 4143 3294 4204 prievaleant.
3342 4139 3448 4188 Int-

1908 4208 2248 4275 properiorum
2269 4207 2386 4260 dico
2407 4223 2576 4260 eorum
2592 4223 2704 4274 quia
2723 4217 2838 4260 sunt
2861 4220 3114 4260 venientia
3141 4218 3243 4258 tota
3265 4209 3366 4268 die,
3400 4208 3450 4259 id

1908 4285 2017 4338 est,
2068 4277 2276 4328 assidue
2301 4276 2360 4326 ab
2382 4277 2645 4343 insipiente
2674 4276 2871 4344 pOpulo
2895 4290 3308 4343 persecuorum,
3357 4279 3449 4345 qui

1916 4357 2016 4396 non
2044 4346 2139 4397 sibi
2165 4346 2412 4411 prospicit
2448 4347 2500 4399 in
2530 4357 2812 4410 posterum.

1981 4412 2101 4464 Non
2131 4415 2458 4467 obliviscaris.
2499 4415 2656 4478 Quasi
2681 4415 2856 4467 dicat:
2886 4414 2960 4468 Ita
2987 4414 3105 4467 dico
3142 4431 3330 4467 memor
3347 4425 3452 4468 esto

1910 4483 2347 4550 improperiorum,
2394 4494 2448 4536 ιιι
2468 4499 2571 4537 non
2608 4482 2909 4536 obliviscaris
2956 4499 3094 4536 vaces
3137 4485 3453 4537 inimicontm

252 4543 350 4618 pio
379 4558 485 4620 erat
518 4543 751 4620 i’erbu'm,
779 4561 880 4603 etc.
925 4552 1035 4604 Nox
1067 4567 1187 4604 vero
1217 4543 1339 4603 sunt
1366 4553 1437 4606 illi
1484 4556 1570 4619 qui
1605 4543 1804 4607 tantum
1835 4543 1886 4603 Β
1913 4543 2137 4614 tuarum,
2187 4553 2234 4603 id
2264 4543 2362 4617 est,
2413 4554 2729 4620 improperia
2773 4555 2911 4605 illata
2959 4555 3061 4606 tuis
3093 4552 3158 4606 ab
3206 4554 3453 4615 inimicis,

265 4618 506 4670 carnalia
529 4619 823 4670 carnalibus
850 4620 1179 4672 annuntiant.
1209 4620 1320 4673 Nox
1351 4620 1446 4673 fuit
1473 4618 1661 4675 Paulus
1686 4636 1804 4675 eum

251 4687 440 4739 dixit:
472 4684 617 4755 Nihil
636 4689 864 4755 judicari
893 4705 970 4740 me
989 4692 1114 4740 scire
1141 4691 1265 4740 inter
1292 4707 1394 4754 vos,
1424 4691 1521 4741 nisi
1550 4690 1804 4745 Christum

255 4765 483 4816 tantum,
511 4764 557 4805 et
578 4754 712 4806 hunc
739 4757 1056 4823 cruciﬁxum,
1084 4759 1196 4810 dies
1227 4773 1349 4812 vero
1369 4774 1486 4811 cum
1517 4759 1646 4813 dixit
1671 4780 1681 4812 :
1711 4759 1807 4814 Sa-

250 4823 500 4892 pientiam
523 4824 774 4888 loquimur
805 4825 929 4876 inter
950 4830 1214 4892 per{eaos.

253 4889 296 4965 Ϊ⁸
335 4889 415 4942 Tu
437 4892 709 4965 lubricat‘us
737 4908 972 4965 auroram
995 4889 1062 4947 es.
1094 4895 1274 4965 ldiest,
1306 4912 1724 4965 unumquemque
1755 4901 1804 4952 in

239 4961 455 5014 virtute
502 4961 832 5033 incipientem
889 4964 1080 5016 lucere.
1144 4964 1253 5016 Lux
1300 4968 1443 5018 enim
1485 4961 1664 5033 prima
1723 4978 1805 5022 est

253 5045 474 5102 aurora.
598 5041 651 5080 tu
687 5031 965 5098 fabricatus
992 5049 1040 5082 es
1068 5035 1244 5096 solem,
1279 5036 1327 5086 id
1358 5045 1467 5100 est,
1502 5031 1806 5102 quemlibet

253 5099 400 5150 adeo
429 5100 741 5162 perleCtttru,
790 5109 843 5150 ut
889 5103 937 5152 ιιι
983 5103 1098 5154 aliis
1130 5105 1265 5154 diem
1318 5099 1491 5155 iaciat.
1538 5099 1618 5155 Τιι
1648 5105 1804 5157 etiam

252 5169 425 5237 fecisti
451 5183 619 5218 omnes
645 5169 879 5237 terminos
909 5179 1071 5232 terrm,
1119 5173 1166 5222 id
1193 5180 1292 5231 est,
1325 5188 1386 5224 ex
1415 5173 1553 5224 dutto
1587 5184 1673 5225 IIIO
1703 5184 1804 5236 εει.

252 5236 558 5303 quicunque
589 5238 782 5288 faciunt
811 5252 866 5289 se
897 5242 1024 5291 lines
1050 5250 1220 5292 terra).
1278 5242 1338 5292 Et
1365 5252 1414 5291 ttt
1451 5242 1548 5292 feci
1584 5243 1618 5294 ti
1649 5253 1802 5294 testa-

255 5318 382 5369 rem,
428 5305 475 5356 td
505 5314 604 5366 est,
640 5321 823 5357 omnes
846 5308 1044 5373 Spiritu
1077 5310 1140 5360 Ιει
1158 5320 1336 5360 ventes
1358 5351 1371 5374 ,
1423 5309 1642 5362 Domino
1689 5327 1804 5365 ser-

255 5377 507 5436 vientes;
537 5383 583 5425 et
609 5389 690 5425 iter
721 5376 964 5427 virtutum
991 5377 1118 5429 ﬂore
1157 5392 1456 5442 vernantes,
1489 5381 1599 5431 sive
1628 5381 1806 5433 novel-

250 5443 365 5495 los.
417 5442 515 5504 Tu,
546 5442 684 5506 dico,
736 5445 967 5509 inquam,
1018 5449 1278 5511 plasmasti
1308 5463 1382 5508 ea,
1418 5448 1465 5499 id
1499 5458 1596 5510 est,
1630 5450 1806 5500 omnia

250 5513 539 5584 pradicta.
584 5512 657 5565 Ex
691 5522 739 5564 te
781 5528 920 5584 enim
969 5519 1082 5584 solo
1133 5518 1326 5568 habent
1375 5517 1512 5584 quod
1552 5530 1694 5571 sunt.
1743 5520 1807 5570 Et

245 5584 380 5650 quia
411 5581 964 5653 plasntasti‘eapideo,
1003 5582 1238 5646 Domine,
1289 5597 1342 5636 ut
1386 5581 1674 5639 conserves
1717 5601 1802 5653 ea,

247 5649 450 5702 memor
475 5659 581 5701 esto
606 5651 754 5720 hujus
785 5649 930 5713 dicti,
972 5655 1088 5718 quia
1132 5657 1385 5716 inimicus,
1417 5653 1467 5707 id
1493 5665 1595 5715 est,
1629 5649 1807 5707 Judai;

242 5735 353 5772 cus
383 5722 1029 5792 populus,miproperattit,
1064 5723 1112 5773 id
1142 5736 1241 5786 est,
1289 5727 1450 5776 multa
1485 5726 1804 5792 improperia

245 5792 435 5848 intulit
477 5789 570 5842 tibi
614 5791 844 5857 Domino,
897 5789 1074 5856 idest,
1129 5793 1285 5846 etiam
1319 5795 1406 5846 tibi
1459 5789 1612 5847 viridi
1641 5789 1801 5861 ligno,

1946 4634 2024 4673 ua:
2053 4630 2378 4685 suntvoces,
2415 4628 2534 4689 quia
2585 4622 2859 4674 rnanileSte
2905 4625 2954 4674 in
2996 4622 3075 4674 his
3106 4623 3196 4674 tibi
3241 4634 3452 4675 contra-

1948 4693 2105 4742 icuut.
2153 4689 2254 4743 Sed
2291 4689 2426 4743 sicut
2449 4691 2685 4756 superbia
2729 4705 2898 4742 earum
2939 4693 3023 4755 qui
3068 4691 3280 4743 oderunt
3317 4703 3363 4743 te
3404 4693 3455 4743 in

1911 4760 2011 4811 tuis
2040 4775 2233 4826 semper
2274 4758 2521 4825 ascendit,
2560 4759 2609 4812 id
2640 4769 2739 4821 est,
2780 4761 2942 4826 aitagis
2990 4770 3042 4812 et
3083 4761 3247 4826 magis
3285 4774 3447 4826 auge—

1911 4836 2015 4889 tur,
2051 4831 2118 4880 ita
2148 4843 2177 4879 e
2201 4841 2383 4879 contra
2413 4829 2632 4880 vindicta
2660 4838 2742 4879 tua
2775 4839 3044 4894 augeatur.

1981 4900 2073 4949 list
2098 4907 2148 4948 et
2178 4898 2276 4947 alia
2310 4899 2462 4950 lectio
2508 4898 2559 4948 in
2613 4897 2712 4948 hoc
2767 4901 2964 4961 psalmo
3013 4912 3042 4948 a
3075 4897 3356 4963 principio,
3409 4905 3449 4949 si

1907 4966 2020 5031 quis
2053 4980 2152 5016 non
2185 4966 2537 5024 historialem,
2572 4963 2663 5016 sed
2693 4965 2964 5018 mortalem
3011 4968 3217 5019 insistat
3244 4968 3453 5020 destru-

1907 5036 2136 5087 CIionem
2169 5050 2263 5098 per
2292 5035 2429 5086 illam
2482 5033 2850 5101 signiﬁcatam,
2882 5049 2934 5087 et
2973 5033 3114 5087 dicat
3144 5035 3262 5102 quia
3293 5039 3420 5088 intel
3446 5067 3452 5073 -

1907 5103 2072 5168 ligens
2117 5103 2332 5168 Asapb,
2384 5103 2433 5155 id
2471 5115 2594 5170 est,
2650 5104 2903 5169 propheta
2954 5105 3194 5170 deplorat
3247 5107 3298 5158 in
3355 5106 3454 5157 hoc

1911 5174 2108 5235 psalmo
2140 5176 2432 5224 excitatem
2461 5168 2783 5236 Iudaeorum,
2833 5176 2920 5239 qui
2963 5168 3168 5238 tempus
3200 5176 3452 5227 visitatio-

1907 5255 1987 5292 tns
2028 5257 2059 5292 ιι
2085 5259 2128 5291 »ιι
2169 5252 2502 5302 averterunt,
2542 5240 2607 5292 ad
2646 5240 3061 5294 convincendam
3094 5243 3341 5294 duritiam
3370 5258 3457 5295 eo-

1909 5326 2044 5373 rum,
2092 5311 2329 5377 scittcet,
2371 5320 2422 5362 ut
2478 5313 2520 5363 si
2569 5311 2863 5376 praecedere
2913 5314 3214 5376 noluerunt,
3264 5314 3454 5363 saItem

1909 5391 2180 5445 postquam
2225 5381 2442 5445 pOpulus
2472 5381 2614 5445 prius
2644 5381 2936 5446 incognitus
2959 5382 3144 5441 servit,
3173 5395 3264 5444 per
3295 5395 3456 5433 temu-

1908 5445 2154 5498 Iatiottem
2205 5448 2437 5510 adducti,
2488 5445 2781 5514 sequantur,
2818 5449 2904 5512 qui
2950 5451 3232 5511 praecessit.
3291 5451 3353 5501 Ει
3383 5451 3460 5501 ita

1905 5517 2066 5568 dicit:
2108 5521 2150 5568 υ
2182 5517 2334 5581 Dens,
2367 5528 2418 5569 ut
2455 5519 2577 5585 quid
2617 5532 2709 5568 nos
2733 5517 2958 5585 repuliin
2984 5516 3298 5570 excmndo
3339 5530 3454 5577 nos,

1911 5596 1964 5634 ut
1995 5603 2095 5636 non
2126 5584 2489 5640 averteremus
2519 5599 2723 5652 tempus
2750 5584 3102 5637 visitatiouis?
3133 5587 3380 5652 HepultSti
3406 5589 3459 5637 in

1907 5653 2090 5721 ﬁnem,
2142 5657 2374 5716 scilicet,
2418 5657 2468 5707 in
2524 5657 2676 5707 linem
2733 5656 2918 5716 illum,
2966 5654 3177 5722 quando
3218 5656 3456 5721 reliquiae

1906 5725 2064 5775 salvae
2094 5737 2264 5776 erunt.
2298 5724 2387 5776 Vel
2431 5727 2480 5776 in
2509 5727 2664 5776 linem
2691 5727 3022 5789 repulsionis,
3069 5724 3120 5776 id
3151 5735 3249 5786 est,
3283 5725 3452 5776 omni~

1910 5793 2059 5846 mode
2100 5794 2439 5862 repulsioue?
2471 5793 2658 5860 Utique
2682 5807 2804 5860 non,
2847 5796 2966 5859 quia
2996 5795 3139 5860 [uror
3165 5805 3281 5846 tuus
3311 5791 3451 5845 habi-
