3898 6226
203 386 305 439 885

866 381 928 435 IN
966 381 1372 438 PSALLIORUM
1413 377 1660 434 LIBRUM
1699 373 2052 430 EXEGESIS.
2093 405 2158 416 ——
2201 372 2436 431 PSALlI.
2480 371 2685 429 LXXV.

3273 370 3372 426 886

206 505 306 555 tes,
340 507 444 545 non
491 489 628 554 quod
669 487 912 544 omnibus
952 491 1061 543 sint
1101 488 1445 542 observanti?
1477 487 1730 546 carnales,
1765 488 1807 542 Α
1839 492 1887 555 ct
1921 484 2037 555 ideo
2078 501 2178 555 non
2228 485 2514 555 glorientur
2557 485 2807 555 amplius,
2841 485 2998 555 quod
3025 486 3075 537 in
3110 484 3184 535 cis
3214 495 3370 555 notus

205 565 294 614 sed
325 561 459 614 sicut
506 560 601 622 illi,
633 558 719 624 qui
765 558 818 610 iu
863 558 1209 621 oluscrvautiis
1237 558 1338 610 illis
1385 557 1734 614 delectantur,

204 632 355 695 quasi
403 629 466 682 de
497 627 621 680 faece
669 627 884 679 bibunt:
917 626 988 679 ita
1014 641 1336 695 quaecunque
1384 626 1435 676 in
1474 624 1740 695 aliquibus

205 692 504 752 carnalibus
531 696 871 764 delectantur,
903 701 1048 760 quasi
1095 693 1362 764 cujusdam
1400 696 1540 764 l'.e_cis
1582 692 1741 764 parti-

205 767 351 832 cipes
382 775 522 819 sunt.
562 763 666 831 Ego
691 774 852 815 autem
881 776 928 814 et
961 764 1061 816 mei
1089 764 1106 830 (
1130 759 1278 830 quasi
1304 761 1478 828 dicat)
1510 765 1570 813 de
1613 759 1743 832 Ecce

205 831 292 890 illa
327 849 431 887 non
462 834 720 888 bibemus.
755 832 842 884 Vel
883 833 1169 885 secundum
1211 833 1414 896 priores
1449 831 1742 882 sententias

205 904 390 958 dicem
413 918 428 956 :
454 901 560 970 Ego
579 911 744 953 autem
767 911 818 952 et
839 902 938 952 mei
962 914 1195 952 seorsum
1222 901 1477 960 bibemus,
1497 898 1615 964 quia
1643 912 1742 1019 εεὲ

207 974 515 1019 ωιιιιιιιιὶαιιο
543 981 593 1019 et
621 972 774 1019 dictis
799 979 851 1019 et
893 969 1042 1019 factis
1070 971 1118 1019 in
1151 984 1234 1019 me
1258 977 1310 1019 et
1340 969 1389 1019 in
1423 972 1572 1019 meis.
1602 981 1704 1019 auo

207 969 515 1025 enituntiabo
543 981 593 1023 ct
621 972 774 1021 dictis
799 979 851 1022 et
893 969 1042 1020 factis
1070 971 1118 1020 in
1151 984 1234 1022 me
1258 977 1310 1021 et
1340 969 1389 1020 in
1423 972 1572 1027 meis,
1602 981 1704 1032 quo

209 1039 619 1092 annuntiandum
651 1048 728 1090 e-t
759 1038 809 1088 in
839 1039 929 1089 hoc
961 1050 1192 1102 przesens
1221 1037 1479 1090 stcculum.
1525 1037 1589 1088 Et
1621 1048 1738 1084 lan-

208 1111 329 1162 dem
374 1124 496 1163 vere
527 1106 736 1159 cantabo
763 1107 863 1162 Deo
885 1104 1062 1168 Iacob,
1095 1107 1142 1157 id
1170 1117 1270 1170 est,
1305 1107 1410 1157 Deo
1440 1104 1746 1168 posterioris

209 1177 410 1246 populi.
440 1175 581 1230 Beati
611 1176 777 1246 enim,
822 1178 904 1246 qui
947 1175 1170 1246 habitant
1197 1176 1256 1246 in
1298 1174 1446 1225 domo
1487 1184 1591 1246 tua,
1641 1171 1744 1222 Do-

209 1241 364 1308 inine,
411 1248 461 1297 in
508 1245 693 1297 stecula
745 1241 1036 1296 steculorum
1085 1243 1359 1295 laudabunt
1405 1253 1472 1295 te.
1527 1241 1588 1296 Et
1626 1251 1749 1294 tunc

208 1317 524 1382 contringam
550 1314 716 1365 omnia
757 1327 948 1365 cornua
975 1322 1310 1378 peccatorum,
1344 1311 1394 1365 id
1437 1320 1540 1374 est,
1569 1321 1747 1382 conte-

211 1378 325 1435 ram
355 1378 430 1434 ρι’
457 1382 759 1434 annihilabo
804 1396 1011 1434 omnem
1051 1382 1332 1434 elationem
1379 1387 1434 1432 et
1461 1378 1746 1442 potentiam

208 1462 566 1518 peccatorum,
597 1459 650 1504 et
678 1464 767 1516 per
789 1464 875 1502 me
895 1459 948 1502 et
973 1465 1063 1514 per
1088 1464 1254 1502 meus.
1282 1449 1590 1501 Judicabunt
1615 1448 1748 1499 enim

205 1517 372 1573 sancti
408 1521 653 1581 nationes,
696 1528 743 1570 et
790 1517 1200 1587 dominabuntur_
1235 1519 1472 1587 populis,
1499 1518 1561 1569 Et
1595 1524 1750 1587 extra

207 1604 402 1644 cornua
423 1590 570 1657 justi,
604 1586 652 1657 id
680 1596 782 1651 est,
818 1588 1039 1657 virtutes
1081 1597 1132 1640 et
1173 1583 1309 1638 doua
1349 1584 1639 1657 spiritualia
1665 1583 1751 1650 ju-

206 1654 434 1711 ειοι-ιιιιι⁷
467 1656 854 1717 mltabuntur,
897 1654 1020 1724 quia
1070 1664 1269 1709 aeterna
1315 1655 1479 1724 gloria
1528 1666 1751 1706 corona-

208 1728 425 1779 Intutur.

646 1793 709 1850 ΙΝ
748 1792 1067 1849 PSALMUM
1107 1790 1310 1847 LXXV.

207 1884 266 1935 In
300 1883 456 1935 linem
507 1883 556 1936 in
609 1882 1116 2005 laudibusAPsalmus
1157 1882 1357 1949 Asaph,
1400 1881 1660 1934 canticum
1689 1880 1753 1933 ad

897 1964 1118 2005 ἐδιτιοι

897 1964 1118 2020 asyrtos.

787 2053 1155 2095 ARGUIENTUM.

282 2133 352 2188 Ut
377 2147 555 2201 supra.
586 2132 752 2186 Aliter
779 2147 879 2186 vos
924 2131 1175 2186 Ecclesia
1204 2131 1270 2184 ad
1296 2129 1583 2184 Christum.

807 2236 1156 2278 ειριι-Μτιο.

294 2319 486 2386 Assyrii
510 2318 787 2388 dirigentes
817 2317 1224 2388 interpretantur,
1249 2316 1330 2388 qui
1345 2317 1459 2388 jam
1478 2315 1559 2379 βά.
1578 2315 1599 2388 i
1611 2330 1763 2388 rego-

211 2389 277 2441 lis
297 2382 433 2441 docti
451 2392 598 2442 rectis
612 2382 806 2442 sentitis
823 2385 1074 2438 ambulare
1092 2385 1394 2436 contendunt
1409 2398 1427 2435 :
1441 2387 1529 2435 hos
1548 2382 1760 2448 alloqui-

212 2467 299 2506 tur
331 2459 500 2524 Asaplt
530 2460 701 2510 laudes
734 2455 936 2509 Domini
960 2453 1176 2524 mirabili
1205 2454 1442 2506 varietate
1467 2457 1757 2524 decantatis.

224 2522 445 2586 Quidam
473 2527 666 2580 codices
692 2525 868 2577 habent
896 2540 914 2576 :
933 2523 1204 2576 Canticum
1248 2531 1430 2575 contra
1463 2522 1755 2590 Assyrium,

214 2595 302 2645 ubi
348 2595 644 2653 intelliqitur
689 2603 860 2645 contra
905 2592 1160 2644 diabolum
1208 2591 1456 2653 psalmum
1496 2589 1627 2643 hunc
1672 2591 1764 2644 sub

214 2679 433 2730 persona
481 2657 818 2716 Sennacherib
863 2663 990 2731 regis
1037 2662 1228 2731 Assyrii
1267 2657 1764 2731 captatumuContra

217 2726 338 2783 eum
365 2737 495 2784 enim
524 2740 668 2785 notus
698 2731 857 2796 factus
885 2726 958 2780 eit
996 2734 1046 2781 in
1086 2726 1271 2780 ludam
1303 2727 1433 2781 Deus
1462 2729 1515 2778 in
1541 2726 1761 2791 Christo,

218 2801 468 2852 mutillum
499 2800 772 2853 concilians
808 2799 919 2850 sibi.
951 2797 1119 2864 Αωρή
1157 2798 1208 2849 in
1244 2798 1406 2865 prima
1447 2807 1588 2865 parte
1627 2796 1765 2848 diri-

218 2814 468 2852 mttnanm
499 2814 772 2853 concmans
808 2814 919 2850 sint.
951 2814 1119 2864 asapn
1157 2814 1208 2849 ιη
1279 2814 1406 2848 rima
1447 2814 1588 2865 parte
1627 2814 1763 2848 am-

218 2881 424 2938 gentes,
473 2870 530 2922 id
576 2879 666 2938 est,
710 2869 878 2938 ﬁdeles
911 2814 1459 2938 alloquitunfiidoeos,
1494 2866 1763 2938 designans

218 2933 309 2989 ibi
351 2953 532 2990 nomen
583 2933 787 2990 Domini
833 2933 1031 3003 [actum
1060 2936 1121 2987 sit
1162 2935 1396 2986 virtutum
1427 2933 1764 2986 declarations

217 3005 556 3060 notissimum.
587 3006 824 3061 Secunda
851 3004 973 3056 dicit
1017 3003 1339 3071 admiranda,
1376 3017 1489 3071 qua
1538 3005 1759 3071 gesserit.

219 3073 398 3128 Tertia
428 3091 597 3129 omnes
638 3076 840 3129 devotos
877 3075 1131 3135 admonet,
1180 3081 1230 3123 ut
1273 3070 1622 3124 Deo'terribili
1647 3088 1760 3124 mu-

1838 553 1904 603 sit
1935 553 2087 603 Deus.
2138 553 2260 605 Item
2295 570 2446 605 verus
2474 553 2686 606 Iudaeus
2715 563 2795 606 est
2837 569 2940 605 non
2989 554 3038 606 in
3070 553 3370 611 manifesto,

1838 624 1928 673 sed
1980 623 2028 672 in
2076 623 2322 683 οεοιιΙιυς
2375 638 2474 673 non
2528 623 2579 674 in
2612 621 3016 676 circumcisione
3041 623 3232 684 carnis,
3275 623 3377 673 sed

1839 690 2043 752 enrdis;
2094 706 2194 742 non
2247 691 2293 742 in
2347 693 2538 752 littera,
2585 692 2678 744 sed
2720 694 2768 742 in
2797 692 3007 759 spiritu.
3047 691 3176 756 Quia
3223 690 3375 742 multi

1840 759 2000 812 sancti
2050 770 2220 825 patres
2261 759 2568 824 habuerunt,
2602 770 2655 813 et
2700 761 3149 814 circumcisionem
3198 759 3372 813 carnis

1843 838 2054 896 propter
2106 829 2268 894 ipsam
2323 828 2474 880 tidem
2504 869 2518 890 ,
2560 844 2585 879 a
2633 829 2820 891 quibus
2865 829 2946 881 isti
2995 828 3374 896 degenerantes

1840 909 2202 966 remanserunt
2232 898 2281 948 in
2308 912 2465 950 carne
2499 896 2690 959 Iudaei,
2731 898 2784 949 in
2814 898 2972 950 corde
2997 911 3122 950 vero
3149 895 3328 966 pagani
3355 910 3372 957 ;

1845 964 1963 1086 isdeo
1986 980 2189 1045 quoque
2210 982 2311 1020 non
2341 967 2630 1034 glorientur
2651 966 2786 1034 quod
2812 967 2908 1019 sibi
2949 977 3100 1019 notus
3123 964 3191 1018 sit
3216 965 3371 1018 Deus.

1887 1043 2091 1086 enititur
2120 1051 2130 1083 :

1887 1043 2091 1097 eqttilur
2120 1051 2130 1083 :

1861 1104 1866 1110 ’
1920 1099 1979 1154 In
2009 1101 2167 1154 Israel
2196 1119 2425 1169 magnum
2452 1119 2568 1156 nom
2589 1120 2628 1154 ιι
2669 1106 2792 1164 eius.
2832 1105 2964 1157 Vere
2992 1105 3130 1155 enim
3163 1103 3210 1154 in
3245 1117 3368 1153 vero

1849 1168 2004 1223 I~rae|
2038 1185 2223 1224 numen
2254 1171 2340 1222 Det
2376 1188 2465 1236 per
2492 1189 2646 1237 opma
2683 1176 2814 1224 bona
2844 1173 3376 1240 magnillcatur.Quis

1847 1248 2023 1292 autem
2051 1241 2116 1292 sit
2147 1256 2296 1292 verus
2328 1240 2501 1301 Isr'icl,
2551 1241 2660 1304 ipse
2697 1243 2743 1293 in
2786 1239 3073 1300 Evangelio
3099 1239 3267 1306 aperit
3293 1239 3371 1288 di-

1847 1323 1970 1360 cens
1997 1325 2009 1360 :
2036 1306 2163 1360 Ecre
2205 1324 2346 1360 uerus
2380 1308 2628 1371 Israelita,
2663 1310 2715 1360 in
2756 1325 2852 1373 quo
2897 1308 3043 1361 dotus
3082 1315 3290 1360 nonest.
3317 1307 3373 1360 Si

1849 1386 2022 1429 autem
2054 1379 2148 1438 ipsi
2174 1377 2338 1430 dolosi
2370 1388 2490 1430 sunt
2516 1386 2568 1431 et
2590 1379 2886 1438 mendaces,
2917 1377 3179 1445 quomodo
3216 1377 3266 1428 in
3296 1378 3374 1428 eis

1852 1460 2040 1496 nomen
2088 1445 2178 1498 Dei
2211 1461 2452 1512 maguum
2477 1448 2598 1500 est?
2637 1446 2816 1500 Judma
2857 1449 2993 1498 enim
3027 1445 3267 1511 caiifessio
3295 1445 3376 1496 iu-

1854 1521 2190 1580 terpretatur,
2237 1513 2395 1567 Israel
2425 1530 2550 1568 vero
2598 1517 2672 1566 vir
2697 1517 2865 1568 videns
2895 1515 3072 1567 Deum.
3103 1514 3168 1566 Et
3195 1523 3249 1565 tu
3280 1512 3377 1565 ali-

1851 1582 1968 1650 quis
1993 1584 2218 1650 quandiu
2265 1592 2470 1650 peccita
2507 1592 2589 1637 tua
2622 1599 2712 1647 per
2737 1583 3082 1635 humilitatem
3115 1598 3216 1634 non
3245 1596 3378 1634 con-

1855 1649 2048 1712 literis,
2097 1649 2320 1718 quodam
2369 1651 2523 1706 modo
2573 1666 2690 1706 cum
2745 1652 2850 1704 Deo
2898 1652 3100 1703 rixaris.
3147 1652 3383 1714 Quanditt

1854 1722 2013 1782 enim,
2046 1720 2180 1784 quod
2232 1721 2336 1773 Deo
2374 1721 2612 1788 displicet
2651 1721 2848 1784 laudas,
2881 1735 3052 1774 unone
3080 1734 3196 1772 cum
3223 1735 3288 1771 eo
3317 1720 3380 1773 Ii-

1790 1819 1830 1878 B
1861 1789 2035 1857 tigas?
2067 1789 2201 1866 Ergo
2238 1788 2458 1878 humilia
2482 1800 2548 1878 Ite
2576 1791 2644 1855 ei,
2677 1802 2728 1869 et
2754 1790 3006 1878 emit-itere
3035 1798 3243 1878 peccata
3274 1798 3379 1868 tua,

1859 1868 1914 1909 et
1941 1866 2059 1910 tunc
2086 1858 2191 1910 cris
2238 1858 2414 1921 Israel,
2446 1858 2495 1910 id
2537 1868 2634 1923 est,
2676 1860 2755 1911 vir
2803 1860 2986 1911 videns
3035 1858 3215 1918 Deum,
3247 1867 3299 1910 et
3337 1860 3380 1910 si

1861 1927 2088 1994 nondum
2130 1940 2191 1978 ex
2239 1929 2431 1991 specie,
2467 1937 2636 1981 tamen
2685 1943 2746 1981 es
2793 1928 2912 1980 llnle.
2968 1927 3030 1980 Et
3070 1928 3204 1979 sicut
3247 1926 3384 1994 prius

1861 1992 2171 2061 displicebas
2195 1997 2241 2047 ei
2271 2011 2362 2062 per
2386 1996 2876 2059 dissimilitmlincm,
2921 1999 2986 2047 ita
3025 2007 3071 2049 et
3104 1992 3380 2060 nnitc‘pla-

1862 2063 2005 2116 cebis
2033 2067 2079 2117 ei
2104 2078 2200 2128 per
2236 2064 2646 2120 similitudinem.
2679 2064 2741 2117 Et
2770 2068 2844 2118 sic
2873 2067 3077 2118 tandem
3110 2064 3193 2116 Iiel
3225 2065 3274 2116 in
3309 2074 3378 2125 te,

1862 2133 1998 2190 ouod
2027 2132 2293 2196 Scriptura
2343 2143 2580 2191 testatur,
2622 2135 2818 2187 scilicet
2866 2135 2917 2185 in
2965 2149 3080 2196 pace
3121 2132 3281 2200 fartus
3308 2142 3381 2184 est

1863 2199 2001 2252 locus
2037 2201 2144 2268 ejus
2173 2216 2191 2252 :
2217 2216 2333 2268 quia
2363 2203 2678 2269 relinquetur
2710 2203 2799 2255 tibi
2834 2202 3045 2261 bellum,
3079 2199 3181 2253 nbn
3211 2201 3382 2252 tamen

1861 2278 2040 2321 contra
2072 2281 2119 2323 te
2165 2269 2215 2322 in
2261 2279 2310 2322 te
2341 2269 2533 2335 ipsum.
2563 2270 2656 2324 sed
2686 2273 2840 2322 etiam
2869 2283 3051 2324 contra
3093 2269 3386 2336 spirituales

1865 2339 2138 2403 nequitias,
2171 2338 2372 2392 scilicet
2399 2350 2451 2391 ut
2479 2340 2523 2392 si
2567 2349 2750 2405 surgat
2798 2340 2847 2393 iu
2879 2349 2929 2392 te
2973 2341 3044 2392 ira
3089 2339 3167 2390 vel
3195 2337 3385 2403 aliquis

1865 2405 2078 2462 illicitos
2110 2418 2297 2463 motus.
2344 2421 2444 2461 non
2489 2407 2591 2462 sint
2633 2408 2862 2462 membra
2911 2417 2994 2460 tua
3039 2409 3381 2460 instrumenta

1865 2475 2148 2536 iniquitatis
2190 2477 2252 2527 ad
2303 2476 2646 2542 iniquitatem,
2679 2479 2763 2543 qui
2813 2487 2893 2530 est
2935 2492 3030 2542 pax
3061 2490 3206 2529 vera.
3251 2473 3381 2527 Vera

1863 2543 2001 2595 enim
2035 2557 2130 2608 pax
2163 2552 2262 2602 est,
2313 2544 2531 2612 litigium
2587 2547 2775 2597 habere
2820 2560 2936 2599 cum
2975 2545 3130 2605 vitiis,
3163 2556 3378 2597 concor-

1863 2612 2001 2665 diam
2038 2626 2157 2664 cum
2189 2612 2418 2664 moribus
2446 2612 2673 2678 optimis.
2706 2612 2772 2666 Et
2801 2614 2849 2666 in
2893 2616 2990 2668 hac
3029 2614 3114 2666 tali
3148 2627 3272 2680 pace
3298 2619 3381 2666 est

1863 2680 2010 2733 locus
2037 2680 2172 2747 ejus,
2202 2682 2318 2747 quia
2361 2681 2542 2734 incolit
2585 2682 2719 2735 Deus
2748 2683 2894 2738 tales.
2929 2682 3178 2734 llabitatia
3206 2690 3377 2734 autem

1863 2751 1989 2813 ejus,
2021 2749 2070 2819 id
2120 2760 2219 2812 est,
2250 2759 2424 2802 certus
2468 2750 2611 2803 locus
2645 2751 2777 2818 ejus,
2817 2751 2954 2819 quod
2999 2766 3092 2819 per
3132 2751 3383 2816 habitare,

1865 2819 2001 2883 quod
2043 2817 2476 2885 frequentativum
2507 2829 2608 2879 est,
2640 2817 2862 2884 natatur,
2887 2830 2966 2874 est
2987 2817 3036 2870 in
3068 2818 3211 2879 Sion,
3241 2819 3382 2882 juxta

1865 2886 2031 2956 illud:
2070 2884 2333 2940 Venicnnts
2368 2897 2413 2940 et
2457 2888 2757 2941 mansionem
2794 2888 2928 2954 apud
2973 2903 3086 2942 eum
3129 2888 3383 2956 faciemus.

1868 2954 2020 3010 Venit
2047 2957 2185 3010 enim
2221 2956 2354 3010 Deus
2395 2956 2461 3024 ad
2488 2959 2675 3010 multos
2701 2971 2792 3024 per
2818 2957 2969 3010 lldem
3008 2964 3063 3010 et
3099 2954 3386 3010 confessio-

1867 3040 2009 3091 nem,
2048 3025 2140 3079 sed
2189 3042 2291 3082 non
2332 3026 2399 3079 ibi
2441 3023 2562 3079 facit
2600 3023 2963 3080 mausinuem:
3005 3025 3123 3092 quia
3161 3024 3226 3078 ad
3255 3033 3388 3076 tem-

1870 3107 1965 3157 pus
1992 3095 2230 3156 credam,
2262 3105 2316 3147 et
2356 3097 2406 3149 in
2440 3105 2672 3161 tempore
2702 3095 3001 3149 teutationis
3032 3095 3304 3148 recedunt.
3331 3093 3386 3145 Iu

219 3159 346 3233 nera
396 3142 579 3223 offerre
618 3159 730 3233 Jnott
781 3144 1185 3233 ιίιιὶιιιςξι..‹ιιιωΔ
1213 3140 1753 3233 spiritamdprinci'pum

1867 3140 1994 3216 gion
2029 3140 2252 3223 ve'ro','i'd
2282 3140 2382 3224 est,
2428 3140 2489 3216 iii
2521 3140 2644 3233 illis,
2675 3164 2760 3230 qni
2792 3140 3388 3233 ⁷ιῖοειῖξιοῖιιιῖι(ρηιιιιιι-

219 3211 441 3266 salutari
472 3213 810 3265 emendatione
835 3209 1088 3279 puriﬁcat,
1114 3209 1420 3278 qu‘tcpartes
1448 3209 1759 3278 diapsalma-

217 3291 328 3332 tam
360 3286 474 3334 sunt
515 3282 887 3350 interpositione
913 3281 1103 3332 divisa.

789 3382 1207 3422 COIIENTARIUS.

298 3459 466 3512 Notus
511 3462 560 3512 in
589 3458 770 3513 Jsdtea
799 3459 950 3512 Deus.
989 3458 1190 3511 Titulus
1232 3465 1311 3509 est
1338 3457 1486 3510 talis:
1524 3455 1585 3509 In
1613 3458 1764 3524 finem

220 3531 278 3582 in
303 3529 567 3592 laudibus,
609 3533 828 3598 psalmus
876 3529 1069 3593 Asaplt,
1120 3529 1368 3579 canticum
1412 3527 1479 3578 ad
1510 3527 1760 3598 Assyrios.

224 3598 356 3651 l'lmc
385 3598 542 3649 verba
585 3595 880 3649 referuntur
900 3598 956 3649 in
993 3598 1168 3655 ﬁtiem.
1196 3605 1248 3649 et
1275 3602 1397 3647 sunt
1423 3595 1652 3661 psalmus
1674 3603 1764 3646 at-

223 3668 459 3718 tributus
487 3665 680 3727 Asapb,
715 3666 763 3717 id
809 3678 911 3728 est,
955 3665 1216 3732 prioribus
1247 3663 1505 3728 ﬁdelibus,
1538 3663 1762 3716 volenti-

226 3737 332 3788 bus
363 3749 542 3786 secum
569 3735 818 3799 culligere
844 3734 976 3787 alios
1009 3734 1075 3787 de
1107 3736 1297 3800 populo
1323 3747 1441 3794 suo,
1467 3747 1598 3800 quos
1627 3746 1761 3800 prte-

223 3805 476 3856 viderunt
544 3805 838 3865 superbos,
888 3811 941 3855 et
1011 3802 1156 3854 dune
1209 3802 1426 3855 cervicis
1476 3802 1604 3854 lore.
1661 3802 1760 3867 Qui

223 3871 466 3939 psalmus
505 3868 838 3939 accipiendos
885 3877 972 3939 est
1012 3875 1064 3922 in
1109 3869 1371 3936 laudibus,
1404 3871 1524 3938 quia
1572 3884 1758 3936 magna

223 3938 353 3993 vere
385 3939 476 3992 Dei
523 3938 635 3990 laus
663 3949 763 4001 est,
794 3939 931 4007 quod
965 3938 1189 3991 humiles
1216 3940 1446 4004 respicit,
1479 3947 1532 3990 et
1575 3953 1759 4005 supero

224 4023 328 4063 nos
365 4009 670 4060 contemnit.
700 4009 848 4073 Quod
876 4018 1082 4060 notatur
1112 4008 1161 4060 in
1199 4007 1298 4063 hoc
1325 4009 1540 4076 psalmo,
1587 4016 1638 4059 et
1678 4017 1759 4061 est

221 4076 513 4141 canticum,
529 4076 649 4142 quia
667 4091 785 4129 cum
807 4077 1151 4130 exsultatione
1166 4086 1219 4130 et
1231 4076 1553 4144 jucunditate
1574 4089 1757 4144 magna

221 4149 408 4223 cantat
454 4145 552 4223 hoc
591 4144 767 4223 Asaph
794 4145 886 4223 “ad
930 4148 1189 4223 Assyrios.
1241 4147 1436 4213 Assyrii
1494 4145 1592 4223 diri
1595 4155 1757 4223 lentes

223 4215 660 4278 interpretantur.
695 4213 758 4265 Et
794 4213 864 4265 illi
907 4227 967 4283 se
996 4213 1219 4282 dirigere
1262 4223 1461 4283 putant,
1491 4216 1575 4281 qui
1596 4215 1756 4283 justi-

221 4285 351 4336 tiam
381 4299 520 4334 suam
551 4293 765 4352 statuere
791 4281 1035 4352 volebant,
1077 4280 1123 4337 ei
1153 4280 1362 4352 justitlaz
1400 4280 1493 4335 Dei
1529 4280 1626 4352 non
1653 4296 1757 4334 esse

222 4351 462 4421 subjecti,
494 4363 545 4403 et
586 4349 673 4418 qui
709 4364 809 4404 non
835 4351 902 4404 de
942 4366 998 4405 re
1019 4349 1394 4420 gloriabantur,
1435 4352 1527 4404 sed
1558 4350 1642 4421 de,
1664 4366 1755 4421 tio-

223 4419 396 4473 ntiue.
427 4419 599 4487 Quare
630 4421 1059 4489 limcicautantur,
1089 4431 1145 4474 ut
1168 4423 1273 4474 sint
1312 4422 1406 4473 viri
1449 4420 1669 4489 Assyrii,
1697 4420 1748 4473 id

1867 3233 1958 3295 tia,
1988 3239 2041 3283 ct
2066 3235 2486 3296 contemplemur
2515 3231 2705 3295 futura,
2738 3248 2859 3285 vere
2898 3231 3020 3288 facit
3045 3233 3387 3295 mansionem,

1864 3302 1982 3370 quia
2013 3309 2285 3368 permanet
2314 3302 2364 3354 in
2407 3302 2501 3354 eis.
2531 3301 2631 3354 Fac
2655 3316 2777 3370 erga
2824 3311 2877 3354 tu
2916 3300 3102 3368 aliquis
3140 3310 3191 3355 te
3220 3300 3388 3367 ipsum

1865 3369 1914 3421 in
1940 3369 2090 3434 Sion,
2119 3381 2171 3422 et
2191 3374 2298 3424 eris
2323 3372 2437 3436 ejus
2463 3371 2727 3423 habitatio.

1932 3436 2012 3490 Ibi
2039 3440 2296 3507 confregit.
2329 3439 2465 3493 Ecce
2511 3439 2652 3507 signa
2699 3438 3033 3492 habitationis
3061 3438 3193 3504 ejus.
3224 3439 3382 3502 Quasi

1861 3503 2039 3575 dicat:
2075 3503 2228 3561 γένθ’
2247 3507 2444 3562 habitat
2488 3508 2539 3560 in
2562 3503 2716 3562 Sion.
2764 3509 2890 3560 Nam
2932 3508 2997 3559 ibi
3041 3503 3302 3575 confregit,
3331 3508 3383 3561 id

1861 3582 1961 3645 est,
1989 3572 2279 3628 humiliavit
2324 3578 2588 3644 potentias.
2628 3579 2688 3628 Et
2734 3575 3006 3643 exequitur
3047 3572 3159 3629 illas
3205 3572 3384 3645 puteu-

1862 3641 1978 3705 tias,
2019 3645 2216 3713 scilicet
2263 3641 2513 3713 confregit
2557 3645 2627 3696 ibi
2677 3641 2868 3705 arcum,
2921 3647 2968 3697 id
3000 3657 3099 3711 est,
3131 3641 3386 3699 occultam

1859 3712 2352 3775 contradictionem,
2387 3712 2678 3775 et’scutum,
2725 3713 2775 3766 id
2822 3725 2922 3777 est,
2963 3731 3107 3766 value
3137 3730 3381 3780 prauum-

1862 3781 2054 3847 ptiotuis
2079 3783 2468 3847 protectionem,
2500 3791 2553 3836 et
2581 3783 2818 3850 gladium.
2848 3786 2895 3834 id
2926 3794 3026 3846 est,
3057 3783 3381 3836 manilcsnam

1862 3851 2325 3919 impugnationem,
2355 3861 2401 3904 et
2428 3866 2504 3904 sic
2543 3865 2698 3904 omne
2727 3851 2926 3902 bellum.

1930 3936 2228 3993 Illuminons
2276 3951 2328 3993 tu
2365 3940 2674 3993 mirabiliter.
2706 3938 2853 3992 Facit
2896 3941 3262 4006 apostrophun
3307 3943 3370 3994 ad

1860 4008 2027 4074 ipsum
2064 4011 2246 4070 lleiun,
2276 4018 2328 4063 et
2350 4010 2423 4061 Tu
2454 4021 2532 4062 est
2561 4011 2830 4076 magnifice
2856 4008 3192 4063 el'l'crendum.
3218 4010 3375 4075 Quasi

1857 4078 1995 4132 dicat
2019 4095 2030 4130 :
2058 4077 2132 4131 'l‘u
2167 4077 2320 4143 Deus,
2347 4085 2432 4147 qui
2485 4080 2534 4133 in
2575 4077 2751 4132 ludas
2795 4087 2947 4130 natus
2976 4093 3053 4142 es,
3082 4091 3129 4131 et
3163 4094 3378 4146 magnus

1860 4148 1919 4217 in,
1958 4148 2133 4201 Israel.
2165 4147 2243 4217 'I'u
2283 4151 2367 4217 qui
2410 4150 2555 4203 solus
2605 4162 2696 4216 per
2727 4158 2777 4200 te
2803 4162 2880 4212 es,
2914 4150 3027 4201 sine
3063 4163 3164 4214 quo
3213 4151 3381 4203 nullus

1855 4215 1988 4268 alius
2045 4225 2146 4282 est,
2194 4215 2409 4270 deberet
2459 4215 2635 4270 diccre
2685 4217 2995 4268 :Terribilis
3043 4217 3242 4269 futurus
3285 4233 3382 4281 es,

1856 4287 1992 4353 quod
2035 4287 2291 4351 posterius
2327 4288 2579 4353 sequitur,
2621 4285 2711 4336 sed
2744 4287 3005 4348 pratumtit
3039 4287 3177 4350 prius
3207 4290 3376 4339 humi-

1856 4352 2052 4406 Iuatem
2098 4353 2230 4420 ejus,
2261 4351 2441 4406 dicens
2468 4371 2479 4404 ι
2510 4351 2586 4405 Tu
2622 4368 2673 4404 es
2719 4353 3006 4406 itluminans
3053 4370 3086 4405 a
3133 4357 3377 4408 montibus

1856 4422 2073 4474 internis.
2107 4423 2304 4475 ﬂentes
2359 4434 2582 4476 alternos
2628 4430 2776 4474 vocat
2820 4424 3105 4490 apostolos,
3141 4437 3270 4489 quos
3297 4425 3377 4477 sol

223 4470 334 4554 Esi,
352 4470 702 4557 'ut'iere—non
723 4470 950 4539 uisione
978 4470 1304 4556 mantat.
1325 4470 1572 4557 niuea:
1587 4470 1748 4543 ἤι’ἁὸ
1785 4470 1830 4528 Ι)
1851 4470 2071 4557 ἶιιξιίιῖᾏίζ
2089 4470 2546 4557 natiuitatis;
2559 4470 2776 4544 sum};
2796 4470 3370 4545 οῖιὲἶῖιᾞῖἑιιιῖιῖιῖίεῖιῖζ

224 4570 328 4610 sua
372 4556 567 4620 iustitia
619 4569 722 4608 non
747 4565 1117 4677 Jiriesumant,
1160 4555 1250 4610 sed
1292 4557 1503 4624 justitite
1549 4555 1638 4610 Dei
1688 4571 1747 4611 se

224 4622 516 4677 subiiciam
539 4639 550 4673 :
577 4630 630 4677 et
658 4624 742 4677 aui
813 4626 881 4677 sit
907 4640 1026 4677 vera
1055 4625 1254 4677 indm.
1283 4635 1338 4677 et
1376 4641 1527 4677 verus
1566 4624 1746 4677 Israel.

224 4622 550 4693 subjiciunt:
577 4630 630 4677 et
658 4622 778 4690 quid
813 4626 881 4677 sit
907 4640 1026 4677 vera
1055 4625 1254 4689 iud-aea,
1283 4622 1338 4679 et
1376 4641 1527 4678 verus
1566 4624 1746 4692 Israel,

225 4692 530 4764 attendant,
547 4703 599 4745 et
619 4706 677 4747 se
698 4695 830 4746 tales
857 4693 1157 4764 exhibeant,
1180 4696 1392 4764 qnignnn
1421 4694 1547 4747 falso
1568 4695 1634 4747 de
1656 4709 1748 4764 no-

227 4763 402 4833 mine,
430 4765 528 4833 sed
567 4775 689 4815 vere
718 4764 783 4816 de
828 4775 882 4814 re
911 4763 1217 4833 glorientur.
1264 4763 1446 4817 Solent
1489 4763 1753 4833 enitI_t_i_n_i-

227 4832 352 4885 mitti
389 4832 588 4882 Domini
636 4833 878 4884 omnibus
915 4827 1024 4882 noti
1065 4832 1252 4895 .lndzei,
1287 4834 1510 4884 maxime
1558 4827 1752 4886 iit—hoc

230 4901 438 4970 psalmo
467 4899 699 4970 gloriari,
721 4911 769 4953 et
817 4900 1054 4969 gentibus
1083 4901 1350 4962 insultare,
1376 4901 1521 4967 quasi
1564 4903 1639 4952 eis
1666 4914 1754 4954 so-

229 4966 300 5025 Iis
329 4966 486 5021 nouus
506 4966 573 5019 sit
596 4967 748 5032 Deus,
776 4966 832 5023 et
853 4971 1006 5022 nullis
1030 4970 1164 5031 aliis,
1185 4966 1595 5037 quandoquidem
1628 4970 1752 5022 Pro-

232 5039 394 5106 pheta
442 5045 583 5088 tanto
621 5040 742 5106 ante
789 5046 1022 5105 tempore
1063 5039 1231 5091 disit:
1267 5037 1428 5089 Notus
1474 5039 1525 5090 in
1573 5037 1755 5092 ludam

231 5104 400 5173 Deus,
417 5115 517 5158 ctc.
533 5106 636 5177 _Sed
656 5104 1000 5166 siattendant,
1019 5110 1212 5175 quaesit
1228 5123 1348 5163 vera
1364 5106 1557 5169 Judaea,
1576 5119 1627 5160 et
1641 5109 1756 5177 quis

231 5181 308 5230 sit
338 5189 496 5229 verus
523 5175 752 5244 Judaaus,
780 5178 1113 5232 concedimus
1139 5179 1238 5240 eis,
1267 5177 1403 5244 quod
1431 5191 1553 5229 vere
1575 5181 1624 5230 in
1647 5175 1756 5230 sola

232 5245 417 5299 Judaaa
449 5256 601 5298 notus
629 5242 695 5295 sit
727 5243 881 5297 Deus.
921 5244 1052 5298 Vera
1080 5247 1218 5299 enim
1245 5242 1419 5300 Judwa
1447 5252 1526 5299 est
1565 5246 1755 5298 (.hristi

236 5314 494 5383 Ecclesia,
526 5313 744 5366 credens
784 5312 835 5364 in
874 5327 991 5366 eum
1035 5328 1229 5383 regem,
1252 5331 1336 5383 qui
1363 5315 1499 5368 venit
1526 5314 1591 5367 de
1623 5315 1758 5367 tribu

229 5382 371 5438 Juda
406 5398 498 5448 per
528 5383 739 5435 Mariam
777 5382 1152 5451 virginemrﬁe
1182 5399 1284 5451 quo
1311 5384 1586 5449 Apostolus
1624 5385 1758 5437 scri-

233 5451 373 5505 bens
413 5453 477 5502 ad
507 5451 834 5504 Timotheum
871 5449 980 5502 ait:
1015 5449 1211 5504 Memor
1230 5464 1330 5504 esto
1364 5451 1631 5504 Dominum
1668 5451 1757 5504 Je-

232 5536 355 5572 sum
393 5516 646 5573 Christum
674 5521 996 5572 resurrczisse
1017 5537 1046 5570 a
1082 5525 1290 5573 mortuis
1313 5537 1377 5573 ea:
1396 5521 1574 5573 semine
1602 5521 1761 5573 David

235 5587 518 5641 secundum
547 5604 766 5641 carnem.
812 5587 884 5642 De
907 5588 1035 5642 Iuda
1075 5591 1213 5640 enim
1243 5588 1398 5642 David
1426 5603 1478 5642 et
1506 5593 1572 5644 de
1601 5589 1760 5642 David

237 5656 504 5720 Christus,
532 5672 684 5724 quem
718 5657 788 5710 illi
832 5673 1005 5726 regem
1039 5670 1371 5724 negaverunt,
1413 5669 1463 5711 et
1500 5659 1762 5712 Cicsarein

240 5739 424 5791 regem
452 5729 732 5796 ιιοδειυιιι.
775 5728 944 5792 Quare
974 5741 1089 5781 vera
1121 5726 1295 5783 iudica
1337 5741 1453 5782 esse
1477 5728 1762 5794 desierunt,

1853 4561 1914 4612 Et
1956 4573 2046 4626 per
2084 4573 2177 4612 eos
2199 4561 2483 4622 convalles,
2516 4561 2564 4611 id
2592 4569 2690 4621 est,
2723 4561 2852 4612 alios
2883 4559 3154 4613 inferiores
3186 4559 3380 4611 illumi-

1850 4627 2012 4690 navit,
2035 4636 2087 4682 ει
2117 4629 2213 4680 hoc
2236 4630 2564 4689 mirabiliter,
2589 4628 2636 4679 id
2666 4638 2763 4691 est,
2792 4628 2844 4680 in
2875 4629 3191 4681 mirabilibus
3214 4628 3374 4687 signis

1849 4697 2137 4748 doctrinam
2180 4709 2362 4750 eorum
2406 4696 2720 4762 attestando,
2761 4696 2905 4764 juxta
2957 4697 3120 4749 illud:
3159 4695 3374 4749 Domino

1848 4773 2160 4834 coaperante,
2189 4775 2291 4818 etc.
2328 4764 2418 4818 Vel
2446 4764 2732 4818 mirabiliter
2760 4781 2809 4818 tn
2835 4768 2949 4829 hoc,
2974 4766 3090 4834 quia
3121 4767 3245 4818 satis
3273 4767 3370 4817 mi-

1851 4837 2014 4887 rabile
2043 4833 2155 4895 fuit,
2187 4834 2323 4902 quod
2355 4843 2470 4901 post
2494 4844 2692 4888 tantum
2727 4835 2925 4902 lapsum
2960 4833 3093 4888 Deus
3131 4839 3374 4887 misertus

1851 4911 1932 4955 est
1976 4904 2220 4956 hominis.
2271 4904 2370 4966 'I‘u,
2411 4904 2641 4971 inquam.
2689 4904 2985 4956 illuminasti
3030 4919 3060 4957 a
3117 4906 3376 4956 montibus

1851 4973 2083 5033 aeternis,
2135 4981 2187 5025 et
2229 4979 2278 5026 te
2324 4972 2648 5024 illuiniuante
2695 4987 2859 5025 omnes
2896 4973 3180 5040 insipientes
3226 4973 3372 5023 corde

1854 5041 2035 5092 turbati
2061 5050 2193 5092 sunt.
2229 5039 2508 5092 Prtcdicata
2539 5049 2619 5093 est
2646 5041 2783 5093 enim
2823 5041 2926 5095 vita
2955 5052 3151 5096 aeterna
3178 5043 3362 5102 futura,

1854 5119 1905 5162 et
1928 5111 2186 5174 sapientes
2212 5107 2457 5162 excaecati
2498 5119 2653 5162 sunt:
2685 5110 2799 5174 quia
2843 5117 3266 5176 contempserunt
3289 5110 3367 5159 vi-

1857 5189 1961 5230 tam
1989 5186 2320 5242 praesentem,
2353 5189 2406 5231 et
2443 5179 2732 5231 dilexerunt
2769 5175 3089 5247 sequentem.
3118 5175 3366 5244 [nsipien-

1857 5257 1928 5300 tes
1969 5247 2315 5315 veroturbati
2358 5250 2505 5298 corde
2541 5257 2677 5310 sunt,
2715 5248 2850 5312 quod
2903 5250 3066 5315 primo
3093 5247 3371 5311 obstupue-

1859 5324 1998 5375 runt,
2026 5314 2117 5367 sed
2157 5331 2259 5368 non
2289 5326 2408 5366 sunt
2434 5317 2664 5375 esz'itati,
2706 5317 2822 5381 quis
2866 5314 2914 5368 in
2954 5329 3189 5367 somnum
3223 5327 3374 5366 suum

1861 5385 2170 5437 recinerunt.
2221 5385 2443 5438 Somnus
2474 5398 2593 5436 vero
2622 5383 2798 5437 eorum
2827 5394 2905 5436 est
2947 5385 3151 5435 caecitas
3179 5382 3377 5445 cordis,

1860 5464 1912 5506 et
1963 5466 2110 5506 amor
2159 5462 2481 5507 terrenorum
2509 5469 2522 5502 :
2555 5465 2607 5504 et
2655 5452 2748 5518 ipsi
2795 5453 3097 5505 dormierunt
3148 5463 3379 5504 somnum

1862 5535 2026 5583 suum,
2052 5521 2101 5573 id
2138 5531 2238 5586 est,
2282 5520 2587 5589 quieverunt
2622 5533 2674 5574 et
2718 5521 2954 5573 delectati
2992 5530 3112 5572 sunt
3148 5519 3201 5572 in
3248 5519 3380 5573 dilo-

1861 5591 2040 5668 ctione
2074 5599 2416 5668 tergenOrum,
2466 5592 2601 5668 quia.
2639 5597 3046 5668 preposneruut‘
3077 5589 3378 5668 temporalia

1865 5660 2089 5712 tuti-ruis.
2157 5658 2221 5710 Et
2273 5660 2393 5725 quid
2452 5657 2528 5711 eis
2590 5657 2747 5710 inde?
2810 5657 2906 5710 hoc
2958 5658 3192 5722 scilicet,
3241 5658 3378 5724 quod

1870 5726 1988 5796 ipsi,
2026 5726 2114 5796 qui
2165 5735 2285 5783 sunt
2335 5727 2502 5794 viridi,
2551 5727 2826 5782 vitiarunt:
2865 5728 2982 5796 quia
3029 5729 3164 5796 quod
3198 5729 3376 5783 virium
