3898 6226
504 328 608 386 895

965 326 1166 384 ΒΕυΕ
1208 323 1835 381 ἾΕΝΕΒᾹΒΙΙΛΒιΟΡΡ.
1875 320 2050 376 PARS

2189 320 2380 378 SEC’I‘.
2424 320 2487 376 ll.
2528 353 2594 362 —-
2634 309 2836 377 DUBIA
2877 321 2961 376 ET
3003 320 3271 378 SPURIA.

3634 316 3730 372 896

509 442 670 495 Dictis
723 448 772 494 et
815 437 1055 504 scriptis,
1098 437 1234 489 sicut
1274 435 1470 495 Isaias,
1504 444 1553 487 et
1613 432 1700 504 alii
1752 432 2050 499 propheta};
2086 433 2126 485 Α
2159 436 2609 496 interpretatione.
2671 434 2852 486 Posuit
2901 441 3073 485 tamen
3125 434 3206 486 hic
3237 431 3396 486 etiam
3446 447 3561 486 non
3631 449 3720 495 ιρι,

514 511 722 573 quidam
751 503 1395 563 etiam?annuntiavi-ruut
1428 505 1575 556 nobis
1600 503 1759 555 multa
1805 517 1897 570 per
1925 517 2074 558 suam

510 579 920 634 damnationem.

526 683 528 685 ›
591 649 706 701 Non
727 655 839 700 sunt
871 647 1163 698 occultatae
1186 644 1308 712 ﬁliis
1330 661 1518 697 eorum.
1549 642 1706 708 Quasi
1737 642 1874 695 dicat
1903 660 1912 694 :
1945 644 2073 708 Quia

517 720 612 780 ipsi
644 727 969 770 narrat-erunt
997 717 1134 767 nobis
1154 760 1166 771 .
1199 715 1314 765 ideo
1342 731 1438 765 non
1479 727 1591 764 sunt
1622 712 1838 768 occulta.
1865 714 1956 765 sed
1985 726 2076 764 co-

517 790 657 858 gnita
683 803 698 853 ;
729 789 845 850 quia
868 788 1024 858 etiam
1057 785 1311 858 completa
1345 799 1372 834 a
1396 784 1543 837 nobis
1568 783 1688 858 ﬁliis
1713 822 1726 836 .
1761 782 1819 858 id
1847 790 2073 858 e~t,‘po-

520 851 871 913 steris’eorum
908 855 1253 908 existentibus
1280 853 1328 904 in
1365 854 1680 920 generatione
1721 851 1900 903 altera.
1949 852 2074 917 Quae

518 937 600 984 est
643 926 909 994 generatio
939 928 1135 994 altera,
1184 923 1278 994 nisi
1319 924 1518 994 cuit-st
1549 922 1876 994 regeneratin
1904 920 2075 975 facta?

524 990 691 1049 Altei-a
727 1011 950 1063 namque
992 995 1058 1045 de
1092 993 1288 1044 duabus
1335 990 1544 1063 dicitur.
1599 991 1662 1063 Et
1695 991 2072 1063 limerespectu

522 1068 746 1119 carnalis
768 1060 882 1130 quae
907 1065 1174 1130 przercssit
1193 1072 1332 1114 recte
1360 1061 1552 1114 dicitur
1574 1062 1760 1112 altera.
1786 1060 1912 1111 Nota
1934 1062 2073 1127 quod

522 1137 699 1200 Asaph
732 1136 1022 1200 intelligens
1043 1134 1167 1185 dicit
1198 1148 1254 1186 se
1283 1147 1400 1184 csse
1443 1132 1492 1183 iu
1519 1131 1855 1195 generatione
1886 1132 2070 1183 altera.

520 1205 829 1272 Quicunque
859 1219 1081 1272 namque
1111 1203 1176 1256 de
1203 1202 1357 1265 priori
1391 1202 1580 1272 populo
1609 1201 1773 1272 legem
1792 1201 2074 1272 Spirituali-

522 1269 600 1326 ter
624 1269 1077 1328 into-Ilvxertuttiet
1108 1273 1447 1336 impleverunt
1473 1311 1487 1333 ,
1522 1271 1570 1322 in
1617 1269 1711 1322 hac
1735 1284 1925 1337 genera
1955 1271 2073 1325 ioue

522 1345 706 1408 altera,
735 1361 850 1411 qua:
879 1359 1014 1396 nunc
1044 1354 1122 1396 est
1149 1358 1238 1404 per
1264 1342 1436 1411 Iidem,
1469 1340 1696 1395 luerunt.

596 1409 874 1467 Norranm
904 1414 1077 1465 laudes
1106 1412 1328 1463 Domini.
1359 1409 1554 1471 Patres,
1573 1411 1803 1471 inquam,
1830 1425 2072 1462 narrave-

528 1494 642 1534 runt
672 1485 832 1547 nobis,
859 1484 952 1549 ipsi
987 1483 1103 1533 dico
1127 1491 1386 1533 narrantes
1433 1481 1607 1531 laudes
1638 1478 1860 1538 Domini,
1883 1480 1934 1549 EI
1965 1491 2067 1545 est,

533 1554 616 1605 illa
643 1554 692 1605 in
723 1547 908 1618 quibus
932 1553 1117 1602 incriro
1148 1550 1396 1602 Dominus
1425 1549 1713 1600 laudandus
1738 1558 1837 1601 est.
1877 1547 1939 1599 Et
1973 1551 2071 1600 vir-

530 1633 657 1674 tutes
679 1626 804 1686 eius,
830 1622 878 1674 id
901 1632 1000 1682 est,
1019 1622 1136 1674 etin
1159 1621 1346 1687 quibus
1369 1630 1582 1685 apparet
1611 1629 1835 1685 potent:a
1859 1620 1992 1683 ejus,
2018 1626 2071 1671 et

533 1692 785 1744 mirabilia
807 1694 935 1754 eius,
966 1692 1015 1744 id
1043 1701 1142 1751 est,
1174 1699 1226 1740 et
1251 1704 1364 1753 qnzc
1391 1688 1560 1752 digna}
1591 1695 1712 1740 sunt
1739 1688 2065 1740 admiranda.

2178 505 2376 557 scilicet
2402 508 2518 574 quia
2551 519 2707 574 grave
2733 507 2911 569 jngum
2938 545 2951 562 ,
2980 504 3144 562 legem
3203 504 3447 557 videlicet
3481 517 3726 571 peccato.

2178 576 2320 628 ribus
2348 573 2612 640 imposuit.
2650 573 2753 625 Lex
2802 575 2953 630 enim.
2988 580 3040 625 nt
3068 573 3138 623 ait
3164 574 3467 632 ΑιιιιςιοΙιιε,
3516 591 3620 623 που
3672 583 3736 624 (εί

2176 647 2336 710 posita
2369 647 2546 715 justis.
2571 653 2658 698 se!
2692 645 2894 712 iujns'is
2922 686 2936 707 ,
2980 645 3102 711 quia
3127 643 3298 712 justus
3330 660 3432 695 non
3467 645 3573 696 sub
3621 645 3730 710 lege

2175 723 2273 774 est.
2307 719 2398 769 sed
2423 715 2473 768 in
2498 716 2629 779 lege.

2246 786 2445 849 Quanta
2466 785 2973 848 mandovitpatribus.
3002 785 3290 844 Suscilauit,
3318 784 3556 850 inquam,
3596 785 3730 834 testi-

2176 858 2396 907 monium
2423 864 2469 908 et
2507 856 2668 924 posuit
2700 853 2873 924 legent,
2936 853 3068 906 etin
3119 855 3230 920 lege
3275 864 3469 921 quanta
3507 853 3726 912 infinita,

2173 925 2374 978 scilicet
2408 923 2657 977 mandavit
2686 923 2910 994 patribus
2963 924 3165 983 nostris.
3219 924 3268 994 id
3315 935 3421 985 est,
3470 924 3730 994 prioribus

2175 996 2364 1048 nostris
2391 1005 2506 1047 nota
2528 993 2708 1062 facere,
2735 993 2781 1046 id
2801 1003 2901 1051 est.
2922 1002 2975 1045 ut
2994 1003 3112 1046 nota
3131 1010 3192 1046 ea
3208 993 3442 1046 lacerent
3467 993 3590 1060 [iliis
3610 996 3728 1055 suis,

2174 1064 2221 1116 id
2251 1074 2352 1130 est,
2402 1066 2621 1129 posteris
2673 1063 2803 1118 suis.
2859 1064 3075 1128 Quidam
3116 1078 3240 1115 vero
3295 1072 3418 1116 nota
3469 1064 3724 1126 feremut,

2171 1135 2381 1199 quidam
2410 1150 2532 1187 non.
2554 1134 2626 1186 Illi
2650 1147 2873 1199 namque
2893 1134 2978 1200 qui
3004 1132 3345 1198 spiritualiler
3369 1148 3429 1186 ea
3459 1133 3725 1187 intellexe-

2173 1215 2313 1266 runt,
2345 1215 2396 1256 et
2421 1205 2765 1267 impleverunt
2809 1202 2880 1255 illi
2932 1205 3063 1256 bene
3112 1213 3230 1254 nota
3263 1217 3324 1254 ea
3357 1203 3617 1263 fecerunt,
3641 1205 3722 1254 alii

2171 1289 2295 1327 vero
2325 1289 2420 1328 nec
2462 1281 2837 1341 cognoverunt,
2884 1287 2982 1324 nec
3012 1281 3130 1325 nota
3165 1287 3224 1325 ea
3282 1272 3540 1325 fecerunt.
3576 1273 3722 1335 Nota,

2171 1343 2400 1410 inquam,
2423 1342 2667 1406 lacerent,
2686 1343 2750 1396 ad
2769 1343 2867 1395 hoc
2891 1351 2942 1394 ut
2965 1358 3145 1410 genera
3172 1345 3353 1398 altera.
3381 1342 3432 1393 id
3461 1351 3561 1402 est.
3579 1345 3725 1408 spiri-

2171 1414 2284 1466 talis
2329 1423 2612 1481 cognoscat,
2663 1412 2798 1474 quod
2830 1426 2931 1481 non
2977 1413 3219 1476 cognovit
3274 1413 3418 1477 prior
3459 1414 3723 1477 generatio

2167 1480 2406 1536 carnalis.
2431 1483 2490 1535 Et
2519 1493 2575 1534 ut
2601 1483 2829 1534 sciamus
2845 1480 2966 1548 quid
2992 1492 3140 1535 Vocet
3167 1483 3562 1549 generat‘ouem
3589 1484 3718 1534 alte-

2170 1566 2302 1612 ram,
2345 1552 2469 1605 dicit
2501 1569 2512 1603 :
2548 1551 2780 1616 quia'illa
2811 1553 3078 1616 generatio
3099 1562 3246 1604 erunt
3273 1551 3372 1616 ﬁlii
3404 1552 3475 1602 illi
3497 1555 3583 1616 qui
3611 1569 3721 1604 nas-

2166 1631 2361 1682 centur.
2381 1621 2596 1689 nonjam
2612 1620 2971 1687 corporaliter,
2987 1621 3076 1672 sed
3090 1621 3430 1685 spiritualiter
3444 1632 3494 1672 et
3509 1623 3575 1672 ita
3595 1623 3736 1682 quod

2165 1703 2486 1760 exsurgeret,
2506 1692 2553 1744 id
2578 1700 2677 1753 est,
2699 1705 2802 1755 quo
2821 1690 2832 1740 l
2849 1691 3008 1760 corda
3031 1705 3238 1742 sursum
3258 1690 3322 1741 ad
3347 1701 3537 1741 interna
3560 1695 3720 1753 erige-

532 1761 782 1814 lllirahilia
801 1763 915 1814 dico
935 1778 1046 1830 quia
1068 1761 1202 1828 fecit,
1233 1760 1282 1830 id
1311 1767 1409 1816 est.
1429 1774 1544 1825 qua:
1572 1759 1682 1830 ipse
1698 1767 1944 1823 aperatus
1967 1768 2066 1812 est.
2105 1769 2146 1827 Β
2177 1772 2273 1827 ret,
2299 1759 2400 1814 nun
2433 1776 2558 1814 vero
2578 1761 2642 1830 ad
2672 1770 2876 1813 terrena
2933 1759 3087 1811 veluti
3118 1760 3188 1811 illi
3236 1761 3439 1830 priores
3468 1775 3527 1812 sc
3553 1761 3720 1824 depri-

537 1831 784 1882 Eatndt'm
809 1847 917 1884 rem
940 1827 1130 1898 accipit
1156 1844 1245 1896 per
1272 1827 1382 1898 haec
1406 1830 1522 1891 tria,
1545 1828 1772 1898 scilicet,
1797 1829 2073 1898 scrutatio-

537 1916 656 1952 nem
687 1901 969 1953 testimonii
997 1895 1496 1953 ct'cousemuiouem
1544 1897 1695 1964 legis,
1727 1895 1808 1948 vel
1853 1897 2076 1962 positio-

538 1985 678 2030 nem.
708 1969 843 2022 sicut
872 1985 1096 2034 sequens
1129 1982 1307 2020 versus
1340 1966 1524 2018 innuit.
1557 1965 1682 2027 Qune
1714 1967 1794 2019 lex
1826 1965 2077 2021 mirabilis

537 2048 638 2102 est,
671 2039 712 2105 si
739 2054 840 2091 non
863 2039 1146 2091 secnndum
1171 2037 1339 2103 signa,
1363 2037 1452 2088 sed
1475 2037 1760 2089 secundum
1785 2035 2076 2105 signilicata

540 2103 844 2169 accipiatur.
875 2108 928 2160 Et
956 2109 1072 2160 ideo
1095 2109 1248 2160 etiam
1273 2105 1548 2168 mirabilis,
1572 2107 1688 2171 quia
1717 2103 1939 2175 illos'qui
1963 2121 2078 2160 eam

536 2177 780 2242 implent,
804 2179 1068 2232 mirabiles
1101 2178 1239 2230 lacit.

612 2246 674 2299 Et
703 2250 954 2301 suscitavit
979 2249 1310 2300 testimonium
1343 2248 1393 2299 in
1416 2245 1588 2300 Jacob.
1626 2245 1752 2298 Dico
1775 2245 1891 2312 quia
1926 2245 2081 2298 mira-

542 2319 660 2370 bilia
690 2319 832 2377 lecit,
862 2331 911 2370 et
941 2320 1040 2370 hoc
1061 2319 1179 2370 diro
1205 2330 1416 2382 propter
1446 2316 1820 2369 scrutationem
1848 2316 2084 2368 testimo-

540 2387 612 2439 nii
645 2387 693 2439 in
722 2386 904 2448 Jacoh,
948 2398 995 2440 et
1030 2387 1339 2452 ιιοθὶιίιιιιθιιι
1373 2386 1496 2452 legis
1537 2388 1585 2438 in
1623 2384 1800 2437 Israel.
1847 2385 1951 2437 Lex
1985 2400 2082 2437 na;

546 2458 786 2508 turaliter
829 2455 944 2509 data
971 2466 1049 2511 est
1079 2457 1244 2521 primo
1276 2455 1497 2519 homini,
1524 2454 1731 2522 quando
1779 2455 1974 2506 dictum
2007 2463 2088 2507 est

543 2527 590 2578 ei
621 2543 631 2576 :
663 2525 732 2578 De
753 2528 847 2578 isto
869 2532 1115 2588 comedas,
1151 2529 1211 2577 de
1234 2528 1323 2577 isto
1355 2544 1453 2578 non
1486 2527 1751 2588 comedas;
1783 2525 1872 2576 sed
1898 2523 1976 2576 lex
2003 2524 2084 2576 illa

549 2597 716 2662 sapita
750 2596 839 2657 luit
882 2598 930 2648 in
979 2612 1042 2651 eo
1094 2613 1181 2660 per
1220 2596 1624 2647 inobedientiam
1655 2635 1669 2657 ,
1716 2596 1959 2645 suscitata
2011 2606 2089 2646 est

545 2675 720 2718 autem
773 2674 973 2732 postea,
1034 2666 1080 2718 id
1129 2675 1209 2718 est
1262 2667 1564 2717 ciuilirmata
1607 2679 1697 2730 per
1744 2665 2086 2729 Scriptorum.

555 2734 724 2786 l‘otest
753 2737 908 2787 etiam
941 2736 1047 2799 ipsa
1079 2735 1345 2800 Scriptura
1380 2733 1764 2797 quodammodo
1786 2734 1886 2785 dici
1912 2732 2088 2785 susci-

550 2813 673 2865 tata,
707 2805 825 2868 quia
849 2805 981 2857 sicut
1031 2819 1170 2861 mors
1199 2805 1386 2856 dicitur
1417 2804 1626 2867 pallida,
1680 2818 1741 2855 co
1771 2804 1906 2869 quod
1939 2804 2091 2855 faciat

551 2875 797 2936 pallidum
826 2892 836 2926 :
873 2877 938 2925 ita
969 2875 1304 2940 PlSt'I‘lpllIl‘ﬂ
1342 2883 1513 2940 potest.
1539 2873 1638 2927 dici
1667 2874 1938 2936 sust-itala,
1969 2874 2089 2940 quia
2141 2929 2144 2933 ,

554 2944 822 2996 suscitavit
849 2955 1138 3010 peccatum.
1169 2944 1314 3008 Quod
1341 2955 1556 2996 testatur
1578 2944 1855 3006 Apostolus
1876 2942 2087 2995 dicens:

562 3011 794 3065 Veniente
821 3016 1070 3077 mandato,
1101 3015 1273 3066 revixit
1313 3025 1583 3081 peccatum.
1641 3011 1933 3063 Nesciebum
1961 3012 2094 3062 enim

548 3085 1000 3152 concupiscentiam
1032 3101 1136 3135 esse
1163 3093 1433 3150 peccatum,
1468 3083 1569 3152 nisi
1584 3082 1672 3152 lea:
1701 3082 1925 3133 diceret:
1974 3081 2092 3134 Non

552 3155 892 3218 romupisces.
935 3154 1000 3217 Et
1031 3155 1231 3205 vdetur
1281 3153 1490 3221 exigere
1553 3151 1740 3213 littera,
1782 3152 1898 3216 quia
1920 3151 2040 3202 dirit
2075 3167 2092 3204 :

558 3221 1208 3275 Suscitavittestimonioin.
1260 3222 1371 3289 Ipsa
1403 3225 1541 3276 enim
1587 3221 1853 3288 Scriptura
1905 3221 2095 3274 dicitur

555 3292 934 3356 testimonium,
964 3296 1011 3344 in
1040 3303 1287 3358 quantum
1320 3291 1512 3361 aliquid
1538 3290 1759 3361 probat;
1797 3289 1876 3341 his
1897 3291 2094 3361 quippe

555 3361 761 3420 quando
780 3376 840 3413 ea
872 3361 1102 3429 legitime
1129 3372 1364 3425 utuntur,
1388 3358 1469 3414 est
1498 3359 1850 3429 testimonium
1878 3358 2095 3412 damna-

551 3430 732 3482 tionis.
784 3430 849 3484 Et
884 3428 1121 3500 quamvis
1166 3433 1321 3485 etiam
1376 3431 1604 3498 legitime
1653 3428 1916 3500 utentibus
1940 3431 2092 3482 testi-

559 3499 790 3550 tnoniu'n
823 3499 910 3552 sit
942 3501 1283 3562 liberationis,
1326 3510 1495 3553 tamen
1524 3507 1772 3565 quantum
1814 3499 1876 3550 ad
1909 3500 2092 3562 malos,

557 3565 749 3619 dicitur
772 3571 941 3633 potius
969 3573 1320 3622 testimonium
1355 3586 1368 3622 :
1400 3570 1517 3636 quia
1546 3580 1726 3621 contra
1755 3569 1921 3621 malos
1949 3570 2094 3622 testi-

559 3638 791 3689 mouimn
844 3640 1068 3693 maxime
1111 3649 1192 3691 est
1246 3638 1620 3692 necessarium.
1671 3637 1868 3690 Dicitur
1911 3639 2092 3691 eadem

556 3704 821 3770 Seriptura
855 3707 958 3768 lex',
989 3708 1040 3760 in
1059 3722 1305 3774 quantum
1328 3710 1563 3777 prohibet
1583 3707 1797 3777 aliquid,
1821 3708 1898 3760 vel
1924 3707 2091 3774 jubet.

563 3777 624 3826 Ισὶι
648 3786 819 3841 potest
843 3779 908 3827 ita
940 3779 1035 3845 legi
1065 3793 1244 3829 versus
1264 3779 1455 3841 iste,nt
1483 3793 1575 3846 per
1592 3776 1754 3846 Jacob
1778 3779 2094 3842 accipiamus

559 3845 733 3897 minus
757 3861 911 3915 quam
939 3861 1024 3910 per
1049 3847 1206 3900 Israel
1243 3864 1255 3899 :
1286 3845 1493 3900 scilicot
1526 3861 1616 3912 per
1642 3845 1802 3898 Jacob
1833 3847 2090 3915 intelliga-

564 3931 677 3967 mus
722 3913 1132 3981 prolii-isceutes,
1186 3925 1237 3969 ct
1285 3916 1566 3970 carnaliter
1616 3913 2095 3981 intelligentesfet

558 3984 788 4035 nondum
822 3985 1053 4036 νίιιιιιιιεε
1081 4004 1092 4038 :
1129 4002 1219 4052 per
1251 3987 1402 4040 Israel
1436 4003 1580 4049 vero,
1609 3987 1744 4050 quod
1783 3987 2094 4050 interpreta-

558 4063 646 4103 tur
691 4055 764 4124 vir
792 4054 960 4124 videns
993 4054 1171 4124 Deum,
1222 4056 1573 4124 intelligamus
1619 4056 1998 4118 pervenientes,
2041 4054 2091 4106 id

560 4131 662 4191 est,
694 4122 845 4172 saluii
901 4123 1202 4188 viciniorcs,
1234 4122 1287 4178 et
1333 4122 1670 4191 Spiritualiter
1720 4124 2088 4190 intelligentes.

556 4189 684 4241 item
721 4206 809 4256 per
841 4193 1193 4245 testiinonium
1236 4189 1407 4246 minus
1434 4210 1586 4260 quam
1620 4209 1710 4257 per
1739 4189 1906 4259 legem
1945 4195 2090 4244 acci-

562 4260 780 4324 piamus,
813 4265 928 4324 quia
953 4263 1134 4315 eadem
1171 4264 1318 4327 Scrip
1345 4279 1433 4315 ttra
1451 4264 1653 4328 dignior
1679 4272 1757 4313 est
1785 4265 1835 4311 in
1865 4279 1926 4311 eo
1953 4260 2091 4326 quod

561 4330 638 4382 lex
665 4341 761 4388 est.
792 4346 946 4398 quam
988 4336 1036 4384 iu
1067 4349 1130 4387 eo
1161 4335 1296 4400 quod
1327 4331 1699 4384 testimonium.
1752 4330 1848 4383 Per
1875 4334 2085 4382 suscita-

556 4400 622 4470 tjit
650 4415 856 4465 quoque
911 4402 1080 4470 minus
1136 4420 1286 4470 quam
1320 4419 1410 4469 per
1475 4401 1670 4452 l’osuit.
1726 4403 1789 4452 lat
1842 4403 2087 4452 dicatur:

554 4468 839 4520 Suscitavit
873 4468 1120 4520 Domitius
1156 4468 1476 4538 Scriptorum
1529 4472 1673 4536 legis,
1704 4483 1757 4521 ιιι
1783 4481 1918 4521 ιἐειει
1952 4473 2095 4522 testi-

561 4541 789 4589 mouitnn
822 4539 1193 4601 damnationis,
1243 4541 1444 4597 scilicet
1497 4542 1546 4591 iu
1579 4541 1760 4602 .lucob,
1809 4540 1856 4590 id
1910 4552 2008 4602 est,
2043 4541 2092 4591 iu

556 4609 952 4671 proﬁcientibus
981 4618 1204 4668 tantum,
1231 4626 1331 4662 non
1363 4609 1802 4675 perieuieutibus.
1828 4607 1886 4658 Et
1922 4613 2096 4672 pthll

553 4680 792 4728 caindem
825 4677 1141 4744 Scripturam
1175 4678 1224 4732 in
1262 4681 1424 4744 legent
1456 4679 1633 4735 Israel.
1673 4677 1719 4728 il
1751 4685 1848 4737 est,
1883 4687 1936 4744 ut
1961 4687 2100 4728 esset

557 4748 661 4806 lex,
692 4747 739 4798 id
770 4757 868 4806 est,
911 4742 1211 4814 prohibitio.
1262 4742 1488 4801 Attende
1535 4749 1669 4811 quod
1701 4747 1783 4796 hic
1816 4742 1996 4808 posuit,
2029 4747 2096 4797 ibi

554 4815 833 4867 suscitavit.
873 4817 1041 4871 l‘osita
1069 4821 1290 4884 est,quia
1315 4817 1364 4870 in
1392 4818 1504 4868 istis
1535 4817 1748 4866 lii-initer
1764 4826 1845 4866 est
1877 4831 1886 4863 :
1917 4817 1982 4866 ibi
2010 4831 2098 4868 ιε·

562 4893 1111 4952 l‘Otantntnsuscitata,
1143 4893 1189 4940 id
1219 4899 1321 4948 est,
1343 4901 1522 4955 parum
1554 4901 1812 4936 contnmtu
1844 4886 1957 4945 Ιίιιι,
1981 4889 2096 4955 quia

559 4967 662 5003 non
687 4956 901 5006 lirmiter
927 4961 1002 5008 eis
1026 4959 1251 5010 inlimsit.
1280 4954 1417 5010 litin
1465 4957 1577 5008 istis
1600 4956 1754 5019 digne
1794 4964 1873 5007 est
1900 4955 1979 5006 lex
2003 4992 2017 5014 ,
2052 4954 2098 5006 id

555 5030 659 5099 ϐβίι
688 5022 986 5090 llI‘OllllllliO,
1019 5031 1136 5099 quia
1185 5045 1285 5078 non
1325 5036 1526 5099 tantum
1557 5038 1792 5099 cessatur
1814 5039 1842 5075 a
1874 5024 2101 5090 peceatis

560 5094 743 5162 timore
780 5108 963 5156 pmnze,
1013 5098 1104 5148 sed
1145 5112 1325 5148 amore
1348 5096 1583 5162 iustitiae.
1612 5094 1839 5160 Uterque
1884 5097 2022 5145 enim
2051 5103 2103 5143 ct

551 5161 643 5231 qui
676 5163 860 5215 timore
893 5181 1081 5228 ptl'lIlB,
1141 5177 1191 5215 et
1244 5161 1558 5231 qui’amore
1591 5164 1802 5229 iustitiae
1827 5179 1854 5213 ιι
1889 5164 2023 5214 furto
2047 5178 2101 5213 se

552 5229 801 5293 abstinet,
845 5233 995 5285 habet
1021 5229 1275 5286 similcur
1305 5249 1534 5295 manum,
1567 5232 1656 5284 sed
1722 5249 1821 5282 non
1877 5233 2100 5282 similent

553 5300 802 5355 aninumi.
832 5303 1036 5357 Similes
1059 5305 1198 5357 enim
1218 5314 1333 5354 sunt
1358 5303 1406 5353 in
1437 5301 1722 5366 opere,sed
1738 5301 2021 5352 dissimiles
2053 5303 2100 5350 iu

553 5370 839 5424 voluntate.
862 5374 1034 5426 I’otest
1053 5376 1210 5427 etiam
1237 5375 1318 5425 hic
1344 5371 1476 5423 idem
1496 5386 1676 5423 versus
1703 5371 2003 5434 sunpliciter
2021 5386 2103 5420 ex~

556 5439 699 5503 Poni,
720 5449 770 5492 ut
801 5457 890 5507 per
914 5442 1075 5495 .Iacob
1103 5453 1154 5496 et
1175 5443 1326 5495 Israel
1356 5451 1408 5495 et
1449 5456 1539 5506 per
1583 5441 1746 5506 legent
1779 5449 1827 5489 ct
1871 5440 2103 5490 testimo-

551 5509 716 5571 nium,
739 5511 871 5562 idem
897 5514 1209 5578 accipiamus
1232 5513 1327 5566 hoc
1352 5513 1532 5564 Inodo:
1556 5509 1825 5565 Suscitavit
1857 5509 2103 5578 Dominus

551 5579 885 5644 testimonium
905 5590 956 5631 ιιι
975 5576 1113 5634 esset
1139 5588 1187 5634 in
1209 5583 1382 5643 Jacob,
1407 5583 1453 5633 id
1469 5591 1569 5640 est,
1591 5582 1639 5631 in
1661 5580 1848 5644 populo
1867 5576 2099 5644 Judaico,

552 5643 626 5716 Et
647 5646 767 5716 quid
799 5659 946 5701 vocet
980 5649 1326 5704 testimonium
1380 5653 1587 5716 cxpttltlt
1640 5643 1819 5698 dicens
1854 5663 1887 5716 :_
1915 5643 1978 5694 Et
2009 5662 2099 5707 po-

547 5713 649 5763 suit
685 5713 838 5781 legem
891 5718 939 5769 in
996 5722 1173 5775 Israel.
1229 5722 1388 5776 larucl
1443 5713 1748 5788 Simpliciter
1782 5713 1956 5782 accipe
1988 5716 2098 5771 ante

2179 1843 2402 1886 merent.
2433 1832 2494 1884 Et
2522 1829 2606 1884 isti
2631 1831 2788 1882 etiam
2837 1832 3111 1891 narrabant
3152 1830 3285 1881 veris
3339 1829 3461 1894 ﬁliis
3510 1831 3632 1889 suis,
3675 1830 3718 1880 id

2177 1911 2285 1961 est,
2322 1900 2669 1953 imitatoribus
2722 1899 2840 1952 lidei
2870 1915 3008 1957 suzu,
3044 1899 3140 1950 lmc
3188 1901 3409 1959 scilice',
3442 1908 3493 1949 ut
3547 1909 3721 1964 portant

2181 1970 2263 2022 isti
2295 1970 2422 2024 sicut
2452 1981 2505 2025 et
2534 1969 2603 2022 illi
2631 1971 2683 2022 in
2741 1969 2843 2020 Deo
2865 1984 3001 2036 spem
3046 1985 3211 2026 suam,
3239 1969 3285 2020 id
3331 1979 3433 2028 est,
3470 1977 3522 2020 ut
3571 1971 3723 2022 nolint

2179 2049 2395 2092 statuere
2411 2040 2661 2108 justitiam
2683 2054 2845 2098 suam,
2872 2038 3146 2108 et'justitia:
3171 2037 3260 2108 Dei
3277 2056 3375 2089 non
3431 2055 3532 2092 esse
3561 2041 3719 2108 subje-

2182 2059 2395 2092 statut’re
2444 2059 3146 2108 usuuamsuam,et'Jusmm:
3171 2059 3375 2090 uesnun
3431 2059 3532 2092 esse
3561 2059 3719 2108 sua}:-

2182 2111 2284 2173 cti;
2337 2059 2656 2163 seiltantutn
2695 2121 2903 2170 Sperent
2952 2110 2998 2159 in
3043 2106 3241 2174 justitia
3294 2109 3407 2168 Dei,
3470 2109 3583 2173 quia
3642 2126 3720 2168 per

2178 2180 2432 2244 justitiam
2479 2178 2730 2232 iacturum
2775 2178 2946 2229 nullus
2983 2179 3282 2239 sali'abitur,
3319 2179 3408 2229 sed
3458 2195 3542 2240 per
3569 2181 3718 2228 solam

2179 2250 2429 2315 justitiam
2459 2249 2595 2300 lidei.
2646 2248 2708 2299 Et
2747 2247 2931 2298 narrab
2958 2255 3029 2298 -ιιι
3079 2249 3234 2298 etiam
3283 2249 3358 2299 eis
3389 2258 3440 2298 ut
3493 2248 3720 2298 nouabli—

2184 2320 2439 2370 iiscautur
2468 2333 2672 2383 operum
2704 2315 2813 2377 Dei,
2856 2315 2905 2368 id
2934 2326 3034 2375 est,
3067 2332 3131 2368 ne
3177 2317 3280 2369 sint
3324 2319 3510 2377 ingrati
3541 2318 3720 2368 hem-li-

2185 2390 2280 2441 ciis
2340 2388 2460 2454 Dei,
2517 2399 2570 2440 et
2624 2403 2716 2438 sua
2770 2401 2927 2450 opera
2982 2386 3350 2450 magniliccat.
3405 2387 3506 2436 int-i
3554 2387 3723 2436 oblivi-

2187 2469 2398 2519 scantur
2464 2473 2677 2510 suormn
2744 2472 3011 2520 operum,
3077 2467 3128 2507 et
3192 2456 3523 2518 magnificam
3580 2472 3722 2518 Ορνιι

2192 2529 2277 2579 Dei
2311 2540 2488 2581 utnon
2523 2536 2810 2595 provocent
2837 2529 2950 2588 ejus
2974 2524 3314 2588 iracundiam,
3348 2527 3437 2578 sed
3466 2529 3725 2580 ειιιιιοιιιειιι

2192 2593 2625 2649 iniseriCordiam.
2681 2593 2742 2646 Et
2782 2596 3041 2655 acquirunt
3073 2595 3189 2646 data
3213 2595 3328 2663 cjus
3356 2597 3718 2654 misericordia,

2193 2683 2292 2718 non
2327 2677 2521 2719 tantum
2565 2668 2628 2718 ad
2701 2666 2988 2724 sciendum.
3017 2667 3105 2717 sud
3135 2665 3199 2718 ad
3249 2667 3559 2718 lacieuluuu.
3595 2664 3722 2724 llam.

2191 2735 2423 2802 inquam,
2454 2739 2625 2788 otnn‘a
2670 2736 2886 2793 faciant,
2936 2751 2995 2786 ne
3031 2736 3154 2800 ﬁant
3201 2736 3580 2787 abominsbiles
3611 2735 3722 2793 Deo,

2192 2807 2320 2859 sicut
2359 2808 2595 2859 carnales
2641 2817 2802 2871 patres
2849 2821 3042 2856 earum.
3096 2805 3229 2870 Qui,
3277 2805 3520 2866 scilicet,
3569 2817 3726 2871 pane.

2194 2874 2398 2928 luerunt
2431 2878 2681 2944 generatio
2722 2891 2870 2939 prava
2917 2884 2962 2926 et
3012 2891 3314 2940 eraspernns
3368 2876 3550 2932 Deum.
3607 2884 3656 2926 et
3682 2876 3723 2924 iu

2194 2959 2298 3012 quo
2323 2956 2494 2999 essent
2524 2948 2774 3014 generatio
2796 2960 2951 3012 prava
2974 2945 3119 3005 dicit,
3154 2945 3380 3005 scilicet,
3415 2945 3464 2994 iu
3495 2947 3589 2995 hoc
3618 2945 3722 3008 quia

2199 3016 2404 3067 luerunt
2431 3013 2647 3068 distorta
2672 3015 2959 3081 generatio,
2990 3029 3098 3080 qua:
3124 3029 3221 3064 non
3247 3013 3432 3064 direxit
3460 3029 3543 3064 cor
3568 3029 3721 3062 suum.

2121 3112 2166 3175 ο
2199 3084 2287 3175 Ille
2310 3085 2446 3138 enim
2473 3101 2574 3137 non
2601 3085 2774 3165 dirigit
2794 3097 2886 3135 cor
2913 3085 3366 3175 SUtlIn,.QIIlLQIIINI
3390 3098 3552 3175 prati?
3577 3083 3722 3160 intel-

2199 3153 2307 3221 ligit
2369 3170 2472 3208 non
2535 3154 2791 3222 corrigit,
2854 3161 2908 3204 et
2966 3153 3104 3220 quod
3189 3153 3323 3205 bene
3389 3153 3627 3215 intelligit
3682 3151 3724 3202 iu

2194 3233 2367 3276 actum
2433 3241 2534 3276 non
2598 3223 2849 3289 perducit.
2919 3223 2982 3275 Et
3053 3225 3102 3276 in
3159 3224 3258 3275 hoc
3317 3222 3416 3274 luit
3478 3223 3729 3289 generatio

2197 3293 2282 3345 illa
2328 3307 2665 3358 eanperans,
2717 3293 2840 3360 quia
2869 3292 3072 3358 spiritus
3111 3292 3217 3358 ejus
3273 3309 3373 3344 non
3403 3303 3475 3344 est
3525 3292 3725 3343 creditus

2193 3377 2306 3414 cum
2339 3361 2457 3424 Deo,
2493 3363 2540 3415 id
2563 3372 2662 3426 est,
2701 3363 2818 3430 quia
2852 3375 2954 3414 non
3003 3363 3183 3413 habuit
3231 3361 3410 3426 ﬁdem,
3441 3375 3558 3426 qua:
3610 3360 3725 3411 ﬁdes

2195 3431 2414 3498 imperat
2438 3433 2573 3500 quod
2607 3434 2683 3485 lex
2736 3433 2974 3498 imperat.
3031 3433 3160 3483 Cum
3191 3433 3332 3484 enim
3385 3431 3600 3490 spiritus
3648 3430 3724 3481 Dei

2193 3512 2503 3567 coeperatur
2522 3502 2722 3569 Spiritui
2750 3513 2948 3561 nostro,
2982 3510 3104 3552 tunc
3139 3501 3278 3567 quod
3311 3501 3391 3569 lex
3428 3501 3594 3565 jubet,
3638 3502 3725 3548 iui-

2196 3571 2364 3636 pletur
2391 3589 2405 3635 ;
2448 3573 2583 3631 quod
2614 3570 2722 3623 lieri
2773 3571 2947 3634 nequit
2982 3572 3076 3622 nisi
3107 3568 3374 3623 credendo
3406 3570 3457 3622 iu
3485 3587 3550 3621 eu
3575 3588 3603 3618 ιι
3645 3570 3720 3635 qui

2191 3639 2441 3707 justilicat
2473 3641 2708 3703 impium.
2763 3640 2962 3691 Ilabere
3009 3650 3181 3691 autem
3211 3640 3450 3706 spiritum
3478 3639 3721 3691 creditum

2195 3724 2312 3761 cum
2349 3711 2473 3773 Deo,
2507 3719 2586 3762 est
2613 3712 2829 3763 credere
2853 3710 2917 3760 ad
2944 3709 3148 3774 aliquod
3176 3710 3366 3762 bonum
3397 3724 3528 3767 Opus
3549 3724 3604 3757 se
3634 3723 3722 3758 non

2194 3777 2438 3832 solliccre
2467 3782 2579 3831 sine
2610 3779 2793 3843 spiritu
2826 3778 2912 3832 Dei
2936 3790 3267 3842 cooperante.
3302 3779 3365 3830 Et
3396 3777 3492 3829 hoc
3516 3788 3594 3829 est
3616 3792 3716 3827 rre-

2194 3844 2317 3900 tlerc
2343 3847 2393 3898 in
2426 3848 2604 3910 Deum,
2627 3850 2723 3900 hoc
2740 3858 2820 3901 est
2847 3847 2998 3900 ﬁdem
3024 3847 3235 3910 habere,
3269 3849 3319 3898 id
3343 3859 3446 3910 est,
3475 3847 3723 3900 credendo

2197 3917 2299 3967 Deo
2329 3918 2596 3972 adhmrere
2617 3958 2630 3980 ,
2660 3919 2790 3969 bona
2820 3918 3054 3982 operanti
3078 3918 3139 3967 ad
3174 3919 3306 3970 bene
3331 3916 3725 3982 cnoperaudum.

2195 3986 2269 4038 Illi
2321 4001 2494 4041 autem
2539 4005 2639 4038 non
2671 3987 2960 4039 habuerunt
2988 3986 3228 4051 spiritum
3256 3999 3408 4039 Suum
3461 3988 3726 4044 creditum,

2195 4056 2366 4118 idest,
2398 4058 2734 4108 connuissuui
2778 4071 2895 4108 cum
2925 4056 3049 4114 Deo,
3100 4072 3219 4108 cum
3264 4071 3368 4123 quo
3409 4057 3642 4121 quisquis
3685 4057 3724 4106 ei

2194 4124 2422 4176 adbo-ret
2454 4141 2586 4178 unus
2614 4127 2827 4190 spiritus
2873 4125 3113 4184 ellicitur,
3165 4125 3285 4192 quia
3339 4133 3648 4192 putaverunt
3673 4138 3725 4175 se

2193 4194 2254 4244 ad
2310 4193 2556 4256 justitiam
2588 4196 2847 4257 sullicere,
2903 4197 3015 4248 sine
3045 4197 3232 4259 Spiritu
3271 4195 3360 4246 Dei
3395 4205 3716 4257 conperaute.

2265 4262 2384 4314 Filii
2414 4264 2646 4324 Ephrem.
2673 4267 2827 4327 Quasi
2858 4265 2991 4315 dicat
3020 4281 3030 4314 ε
3064 4265 3172 4314 Non
3201 4264 3371 4314 solum
3401 4263 3628 4314 minores
3653 4263 3719 4313 iu-

2195 4343 2273 4384 ter
2297 4336 2408 4385 illos
2439 4339 2639 4384 luerunt
2663 4348 2817 4398 prava
2841 4336 3109 4395 generatio
3132 4376 3144 4393 ,
3171 4333 3263 4384 sed
3289 4343 3342 4384 et
3363 4333 3459 4397 ﬁlii
3490 4330 3717 4401 ΕρΙινσιι,

2195 4404 2245 4453 id
2277 4413 2385 4466 est,
2416 4418 2443 4452 a
2477 4405 2663 4464 quibus
2706 4402 2928 4454 maxime
2958 4403 3264 4465 sperabatur
3296 4402 3489 4454 bonum
3516 4447 3528 4462 ,
3571 4411 3621 4454 ει
3647 4402 3722 4465 qui

2199 4473 2318 4525 aliis
2347 4472 2541 4538 przelati
2573 4481 2742 4536 erant,
2774 4472 2912 4525 sicut
2941 4469 3165 4538 Ephrem
3199 4474 3446 4534 prmlatus
3475 4473 3566 4523 luit
3595 4471 3722 4522 fratri

2200 4558 2294 4591 suo
2320 4541 2503 4608 majori
2531 4543 2578 4594 in
2603 4541 2966 4594 benedictione
2988 4543 3066 4594 a‘vi
3095 4541 3174 4592 sui
3203 4541 3386 4594 Iacob.
3414 4543 3464 4593 In
3487 4556 3585 4608 qua
3611 4557 3723 4607 pra:-

2201 4611 2391 4663 latione
2431 4612 2551 4674 quid
2593 4611 2730 4662 aliud
2769 4611 3039 4664 videbatur
3067 4611 3134 4662 de
3176 4612 3290 4674 ipso
3323 4610 3572 4677 Ephraitn
3619 4625 3725 4675 pro-

2202 4679 2409 4732 tnittcre
2434 4679 2617 4744 .Iacoli,
2645 4695 2799 4744 quam
2826 4683 3066 4733 virtutem
3093 4687 3146 4732 et
3165 4695 3321 4730 omne
3349 4681 3578 4730 bonum?
3605 4677 3722 4728 Nihil

2203 4750 2396 4812 utique.
2429 4748 2491 4799 Et
2518 4747 2632 4800 ideo
2667 4750 2762 4813 [itii
2797 4748 3036 4815 Epitraim
3072 4749 3294 4812 positum
3323 4758 3402 4798 est
3434 4749 3516 4798 hic
3544 4749 3606 4799 ad
3642 4748 3722 4797 de-

2202 4817 2509 4878 signandum
2543 4819 2656 4869 illos
2701 4820 2766 4871 de
2807 4820 2994 4885 quibus
3042 4817 3228 4868 melius
3265 4818 3605 4880 sperabatur.
3645 4833 3718 4878 qm

2203 4895 2375 4946 tamen
2416 4887 2533 4939 lacti
2565 4899 2684 4939 sntit
2732 4902 2884 4952 prava
2929 4891 3233 4953 generatio;
3282 4885 3417 4952 quod
3463 4895 3563 4937 lant
3607 4885 3723 4937 acci-

2204 4955 2448 5022 piendum
2482 4967 2561 5008 νει
2603 4962 2650 5007 ιιι
2684 4958 2780 5009 hoc
2825 4955 3096 5020 posteriori
3125 4995 3138 5016 ,
3172 4970 3322 5016 tinam
3363 4958 3414 5007 in
3446 4956 3535 5007 illo
3581 4953 3720 5019 priori

2204 5027 2417 5089 populo.
2451 5024 2517 5076 Et
2543 5027 2590 5076 in
2619 5040 2720 5092 quo
2751 5025 2906 5075 ctiam
2939 5025 2987 5074 hi
3019 5023 3126 5074 sint
3165 5039 3320 5090 prava
3352 5024 3619 5092 generatio
3648 5037 3721 5071 ns-

2206 5093 2370 5145 tendit
2403 5112 2412 5143 :
2445 5097 2562 5161 quia
2613 5095 2758 5159 quasi
2803 5094 3108 5144 intendentcs
3141 5109 3353 5156 arcum,
3405 5104 3451 5147 et
3499 5096 3723 5142 mittentes

2206 5178 2308 5214 non
2338 5178 2514 5215 arcum
2542 5206 2554 5226 ,
2587 5164 2675 5214 sed
2703 5176 2760 5211 ea
2791 5176 2906 5228 qua:
2938 5167 3306 5228 promittuntur
3335 5178 3460 5214 arcu
3485 5203 3499 5221 ,
3541 5163 3590 5211 id
3621 5172 3721 5224 est,

2205 5235 2349 5295 quasi
2378 5233 2535 5284 armis
2563 5231 2626 5282 ad
2661 5231 2848 5281 bellum
2879 5231 3222 5297 praeludentes
3247 5271 3262 5294 ,
3288 5234 3336 5282 in
3366 5233 3445 5281 die
3471 5231 3590 5280 belli
3618 5245 3722 5280 cono

2204 5303 2328 5352 rcrsi
2361 5311 2474 5353 sunt
2498 5341 2513 5364 ,
2549 5301 2594 5350 id
2628 5309 2704 5350 est
2732 5339 2745 5360 ,
2779 5309 3008 5363 tempore
3048 5303 3351 5353 certaminis
3391 5305 3439 5350 in
3489 5303 3644 5364 pedes
3678 5315 3725 5350 ac

2203 5371 2474 5424 dederunt.
2527 5369 2672 5433 Quod
2703 5381 2780 5420 est
2821 5373 2994 5423 dicere
3026 5388 3038 5420 :
3071 5372 3397 5421 Simulabant
3435 5383 3568 5434 opus
3616 5367 3726 5434 legis

2204 5441 2458 5503 exterius,
2482 5438 2617 5506 quod
2643 5453 2744 5488 non
2769 5439 3004 5490 amabant
3033 5440 3268 5496 interius,
3296 5437 3544 5489 diieruut
3565 5450 3719 5506 euuu:

2207 5505 2524 5574 Quicunque
2549 5508 2842 5574 praeceperit
2885 5507 3021 5560 nobis
3054 5507 3324 5569 Dominus,
3374 5506 3629 5558 faciemus.
3674 5505 3726 5554 lit

2207 5580 2335 5629 nihil
2367 5587 2536 5631 tamen
2569 5577 2686 5628 inde
2716 5581 2967 5636 lecerunt,
2995 5584 3048 5628 et
3076 5575 3151 5626 sit:
3185 5580 3333 5642 quasi
3365 5586 3603 5642 tempore
3629 5587 3724 5624 ecr-

2208 5646 2414 5699 tatninis
2446 5657 2734 5699 ceSserunt.
2780 5645 3027 5696 Similiter
3055 5641 3291 5710 quisquis
3321 5661 3457 5697 nunc
3484 5641 3609 5696 dicit
3638 5641 3724 5693 Do.

2210 5718 2359 5784 mine,
2385 5715 2612 5782 Domine,
2627 5727 2742 5770 el'tu
2761 5723 2989 5778 tempore
3006 5713 3303 5767 mutationis
3317 5713 3537 5779 recedit,
3560 5728 3647 5769 nec
3661 5713 3722 5766 la-
