3898 6226
183 421 284 473 807

806 421 868 474 IN
912 421 1319 477 i‘S.\i.MOltUM
1365 421 1616 476 LIBRUM
1665 417 2013 474 EXEGESIS.
2059 449 2120 456 —--
2163 419 2400 474 l‘S.\l..\l.
2447 420 2695 476 ωιχιιι.

3279 424 3382 476 898

177 541 246 589 ι-ἱι
277 552 395 601 qum
423 537 970 604 pra'cipitmtnr,quasi
997 536 1047 589 in
1069 537 1152 590 die
1180 537 1295 589 belli
1326 537 1725 590 cetlit.i’ronds—
1763 537 1804 590 Δ
1834 542 1888 583 et
1925 534 2089 604 tidem
2132 533 2443 602 sust-ipimus
2467 576 2481 597 ,
2534 538 2757 590 traducit
2808 552 2901 589 nos
2950 539 2997 590 itt
3042 540 3377 596 securitatem

176 609 380 658 sionem
425 608 564 659 enim
612 607 924 658 obtulit-otiae
976 621 1076 659 non
1127 609 1311 675 prohat
1361 609 1592 668 auditio,
1641 605 1728 658 sel

179 687 421 727 tentalto.

254 745 372 797 Non
399 745 741 798 custodierunt
769 755 1117 798 testamentum
1146 746 1254 799 Dei.
1277 744 1440 796 Causa
1471 754 1548 794 est
1575 760 1733 809 quare

175 815 232 864 in
262 816 347 866 die
373 815 488 868 belli
512 816 734 867 conversi
765 824 901 878 sunt,
933 815 1071 873 ideo,
1099 817 1320 875 scilicet,
1355 816 1470 882 quia
1496 831 1594 864 non
1621 829 1734 865 cus-

175 886 426 937 todierunt
439 893 783 936 testamentum
800 883 910 945 Dei,
929 884 977 936 id
995 894 1092 949 est,
1111 900 1210 936 non
1234 898 1278 935 at
1291 883 1563 936 tendernnt
1586 897 1735 936 veras

178 964 236 1007 et
264 966 487 1006 :eternas
518 954 893 1021 promissiones
925 955 1034 1016 Dei,
1069 969 1164 1005 nec
1187 955 1594 1007 observaverunt
1620 967 1728 1015 eas,

177 1027 272 1075 sed
306 1024 456 1075 vilius
483 1024 749 1090 quiddam,
785 1023 832 1075 id
863 1033 942 1075 est
972 1025 1174 1076 terrena
1205 1024 1510 1093 elegerunt,
1542 1031 1585 1073 et
1614 1023 1732 1086 quia

176 1095 446 1146 noluerunt
478 1093 733 1145 ambulare
758 1094 809 1144 in
840 1094 946 1160 lege
972 1095 1101 1162 ejus,
1136 1093 1185 1145 id
1217 1103 1318 1152 est.
1349 1093 1468 1145 etsi
1501 1093 1743 1162 quando-'

177 1178 284 1228 que
315 1163 510 1228 aliquid
541 1163 607 1214 de
645 1162 757 1227 lege
785 1161 1128 1214 servaverunt
1154 1202 1170 1224 ,
1215 1177 1316 1214 non
1364 1163 1461 1216 hoc
1492 1161 1726 1212 fecerunt

177 1248 243 1283 ex
279 1230 546 1284 veluntate
576 1233 730 1294 bona,
751 1230 842 1282 sed
877 1232 1073 1283 timoris
1100 1234 1388 1284 eoat-tione.
1419 1229 1480 1280 Et
1512 1243 1730 1296 praeter-

174 1316 240 1354 ea
301 1302 438 1352 obliti
485 1311 598 1353 sunt
627 1303 997 1368 benefactorum
1023 1302 1132 1369 ejus
1152 1341 1165 1360 ,
1199 1303 1245 1352 id
1276 1309 1351 1353 est
1378 1341 1391 1360 ,
1427 1300 1612 1365 ingrati
1644 1316 1730 1350 ex-

173 1373 431 1422 Slilel‘ltttt
478 1370 741 1424 beneficiis
785 1371 872 1422 Dei
918 1373 1013 1421 sibi
1053 1370 1298 1431 collatis;
1343 1380 1387 1420 et
1427 1369 1571 1420 obliti
1615 1379 1735 1419 sunt

177 1442 490 1491 mirabilium
521 1441 656 1508 ejus,
685 1455 794 1506 qure
840 1442 1050 1491 ostendit
1080 1441 1148 1491 eis
1173 1484 1186 1504 ,
1219 1441 1266 1491 id
1298 1449 1413 1500 est,
1455 1453 1628 1490 coram
1657 1454 1734 1488 eis

173 1510 325 1562 iecit.
378 1509 629 1562 Miraliilia
672 1508 859 1575 accipit
898 1510 1031 1562 mala
1059 1549 1072 1572 ,
1115 1524 1228 1571 quae
1270 1508 1505 1560 hostibus
1549 1523 1731 1558 eorum

174 1579 440 1631 exhibuit.
477 1579 594 1630 Ideo
624 1579 743 1631 dico
768 1579 911 1630 obliti
939 1588 1053 1629 sunt
1087 1578 1413 1637 mirobilium,
1447 1576 1563 1640 quia
1593 1577 1730 1627 fece-

174 1659 305 1699 runt
334 1648 572 1714 quaedam
619 1647 870 1699 mirabilia
903 1662 1078 1700 coram
1119 1649 1351 1715 patribus
1381 1660 1582 1697 eorum.
1631 1645 1731 1696 Pa-

176 1729 290 1768 tres
317 1719 505 1779 accipit
537 1719 616 1769 hic
645 1731 746 1769 non
779 1717 895 1769 illos
922 1717 1008 1784 qui
1057 1717 1263 1768 fuerunt
1295 1717 1550 1785 generatio
1578 1730 1730 1781 pratia

174 1799 223 1838 et
254 1803 561 1848 exasperatis
583 1826 597 1847 ,
643 1795 699 1838 ut
728 1787 900 1854 prius;
941 1786 1029 1838 sed
1065 1786 1274 1855 Moysen
1304 1796 1358 1838 et
1399 1786 1572 1855 Aaron
1600 1825 1612 1844 ,
1645 1785 1729 1855 qui

177 1868 360 1921 patres
381 1858 632 1926 dicuntur
652 1893 665 1913 .
696 1853 742 1926 et
809 1853 1218 1926 causahonoris
1247 1863 1355 1926 ,νει
1385 1853 1731 1926 similitudine
1763 1870 1805 1926 Β

181 1920 350 1979 nos.
378 1924 520 1978 Licet
544 1926 682 1976 enim
708 1923 956 1977 Dominus
982 1925 1031 1976 in
1066 1925 1346 1991 Evangelio
1367 1923 1557 1974 dixerit
1586 1939 1597 1973 :
1626 1920 1731 1974 No-

177 1996 431 2056 literobis
458 2010 628 2047 vorare
657 2005 844 2062 patrem
874 2011 1023 2058 super
1052 2004 1256 2056 terram,
1296 2007 1398 2045 non
1432 2002 1602 2045 tamen
1636 2007 1730 2045 vo-

177 2065 279 2115 luit
334 2065 540 2117 auferre
591 2067 688 2114 hoc
747 2077 936 2116 nomen
983 2078 1008 2113 a
1057 2063 1435 2116 consoetudine
1490 2062 1731 2114 humana:

174 2133 485 2197 locutionis,
517 2132 607 2185 sed
652 2132 700 2184 id
732 2133 896 2185 voluit
925 2143 980 2184 nt
1010 2132 1226 2200 gratiam
1267 2131 1553 2198 spiritualis
1584 2147 1732 2199 rcge-

187 2204 483 2255 ncrationis
508 2218 609 2255 non
642 2203 1026 2255 ascriberemus
1054 2200 1204 2253 alicui
1232 2203 1490 2254 sanctitati
1525 2202 1609 2254 vel
1638 2216 1729 2265 po-

179 2273 386 2332 testati,
417 2272 506 2325 sed
530 2272 576 2324 ei
604 2271 702 2324 soli
732 2287 825 2339 per
851 2270 999 2339 cujus
1027 2271 1434 2324 misericordiam
1463 2268 1536 2321 fit.
1564 2271 1735 2334 Quare

182 2357 294 2394 non
328 2342 612 2408 incongrue
641 2341 845 2408 Moyses
874 2354 924 2394 et
956 2341 1128 2393 Aaron
1156 2341 1238 2392 hic
1267 2349 1441 2406 patres
1467 2341 1730 2391 dicuntur.

171 2411 247 2463 Et
277 2426 447 2462 coram
479 2411 560 2463 his
587 2411 813 2478 patribus
840 2453 852 2470 .
886 2411 934 2462 id
965 2419 1065 2469 est,
1098 2409 1222 2474 ipsis
1253 2410 1543 2461 astantibus
1567 2449 1578 2465 .
1610 2409 1737 2476 ipsis

177 2481 346 2532 etiam
381 2479 691 2534 facientibus
715 2491 763 2531 et
794 2479 1182 2542 attestantibus,
1212 2480 1327 2546 fecit
1370 2479 1636 2540 mirabilia,
1667 2478 1734 2533 de

178 2551 378 2616 qui-bus
411 2551 493 2603 hic
517 2550 762 2616 agiturin
795 2560 925 2616 terra
960 2547 1167 2616 digypti
1191 2591 1205 2614 ,
1237 2556 1289 2600 et
1317 2549 1626 2601 determinat
1653 2548 1732 2600 lo-

174 2634 304 2671 cum
332 2658 348 2681 ,
390 2621 628 2688 scilicet,
677 2619 727 2670 in
758 2634 934 2688 campo
971 2616 1223 2688 Titaneos.
1254 2616 1450 2688 Titanis
1487 2619 1624 2688 enim
1655 2626 1736 2669 est

174 2690 373 2740 rivitas
401 2687 613 2758 ,Ἐπιιιὶ
636 2727 649 2744 .
682 2687 818 2749 apud
846 2684 1014 2758 quam
1042 2687 1224 2758 decem
1253 2685 1352 2758 illae
1392 2684 1554 2758 plaga:
1586 2684 1736 2758 facta:

176 2767 308 2810 sunt
332 2797 347 2815 .
379 2753 521 2824 quas
545 2753 807 2810 Dominus
844 2756 1102 2810 Pharaoni
1135 2770 1224 2822 per
1251 2755 1461 2824 Moysen
1496 2753 1733 2824 immisit.

175 2826 444 2880 Similiter
473 2837 520 2881 et
551 2841 732 2880 coram
761 2827 994 2895 patribus
1039 2825 1228 2879 nostris
1257 2823 1611 2895 spiritualihus
1635 2865 1649 2887 ,
1685 2823 1734 2877 id

174 2905 282 2960 est,
319 2897 445 2964 ipsis
472 2893 770 2961 videntibus
792 2905 845 2950 et
869 2899 1026 2950 et'am
1057 2894 1384 2957 facientibus,
1419 2893 1539 2964 facit
1569 2893 1739 2947 Domi-

181 2980 287 3018 nus
317 2963 576 3018 mirabilia
617 2965 957 3030 spiritualiter
987 2966 1036 3018 in
1083 2964 1255 3026 nobis,
1285 2971 1336 3015 et
1368 2964 1415 3014 in
1460 2963 1650 3015 bonum
1682 2974 1735 3017 ct

175 3036 232 3085 in
269 3037 464 3087 malum
498 3036 546 3086 in
573 3033 832 3103 Αῑιςγριο,
865 3035 914 3086 id
940 3044 1040 3095 est,
1074 3035 1124 3086 in
1158 3034 1253 3085 hac
1286 3032 1410 3103 v_ita,
1440 3047 1556 3098 qua:
1588 3032 1735 3099 igno-

176 3104 357 3156 rantia
389 3113 469 3158 est
506 3114 558 3158 et
590 3100 824 3158 tentatio.
877 3104 941 3156 Et
979 3103 1096 3156 ideo
1142 3117 1230 3167 per
1271 3100 1549 3170 Egyptum
1595 3113 1735 3154 recte

175 3173 666 3262 desigpaturnquia
698 3173 954 3262 @gyptus
985 3173 1352 3262 interpretatur
1383 3170 1612 3262 tenebrat
1653 3176 1732 3225 vel
1762 3201 1807 3262 c

183 3241 484 3308 tribulatio,
515 3241 638 3298 dum
670 3241 847 3296 adhuc,
868 3242 1136 3295 existiums
1170 3242 1219 3293 itt
1255 3255 1440 3308 campo
1471 3241 1733 3306 Thancos,

181 3312 237 3364 id
263 3322 364 3376 est,
398 3313 448 3364 in
473 3314 687 3381 planitie
713 3312 924 3364 humilis
948 3311 1198 3364 mandati.
1223 3311 1448 3377 Campus
1469 3310 1606 3381 enim
1637 3312 1740 3376 pla-

181 3383 372 3435 nitiem
410 3379 662 3452 significat
693 3381 935 3452 ,V'I‘hanis
972 3397 1095 3452 vero
1136 3381 1504 3452 interpretatur
1546 3379 1738 3452 humile

175 3450 489 3504 mandatum
517 3469 530 3511 ;
560 3461 612 3504 et
643 3453 693 3503 in
725 3451 818 3502 hac
849 3451 951 3503 vita
982 3451 1133 3502 datur
1168 3450 1315 3503 nobis
1345 3451 1516 3517 plane,
1547 3451 1594 3502 id
1637 3460 1737 3514 est,

175 3521 467 3573 manifeste
495 3521 688 3574 humile
717 3519 1034 3580 mandatum,
1061 3520 1279 3584 scilicet,
1300 3520 1634 3572 utdiscamus
1657 3520 1740 3574 hic

176 3590 475 3652 humiliari,
502 3599 554 3641 ut
581 3589 787 3642 tandem
811 3604 1104 3642 mereantur
1127 3605 1245 3640 cum
1277 3589 1361 3640 illo
1383 3589 1623 3649 exaltari,
1648 3592 1734 3656 qui

174 3674 278 3723 pro
306 3661 458 3711 nohis
477 3669 528 3712 et
557 3674 647 3725 per
670 3673 765 3711 nos
802 3659 851 3711 in
885 3660 982 3710 hac
1008 3657 1236 3725 [Egypto
1268 3659 1429 3708 voluit
1456 3658 1737 3712 humiliari.

257 3726 543 3796 Interrupit
574 3745 730 3780 mare.
754 3728 1033 3782 Sciendum
1060 3727 1196 3793 quod
1229 3727 1505 3796 mirabilia,
1535 3727 1599 3777 de
1626 3731 1737 3791 qui-

181 3798 286 3849 hus
321 3795 548 3852 maxime
576 3799 776 3851 locutus
802 3808 900 3860 est,
927 3797 990 3850 ad
1026 3811 1254 3864 praesens
1286 3795 1482 3857 dill'ert,
1509 3805 1560 3847 et
1587 3796 1740 3850 bene-

188 3868 312 3920 ficia
342 3871 602 3935 posterius
624 3869 669 3921 ei
692 3867 1055 3934 collataxprius
1080 3865 1254 3923 refert.
1281 3865 1426 3930 Quod
1456 3865 1571 3917 ideo
1596 3865 1735 3933 facit,

190 3949 250 3986 nt
273 3953 457 3990 eormn
489 3938 915 4005 ingratitudinem
942 3947 1206 4005 aggravet,
1238 3939 1465 4001 quicum
1495 3950 1587 4002 pro
1612 3937 1736 3988 solis

183 4007 522 4060 mirabilibus
543 4023 658 4074 qua:
683 4008 731 4060 in
764 4008 940 4059 hostes
964 4020 1141 4057 eorum
1172 4009 1293 4058 tecit
1313 4007 1440 4056 satis
1466 4005 1594 4072 gra:i
1621 4019 1738 4058 esSe

175 4075 468 4138 deberent,
496 4088 569 4129 tot
597 4078 809 4142 insuper
842 4075 1091 4128 beneficia
1113 4083 1447 4137 acceperunt,
1471 4082 1524 4126 et
1553 4074 1737 4138 ingrati

173 4157 364 4197 tamen
396 4146 627 4199 fuerunt.
653 4147 722 4197 Et
750 4144 794 4197 si
820 4144 935 4194 tunc
963 4151 1084 4194 sunt
1113 4142 1394 4209 parabolae,
1424 4151 1480 4194 ut
1507 4145 1739 4207 psalmus

173 4224 408 4268 teSIatttr
452 4214 728 4280 superius,
770 4213 1022 4264 debemus
1068 4212 1337 4264 attendere
1386 4226 1488 4263 non
1536 4219 1734 4263 tantum

173 4283 310 4350 quid
344 4284 394 4336 iti
425 4284 704 4351 superficie
733 4292 956 4342 sonant,
1000 4281 1089 4333 sed
1109 4281 1244 4351 quid
1278 4281 1496 4347 mystica
1532 4283 1737 4334 actione

174 4349 502 4420 signiﬁcant.
543 4351 879 4419 Quaecunque
921 4352 1059 4404 enitn
1109 4349 1243 4402 bona
1275 4351 1353 4402 vel
1401 4352 1536 4402 mala
1579 4351 1628 4402 in
1660 4353 1736 4402 eis

175 4419 269 4476 vel
300 4427 350 4475 ιιι
391 4438 572 4475 eorum
608 4423 844 4476 hostibus
887 4419 1608 4490 contigerinthistorialiter,
1649 4434 1736 4471 ea-

173 4494 304 4545 dem
348 4492 397 4544 in
443 4493 595 4544 nobis
638 4494 764 4544 fiunt
801 4488 1161 4556 spir'.tualiter,
1208 4488 1341 4544 bona
1385 4489 1594 4556 quidem
1642 4503 1734 4555 per

1835 602 2065 654 cmlestis
2096 605 2273 675 patriae
2317 604 2598 669 Dominus,
2627 609 2669 658 si
2704 621 2802 658 ιιοιι
2829 621 2886 659 re
2912 648 2926 669 ,
2957 618 3128 662 tamen
3162 611 3211 663 in
3242 628 3333 675 spe
3363 656 3377 673 .

1835 683 1992 736 atque
2020 686 2203 724 omnes
2232 674 2404 726 hostes
2436 675 2769 740 insequentes
2802 691 2897 727 nos
2918 718 2932 738 ,
2978 679 3024 728 id
3055 689 3172 742 est,
3203 674 3378 738 omnia

1837 743 1958 790 vitia
1995 751 2094 790 tam
2128 744 2346 795 actualia
2380 743 2548 814 priora
2580 761 2736 814 quam
2769 745 3037 809 originalis
3082 749 3149 800 ibi
3178 753 3379 802 exstin-

1836 817 2101 872 guuntur;
2150 823 2201 862 et
2244 827 2334 877 per
2360 813 2596 864 eamdem
2647 815 3086 869 renuotiationem
3133 828 3185 870 et
3225 819 3378 872 fidem

1836 893 1998 938 aquas
2026 881 2562 947 eonettpiscentiarnm
2595 893 2649 936 et
2691 886 2934 935 vitiorum
2985 886 3168 939 ﬂuidas
3205 900 3257 939 et
3302 890 3377 942 la-

1838 947 2019 1026 bentes
2052 951 2265 1026 stabiles
2312 950 2449 1026 facit,
2496 954 2726 1026 scilicet,
2775 965 2826 1006 ιιι
2869 970 2992 1017 ιιοιι,
3042 958 3178 1009 sicut
3218 960 3381 1026 prius,

1834 1020 2057 1076 amplius
2086 1018 2325 1069 tliflluant
2355 1020 2404 1071 in
2434 1021 2602 1075 nobis.

1910 1085 1971 1137 Et
2001 1088 2211 1158 deduxit
2249 1104 2350 1141 eos.
2397 1091 2636 1142 l'erdttxit
2671 1107 2791 1154 eos,
2835 1092 3042 1158 inquam
3072 1135 3084 1154 .
3130 1095 3194 1148 ad
3241 1098 3380 1152 aliud

1837 1155 1996 1227 littus.
2031 1167 2083 1210 et
2109 1160 2173 1210 de
2201 1156 2286 1209 illo
2318 1159 2435 1211 loro
2462 1160 2605 1211 duxit
2634 1177 2715 1213 eos
2751 1178 2840 1227 per
2880 1155 3143 1216 desertum
3175 1166 3225 1217 in
3253 1169 3386 1222 nube

1837 1224 1954 1300 diei,
1980 1237 2034 1300 et
2056 1235 2158 1279 tota
2187 1239 2329 1300 nocte
2356 1229 2404 1279 in
2427 1224 2792 1282 illuminatione
2817 1235 2963 1296 ignis,
2994 1235 3090 1286 hoc
3118 1243 3216 1295 est,
3248 1253 3379 1300 prae-

1836 1295 2073 1347 erdendo
2100 1311 2196 1370 eos
2222 1299 2271 1348 in
2303 1298 2385 1348 die
2419 1299 2465 1370 in
2497 1303 2737 1350 columna
2771 1303 2921 1354 nobis
2947 1344 2959 1363 ,
2993 1319 3107 1370 qua:
3134 1319 3223 1356 eos
3248 1295 3378 1370 pro-

1838 1373 2034 1440 tegeret
2063 1380 2088 1414 a
2121 1366 2295 1440 calore
2317 1379 2410 1440 ;_et
2444 1368 2498 1440 in
2526 1378 2676 1440 nocte
2711 1371 2757 1419 in
2790 1366 3026 1423 colmnna
3058 1373 3189 1439 ignis
3212 1414 3226 1435 ,
3258 1366 3378 1440 quae

1838 1434 1933 1482 iter
1976 1433 2272 1504 ostenderet
2309 1437 2405 1488 eis.
2447 1437 2697 1490 Similiter
2736 1451 2785 1488 et
2831 1456 2922 1493 nos
2955 1433 3382 1504 post'trausit‘um

1835 1515 1991 1566 supra
2024 1503 2214 1554 dit-tum
2264 1509 2469 1557 deducit
2500 1507 2548 1556 in
2582 1507 2678 1558 hoc
2717 1503 3031 1569 ιιιξειινιιι,⁷θι
3063 1512 3111 1562 in
3157 1514 3254 1565 hoc
3287 1513 3379 1566 dc-

1835 1581 1976 1645 scrto
2003 1612 2014 1627 ,
2035 1581 2098 1645 ‘ct
2127 1572 2174 1645 i_ti
2207 1573 2302 1645 hac
2326 1576 2433 1645 Avita
2461 1615 2474 1639 ,
2514 1576 2564 1626 in
2598 1579 2916 1641 protectione
2944 1580 3094 1631 nobis
3121 1621 3131 1636 ,
3167 1581 3212 1631 id
3257 1596 3332 1635 est
3364 1624 3381 1645 ,

1838 1638 2174 1711 humanitatis
2215 1641 2426 1704 Christi,
2459 1638 2872 1711 perquaman
2906 1648 3041 1700 aliud
3077 1651 3270 1702 factum
3301 1638 3380 1705 est

1836 1708 2005 1770 nohis,
2048 1724 2201 1776 quam
2248 1708 2505 1777 quoddam
2541 1708 2896 1768 Ituthraculutn
2938 1719 3000 1769 ah
3030 1732 3158 1771 :ltSllt
3205 1721 3382 1774 int-en-

1837 1780 2098 1854 tivorum?
2124 1778 2237 1844 Ipse
2261 1782 2400 1832 enim
2431 1783 2570 1854 prior
2599 1798 2781 1850 passus
2804 1797 2903 1846 est,
2936 1797 2990 1838 ut
3022 1804 3114 1839 nos
3145 1791 3243 1854 pati
3276 1807 3377 1843 non

1838 1846 2186 1910 haberemus;
2216 1858 2266 1921 et
2297 1846 2611 1921 resurrexit,
2646 1861 2700 1905 ut
2749 1856 2982 1907 eamdem
3029 1846 3172 1921 spem
3213 1860 3376 1911 habe-

1835 1932 2047 1974 remus:
2093 1927 2145 1970 et
2192 1919 2268 1970 sic
2311 1919 2475 1971 factus
2523 1933 2600 1974 est
2650 1923 2798 1975 nobis
2847 1919 3277 1979 olntmhraculnttt
3325 1939 3379 1982 et

1838 1989 1993 2037 turris
2035 1987 2219 2050 fortis,
2268 1997 2322 2039 ιιι
2369 1990 2489 2042 alibi
2536 1994 2752 2046 dictum.
2801 1993 2993 2046 Dicitur
3034 2005 3203 2048 autem
3254 2012 3380 2051 caro

1835 2055 2026 2129 illiriin
2062 2057 2178 2109 ideo
2198 2059 2393 2129 pubes,
2417 2061 2536 2129 quia
2570 2061 2619 2112 in
2647 2076 2704 2112 ea
2739 2065 2904 2115 malos
2935 2066 3178 2117 divinitas
3210 2068 3278 2118 lat
3302 2069 3376 2129 iit,

1834 2124 1985 2203 bonis
2008 2140 2130 2203 vero
2156 2125 2352 2203 affulsit
2375 2139 2468 2203 ;_et
2498 2128 2732 2203 fititrtalis
2761 2134 2925 2185 nubes
2951 2149 3063 2200 qua:
3089 2147 3228 2189 esset
3250 2124 3378 2203 diei,

1839 2191 1887 2246 id
1919 2197 2333 2270 e51:_tties,_quia
2363 2197 2502 2254 clara
2534 2199 2648 2262 fuit,
2681 2211 2731 2254 et
2767 2205 2880 2254 sine
2929 2191 3112 2256 nebula
3147 2191 3380 2270 peccato:

1837 2278 1971 2316 rum.
2005 2264 2154 2318 Unde
2185 2265 2382 2318 dictum
2413 2281 2487 2320 es!
2525 2286 2535 2320 :
2573 2271 2806 2322 Ascendit
2840 2271 3080 2324 Dominus
3112 2264 3261 2326 levem
3288 2292 3384 2327 nu-

1835 2332 1972 2410 bent,
2017 2345 2066 2410 et
2105 2335 2405 2410 ingredietur
2443 2335 2726 2406 Egyptian
2753 2379 2766 2401 ,
2809 2351 2855 2392 et
2897 2344 3174 2409 confringet
3215 2345 3383 2398 omnia

1835 2402 1973 2480 idola
1997 2402 2225 2480 Ergypti:
2254 2405 2318 2457 Et
2340 2415 2444 2480 tota
2468 2402 2639 2480 nocte,
2674 2410 2844 2480 idest,
2873 2412 2918 2461 in
2949 2402 3211 2464 ta'nta'hac
3234 2414 3378 2480 igno-

1839 2474 2002 2547 rantia
2027 2472 2238 2547 deducit
2261 2477 2434 2547 nosin
2463 2475 2828 2547 illuminatione
2851 2481 2982 2547 ignis
3005 2500 3034 2541 ,·
3054 2480 3103 2532 id
3131 2493 3229 2544 est,
3251 2472 3382 2536 illu-

1843 2541 2092 2619 minando
2122 2558 2219 2595 nos
2245 2542 2602 2619 spiritualibns
2626 2546 2775 2619 donis
2805 2541 2931 2602 suis.
2966 2550 3062 2602 Per
3086 2541 3256 2619 ignem
3287 2569 3381 2606 au-

1842 2619 1946 2686 tem
1984 2613 2167 2686 inquo
2209 2623 2275 2686 et
2303 2613 2550 2686 splendor
2578 2622 2632 2686 et
2675 2618 2816 2669 ealor
2843 2629 2922 2668 est
2947 2661 2960 2680 ,
3011 2613 3378 2686 hoc‘notatnr,

1836 2680 1956 2744 quia
1991 2682 2306 2735 illtuninabit
2335 2684 2500 2738 bonos
2527 2693 2579 2737 et
2608 2683 2691 2738 hic
2715 2696 2766 2739 et
2796 2687 2845 2740 iu
2872 2688 3063 2750 futuro,
3095 2701 3143 2742 et
3173 2680 3381 2745 tandem

1835 2750 2089 2804 cremabit
2118 2751 2300 2804 malos.

1840 2885 1852 2896 0
1907 2817 2186 2896 Interrupit
2216 2832 2426 2896 petram.
2460 2821 2618 2896 Aliud
2655 2823 2984 2890 beneﬁcium,
3012 2828 3229 2889 scilicet,
3259 2831 3378 2896 quia

1835 2893 1897 2966 in
1916 2905 2078 2966 eremo
2104 2893 2350 2956 inaquosa
2377 2894 2640 2958 interrupit
2663 2908 2852 2960 petram
2881 2897 3129 2948 Dominus
3153 2916 3179 2948 ει
3201 2893 3380 2966 Moyse

1835 2955 1917 3031 bis
1937 2961 2094 3031 virga
2125 2974 2447 3031 percussam,
2476 2973 2526 3015 et
2555 2955 2803 3029 aquarum
2837 2976 2974 3016 tanta
3004 2968 3148 3031 copia
3179 2955 3381 3019 allhisit

1834 3026 2002 3100 (velut
2031 3026 2080 3080 in
2110 3030 2266 3080 multa
2296 3029 2474 3098 abysso
2494 3031 2536 3096 ),
2571 3026 2624 3083 ut
2651 3036 2894 3100 adaquari
2928 3026 3152 3099 ιιιιθεείιι.
3191 3036 3253 3087 Et
3285 3043 3378 3087 hoc.

1838 3097 1993 3149 tnodo
2024 3099 2288 3159 adaquavit
2317 3097 2399 3150 eas
2422 3141 2435 3160 ,
2466 3103 2585 3172 quia
2617 3097 2787 3154 eduxit
2826 3097 3007 3157 aquam
3037 3110 3097 3156 de
3131 3117 3297 3172 petra,
3332 3118 3387 3160 ιιι

1839 3181 1942 3244 non
1984 3183 2193 3244 parvam
2233 3183 2456 3244 aquam,
2490 3171 2581 3244 sed
2624 3173 2790 3222 eduxit
2823 3190 2976 3237 aquas
3021 3171 3255 3243 tanquam
3285 3179 3384 3244 {lu-

1840 3238 1976 3288 mina
2001 3280 2014 3301 ,
2059 3238 2108 3290 id
2147 3246 2225 3290 est
2252 3281 2264 3302 ,
2302 3240 2618 3305 largissimas
2659 3257 2836 3307 aquas.
2880 3245 3024 3308 Quod
3055 3238 3128 3296 sic
3177 3247 3237 3297 ad
3285 3238 3381 3298 nos

1843 3320 1920 3372 pet
1939 3308 2263 3379 tinet.Pctra
2293 3311 2342 3359 in
2370 3323 2548 3361 ereum
2571 3311 2645 3362 bis
2667 3314 2805 3378 virga
2833 3328 3099 3379 percusm,
3125 3323 3203 3365 ost
3228 3315 3381 3368 Chri-

1839 3385 1950 3450 stus
1983 3376 2175 3450 duplici
2219 3379 2564 3450 lignocrucis
2607 3376 2922 3442 crucifixus,
2968 3399 3016 3434 in
3057 3376 3205 3450 cuius
3253 3402 3375 3450 pas-

1841 3446 1990 3519 sione
2020 3447 2180 3498 t'elum
2209 3448 2378 3514 templi
2405 3448 2615 3498 scissum
2637 3458 2727 3513 est,
2759 3451 2878 3515 quia
2902 3454 3070 3502 omnia
3097 3446 3211 3517 quae
3235 3446 3378 3519 prius

1839 3517 2038 3588 occulta
2082 3526 2228 3588 erant
2256 3557 2269 3579 ,
2315 3519 2538 3588 revelata
2570 3527 2724 3580 sunt;
2758 3532 2800 3569 et
2839 3529 2992 3584 petra:
3032 3523 3196 3572 rcissw
3223 3517 3337 3575 sunt
3364 3563 3380 3588 ,

1846 3584 1963 3650 quia
2005 3585 2202 3653 lapidea
2241 3585 2395 3638 corda
2431 3586 2581 3637 tidem
2611 3600 2956 3707 snsceperunt
2979 3629 2992 3648 ,
3039 3606 3191 3655 quam
3223 3584 3378 3646 tidem

1846 3654 2132 3707 largissime
2174 3670 2320 3707 aqua:
2363 3662 2558 3707 secuta:
2584 3663 2724 3707 sunt.
2800 3659 2880 3707 lla:
2919 3673 3104 3707 nouat.
3139 3659 3338 3707 scilicet
3364 3703 3377 3707 -

1845 3654 2132 3725 largissime
2174 3670 2320 3725 aqua;
2363 3662 2564 3725 secutae
2584 3663 2724 3707 sunt.
2775 3654 2880 3710 Illa:
2919 3654 3105 3725 aqutc,
3139 3659 3379 3725 scilicet,

1839 3722 1905 3796 d_e
1933 3721 2124 3796 quibus
2155 3721 2263 3789 ipSe
2293 3723 2419 3777 dicit
2450 3725 2497 3776 in
2527 3722 2810 3796 Evangelii)
2841 3743 2852 3777 :
2889 3721 2986 3791 Qui
3016 3729 3064 3779 in
3094 3721 3171 3780 me
3200 3721 3381 3796 credit,

1838 3793 2047 3856 ﬂumina
2076 3793 2137 3843 de
2182 3803 2344 3844 ventre
2371 3809 2480 3858 e,us
2521 3795 2706 3860 ﬂuent,
2738 3804 2840 3849 etc.
2869 3838 2884 3859 ,
2935 3799 3030 3848 hoc
3059 3809 3137 3850 est
3159 3837 3173 3861 ,
3204 3793 3380 3856 secuta

1839 3870 1961 3912 sunt
1988 3875 2047 3912 ea
2078 3861 2532 3928 abundantiSsima
2563 3863 2777 3929 spiritua
2803 3865 2845 3915 ia
2877 3867 3034 3918 dona.
3351 3905 3354 3907 .

1910 3929 1973 3981 Et
2011 3940 2349 3998 opposuerunt
2379 3932 2546 3982 adhuc
2585 3948 2787 4000 peccare
2812 3934 2875 3994 ei,
2905 3936 2954 3985 in
2999 3937 3127 3986 iram
3155 3937 3382 3991 concita—

1838 4009 2011 4072 uerunt
2040 4001 2288 4072 excelsum
2326 4003 2378 4054 in
2408 4003 2667 4069 inaquoso.
2701 4004 2800 4056 Tot
2829 4005 3036 4072 quidem
3074 4006 3322 4059 benelicia
3348 4025 3382 4062 ει

1840 4068 2058 4140 Donnno
2088 4070 2316 4136 praestita
2356 4082 2475 4124 sunt
2504 4073 2581 4124 eis
2606 4116 2618 4136 ,
2651 4085 2706 4127 et
2734 4068 2904 4126 tamen
2943 4074 3038 4140 ipsi
3069 4077 3238 4128 adhuc
3265 4095 3378 4140 pec-

1836 4152 1950 4188 care
1973 4138 2019 4189 ei
2045 4150 2406 4213 apparuerunt.
2438 4141 2499 4192 lit
2539 4143 2653 4213 ideo
2687 4143 2854 4209 (quasi
2887 4138 3043 4202 dicat)
3073 4147 3190 4198 dico
3219 4138 3381 4213 appo-

1833 4215 2037 4258 suerunt
2067 4223 2290 4275 peccare,
2324 4210 2441 4276 quia
2478 4211 2620 4275 prius
2661 4224 2959 4277 posuerant.
2993 4214 3120 4266 Nam
3149 4230 3267 4269 cum
3289 4210 3384 4271 ra:-

1833 4277 2109 4352 citttuerunt
2139 4278 2575 4352 priosexcetsum,
2602 4281 2796 4352 rid-est,
2844 4281 3118 4336 Dominum
3147 4286 3198 4338 in
3225 4287 3375 4352 iram,

1834 4345 2120 4420 dubitando
2153 4346 2219 4399 de
2253 4347 2376 4420 ejus
2418 4351 2644 4414 potentia
2679 4350 2730 4402 in
2777 4354 3051 4415 tnaquoso.
3089 4356 3136 4406 id
3179 4366 3295 4420 est,
3327 4345 3382 4410 iu

1834 4415 2148 4491 aridodoco,
2191 4417 2411 4491 scilicet,
2446 4419 2610 4485 magis
2641 4422 2690 4471 in
2721 4422 2963 4474 ariditate
3007 4425 3197 4476 mentis
3225 4415 3378 4491 quant

1836 4484 2051 4536 ventris.
2079 4484 2221 4537 Pleni
2244 4487 2382 4538 enim
2408 4484 2558 4538 erant
2586 4499 2815 4550 ventres,
2841 4492 2931 4542 sed
2961 4507 3129 4544 VuCltlt:
3156 4484 3378 4550 tuentes.

172 4562 403 4630 gratiam
427 4600 441 4622 ,
478 4563 612 4612 mala
645 4576 768 4614 vero
800 4548 892 4626 per
917 4548 1192 4631 justitiam.
1228 4548 1569 4610 Attendamus
1607 4548 1731 4622 ergo
1760 4548 1808 4603 υ
1839 4553 1901 4602 Et
1930 4553 1977 4604 in
2005 4569 2106 4631 quo
2131 4565 2490 4631 opposuerunt,
2520 4558 2692 4631 subdit
2723 4575 2733 4608 :
2762 4548 2978 4618 scilicet,
3003 4576 3067 4631 in
3110 4559 3229 4628 hoc,
3260 4548 3381 4631 quia

171 4629 267 4691 ea,
296 4645 365 4681 ne
395 4634 559 4682 simus
586 4631 772 4698 ingrati
803 4630 1063 4683 beneficiis
1090 4629 1201 4688 Dei,
1228 4638 1280 4680 et
1313 4643 1562 4698 ponamus
1585 4639 1731 4690 Spem

176 4709 419 4752 nostrain
449 4714 550 4751 non
584 4697 835 4758 innobis,
869 4699 959 4751 ted
994 4701 1044 4748 in
1087 4713 1187 4760 eo;
1216 4707 1269 4748 et
1311 4697 1586 4747 timeamus
1613 4708 1731 4747 eum

173 4780 332 4821 rasto
361 4782 540 4820 amore
563 4805 580 4830 ,
633 4783 733 4819 non
765 4767 939 4820 servili
965 4807 980 4830 ,
1013 4781 1077 4819 ne
1109 4767 1196 4817 tiat
1227 4768 1275 4816 in
1309 4766 1459 4815 nobis
1487 4765 1623 4831 quod
1656 4763 1732 4816 fa.

171 4851 324 4890 ctum
355 4846 434 4889 est
478 4837 528 4888 in
558 4836 655 4898 eis,
685 4837 915 4897 scilicet,
947 4845 1002 4888 ut
1029 4835 1192 4887 simus
1229 4835 1476 4902 generatio
1507 4845 1658 4901 prava
1685 4842 1730 4886 et

172 4921 507 4974 exasperant.
543 4905 791 4957 Litteram
823 4907 896 4958 sic
922 4905 1248 4958 contitmahis
1275 4921 1285 4954 :
1314 4907 1465 4964 Ecce,
1496 4905 1726 4974 inquam,

175 4993 229 5026 ιιι
266 4971 812 5048 ὧεγριιιῄιιιιιυειιιιιίιι,
846 4986 897 5025 ιι
926 4987 1098 5038 pustea
1140 4975 1358 5048 contulit
1394 4987 1469 5048 eis
1501 4971 1730 5048 haec

176 5043 423 5108 peticia',
444 5046 681 5108 scilicet,
723 5049 857 5111 quod
887 5061 1003 5096 cum
1052 5044 1312 5095 venissent
1343 5043 1405 5093 ad
1451 5056 1594 5095 mare
1626 5043 1729 5094 ltu-

178 5117 360 5176 hrum,
391 5125 443 5166 et
477 5124 688 5182 propter
716 5124 994 5182 sequentes
1023 5113 1199 5164 hostes
1227 5113 1553 5182 dubitarent,
1582 5114 1731 5165 inter-

175 5191 342 5252 rupit,
376 5184 426 5234 id
457 5179 556 5244 est,
575 5179 764 5236 'diviStt
792 5179 864 5236 eis
892 5200 1026 5234 mure
1045 5223 1057 5243 ,
1087 5192 1132 5233 et
1169 5197 1211 5249 p.
1231 5180 1397 5231 rdua'it
1422 5195 1505 5229 eos
1529 5179 1637 5252 jam
1664 5183 1728 5234 ad

176 5249 322 5306 aliud
352 5255 494 5305 littus
521 5268 735 5311 securos
760 5255 823 5305 ab
853 5255 1090 5305 hostibus
1112 5269 1125 5315 ;
1147 5260 1191 5302 et
1215 5253 1291 5302 eis
1317 5249 1725 5311 transeuntibus,

175 5325 393 5385 statuit,
427 5323 474 5373 id
520 5332 628 5386 est,
672 5323 886 5374 stabiles
928 5325 1045 5375 fecit
1087 5337 1241 5388 aquas
1282 5320 1472 5382 maris,
1497 5321 1649 5388 quasi
1680 5321 1726 5370 vi

179 5395 439 5447 collectas
471 5408 481 5443 :
517 5393 614 5444 hoc
644 5390 984 5442 historialiler
1012 5387 1139 5443 illis;
1168 5390 1245 5442 Fit
1272 5390 1428 5442 etiam
1458 5387 1594 5439 idem
1625 5388 1729 5453 spi-

178 5464 444 5516 rimuliter
475 5463 642 5514 nobis.
685 5464 828 5523 Aqua
877 5461 1016 5511 enim
1061 5463 1384 5525 baptismatis
1429 5458 1726 5520 rubricata,

182 5531 232 5582 id
247 5544 353 5593 εει,
374 5532 515 5585 velut
544 5546 687 5584 mare
711 5529 1103 5600 Rubruml‘acta
1135 5526 1727 5600 sanguinetlln'isti,qui

177 5602 510 5654 admiscetur
534 5604 582 5654 ei
613 5617 705 5666 per
733 5599 994 5665 signacula
1023 5599 1216 5662 crucis,
1245 5598 1494 5650 div.ditur
1517 5599 1582 5648 ab
1610 5597 1730 5647 aliis

180 5669 513 5738 simplicibus
543 5673 713 5738 aquis,
742 5671 860 5737 quia
886 5667 994 5734 jam
1025 5677 1105 5738 est
1134 5680 1264 5732 aqua
1299 5682 1400 5719 non
1431 5675 1625 5718 tantum
1657 5666 1732 5715 la-

180 5736 371 5792 vandis
401 5736 710 5810 corporibus
735 5736 870 5799 ,sed
898 5736 1157 5810 mentibus
1179 5747 1334 5810 _apta_.
1372 5740 1434 5788 Et
1478 5750 1568 5803 per
1601 5738 1733 5786 hanc

180 5821 374 5878 aquam
400 5812 450 5866 in
478 5805 575 5880 qua
603 5811 810 5865 Satana:
838 5817 889 5863 et
916 5805 1117 5877 pompis
1145 5805 1257 5874 ejus
1281 5807 1728 5869 abrenuntiamuw‘,

1833 4633 1949 4672 cum
1981 4622 2245 4698 venissent
2274 4625 2336 4674 ad
2370 4624 2539 4675 locuut
2573 4626 2659 4678 ubi
2693 4641 2787 4698 nec
2836 4632 2938 4681 seri
2966 4630 3160 4696 aliquid
3194 4622 3378 4698 potuit,

1832 4701 1929 4765 nee
1956 4701 2126 4765 satum
2169 4691 2264 4743 fuit
2287 4735 2299 4756 ,
2335 4702 2646 4745 tentuverunt
2685 4695 2845 4748 Deum
2887 4699 2939 4750 in
2980 4691 3210 4752 cordibus
3237 4691 3379 4765 suis,

1830 4760 1949 4833 quia
1991 4760 2233 4826 petebant
2264 4777 2366 4833 non
2397 4764 2662 4833 credendo
2685 4805 2700 4828 ,
2735 4768 2824 4818 sed
2869 4768 3118 4821 tentando
3141 4808 3154 4831 ,
3187 4771 3326 4824 aliud

1829 4828 2049 4908 scilicet,
2076 4833 2125 4881 in
2147 4845 2263 4908 ore,
2281 4831 2420 4882 aliud
2445 4827 2697 4885 habentes
2723 4833 2772 4884 in
2802 4838 2979 4888 corde.
3007 4837 3114 4899 Sic,
3141 4827 3381 4908 inquam,

1830 4899 2325 4973 tentaveruutdico,
2359 4907 2658 4973 utpeterent
2699 4918 2835 4955 escas
2863 4908 3128 4960 animabus
3152 4899 3255 4961 suis
3283 4952 3296 4973 ,
3331 4899 3381 4964 id

1828 4978 1906 5018 est
1931 5007 1946 5028 ,
1981 4968 2188 5019 utilitati
2219 4982 2321 5019 non
2353 4969 2712 5034 spiritualitati
2743 4987 2870 5026 sine.
2919 4975 2980 5026 Et
3016 4994 3109 5028 nos
3143 4968 3382 5032 similiter

1828 5042 2140 5111 supponimus
2169 5037 2466 5111 peccarein
2497 5039 2770 5111 inaquoso,
2802 5044 2844 5095 si
2879 5057 3149 5111 postquam
3177 5063 3267 5111 per
3292 5051 3373 5099 itii-

1827 5105 2166 5158 sericordiam
2202 5107 2292 5160 Dei
2323 5105 2614 5175 spiritualia
2642 5111 2777 5162 dona
2811 5105 3123 5178 accepimus,
3156 5105 3223 5168 ita
3256 5119 3361 5170 arid

1830 5190 2032 5234 smnus.
2061 5187 2110 5229 ut
2145 5177 2280 5229 bona
2309 5193 2424 5242 qua;
2458 5193 2730 5243 possemus
2760 5177 2948 5244 agere,
2983 5198 3193 5247 prorsus
3223 5189 3366 5238 omit-

1831 5252 2034 5318 tamus;
2063 5256 2112 5298 et
2140 5249 2191 5298 in
2220 5247 2315 5299 hac
2344 5248 2586 5300 ariditate
2615 5256 2678 5298 ad
2706 5251 2834 5318 iram
2868 5268 2983 5301 ιιιιιιι
3014 5267 3372 5318 promi-timus.

1828 5314 2153 5390 Apponimus
2185 5326 2360 5383 postea
2391 5331 2626 5381 peccare,
2671 5317 2716 5390 si
2749 5314 3030 5390 tentamus
3058 5337 3198 5385 eum,
3231 5339 3384 5390 quat-—

1829 5393 2003 5458 rcntes
2034 5385 2100 5438 ab
2127 5401 2190 5458 eo
2221 5402 2341 5458 non_
2366 5400 2484 5438 vera
2510 5425 2533 5458 ,γ
2557 5393 2648 5439 sed
2697 5386 2822 5438 falsa
2869 5392 3000 5442 bona
3025 5431 3037 5451 ,
3069 5395 3214 5458 quasi
3248 5385 3374 5456 'ipse

1828 5452 1947 5527 quid
1991 5456 2269 5527 petendum
2301 5456 2367 5507 sit
2398 5457 2628 5527 nesciat,
2658 5471 2776 5508 cum
2807 5463 2870 5510 de
2909 5462 3037 5513 solis
3068 5452 3202 5515 v'et'is
3234 5452 3384 5516 bonis

1827 5521 1967 5592 dicat
1996 5541 2007 5574 :
2044 5523 2201 5575 Petite
2228 5532 2276 5576 et
2302 5525 2573 5592 accipietis,
2604 5538 2703 5578 etc.

1900 5590 2126 5668 Etutate
2171 5595 2323 5644 locuti
2364 5590 2480 5645 sunt
2513 5595 2574 5645 de
2619 5593 2762 5668 Deo;
2809 5599 3039 5651 dixerunt
3079 5613 3099 5653 :
3136 5597 3383 5668 Nunquid

1829 5662 2006 5728 poterit
2046 5664 2183 5735 Deus
2228 5679 2408 5728 parare
2444 5679 2663 5735 mensam
2700 5665 2751 5716 in
2790 5668 3030 5719 deserto?
3070 5662 3383 5735 Exseqn'ttnr

1831 5745 1934 5804 quo
1963 5733 2117 5804 modo
2152 5742 2478 5804 tentaveruut
2512 5734 2690 5799 Deum,
2724 5738 2942 5800 scilicet,
2973 5738 3111 5804 quia,
3146 5733 3274 5789 mute
3305 5745 3380 5788 Io-

1832 5800 1934 5852 cuti
1961 5803 2021 5855 de
2049 5802 2170 5866 Deo,
2207 5803 2543 5860 detrahentes
2568 5805 2649 5872 ei,
2680 5805 2796 5872 quia
2828 5800 3058 5858 dixerunt
3085 5800 3103 5859 ἐ
3135 5807 3380 5874 Νηιιι]ιιὲ.1
