3898 6226
562 410 664 465 899

1019 402 1218 456 BED/E
1261 400 1696 456 νεΝειιΑωωε
1731 402 1880 453 UI‘P.
1925 399 2095 453 PARS

2222 398 2408 454 SECT.
2452 398 2509 451 Il.
2554 426 2617 438 -—
2658 396 2854 450 DlilllA
2902 396 2983 448 ΕΤ
3022 393 3288 451 ερυιιιλ.

3651 396 3749 449 900

564 515 740 583 poterit
772 513 898 566 Deus
925 526 1101 583 parare
1128 492 1365 583 inquam,
1395 511 1442 563 id
1472 521 1572 583 est,
1602 512 1824 583 aliquam
1855 512 2094 583 refectio-
2126 516 2167 567 Α
2196 509 2382 583 cibaria
2424 508 2536 583 alia_
2570 507 2699 583 misit
2714 507 2794 583 eis
2821 516 3010 583 praeter
3060 521 3245 583 manna
3297 507 3347 556 in
3394 506 3747 570 abundantia;

567 578 684 635 item
709 588 758 634 in
790 583 888 633 hoc
920 581 1157 632 deserto?
1186 578 1251 630 Et
1288 582 1432 644 quasi
1463 581 1599 631 dicat
1628 580 1703 631 eis
1731 581 1917 645 aliquis
1954 594 1965 629 :
2002 579 2099 629 Po-

566 660 687 704 terit
710 688 725 713 ,
754 651 873 715 quia
902 648 1039 716 quod
1085 660 1231 713 usque
1271 649 1360 700 fuit
1394 648 1713 714 impossibile
1742 648 1859 700 fecit
1882 687 1896 709 ,
1929 646 2101 716 dando

565 734 724 782 aquas
749 720 814 771 de
844 714 984 783 petra
1006 756 1021 778 ν
1051 717 1251 777 dicunt,
1282 719 1343 768 ad
1376 717 1498 768 illud
1521 717 1891 769 destruendum
1925 733 1938 768 :
1970 714 2102 778 Quo-

566 788 701 838 nism
724 788 962 855 percussit
986 797 1198 855 petram,
1222 795 1273 836 et
1295 800 1451 855 aquas
1470 786 1664 837 eduxit.
1691 784 1932 851 Nunquid
1953 786 2101 834 etiam

564 854 739 923 poterit
764 859 893 923 dare
908 870 1086 911 partem
1107 854 1157 903 in
1182 857 1277 923 hoc
1301 854 1526 917 deserto,
1549 864 1634 904 aut
1656 869 1835 918 parare
1860 868 2099 923 mensam,

570 921 618 975 id
665 932 786 984 est,
820 922 1155 975 relectionem
1186 921 1407 989 aliquam
1454 923 1637 989 populo
1661 961 1675 982 .
1706 922 1943 988 quamvis
1980 935 2099 973 eum

567 994 741 1044 dicant
770 992 963 1043 suum?
998 990 1183 1056 Utique
1212 1006 1312 1043 non
1346 992 1574 1057 poterit,
1602 991 1721 1057 quia
1754 991 1921 1057 (quasi
1952 989 2101 1043 dice-

569 1063 711 1125 rent)
742 1060 864 1111 illud
895 1060 1067 1120 aliquo
1094 1058 1247 1109 modo
1277 1060 1517 1125 possibile
1549 1062 1638 1109 tun
1665 1101 1679 1121 ,
1714 1060 1845 1110 istud
1872 1072 1993 1111 vero
2022 1068 2103 1112 est

573 1130 909 1195 impossibile.
935 1128 1223 1195 Allegorice
1254 1130 1475 1192 pertinet
1496 1126 1593 1179 hoc
1613 1130 1675 1179 ad
1708 1128 1818 1177 illos
1845 1128 1927 1192 qui
1962 1136 2090 1187 post-

568 1194 721 1263 quam
750 1194 1076 1263 cognoscunt
1101 1206 1155 1247 et
1198 1194 1491 1258 intelligunt
1518 1212 1637 1248 vere
1665 1196 1924 1248 Christum
1966 1211 2102 1247 mor—

571 1276 714 1318 tuum
738 1282 857 1318 esse
884 1281 975 1327 pro
998 1275 1172 1317 nostra
1197 1264 1506 1327 salvatione,
1531 1276 1583 1316 et
1606 1265 1917 1329 baptismum
1944 1264 2099 1315 etiam

573 1336 747 1387 Valere
788 1336 851 1385 ad
882 1343 1109 1385 nostrain
1140 1334 1476 1383 salvationem
1502 1372 1517 1395 ,
1553 1334 1791 1384 dubitant
1837 1343 2007 1383 tamen
2036 1348 2101 1383 an

571 1404 760 1467 ipsein
791 1403 887 1453 hoc
918 1403 1125 1453 deserto
1146 1440 1160 1462 ,
1195 1400 1241 1451 id
1273 1414 1370 1462 est,
1404 1403 1454 1452 in
1488 1403 1582 1451 hac
1615 1402 1733 1463 vita,
1778 1402 2025 1467 sanguine
2052 1409 2103 1451 et

574 1486 793 1535 corpore
823 1487 916 1522 suo
951 1486 1043 1520 nos
1072 1471 1231 1532 possit
1264 1470 1495 1520 relicerc.
1533 1470 1593 1520 Et
1621 1473 1765 1533 quasi
1793 1470 1965 1519 dicant
1996 1471 2061 1519 ita
2087 1483 2101 1519 :

572 1540 816 1604 Quoniam
847 1539 983 1591 DeUs
1013 1538 1248 1602 percussit
1276 1549 1493 1602 petram,
1536 1539 1581 1587 id
1607 1549 1704 1597 est,
1737 1540 1979 1599 quoniattt
2006 1538 2103 1588 Do-

572 1611 745 1659 minus
777 1624 869 1669 pro
898 1608 1044 1657 nobis
1070 1615 1301 1656 mortuus
1334 1616 1431 1667 est,
1461 1616 1506 1657 et
1538 1606 1655 1657 inde
1684 1607 1931 1671 [luxerunt
1962 1622 2105 1669 aqua!

571 1676 651 1741 (ut
689 1691 843 1738 sopra
880 1676 1072 1727 dictum
1103 1677 1204 1738 est)
1236 1676 1455 1737 nunquid
1482 1675 1628 1726 etiam
1662 1678 1837 1735 pou-rit
1868 1680 1986 1726 dare
2014 1692 2101 1739 pn-

573 1761 708 1804 nem,
742 1746 787 1795 id
830 1754 910 1796 est
936 1784 948 1801 .
984 1743 1171 1809 poterit
1201 1756 1294 1794 nos
1340 1748 1387 1794 in
1419 1745 1625 1795 deserto
1659 1746 1807 1807 hujus
1849 1746 1963 1794 vita:
1991 1758 2106 1793 cor-

2200 588 2249 627 ct
2285 578 2381 629 hoc
2421 577 2574 628 modo
2612 576 2750 626 misit
2786 576 2899 626 eis:
2940 574 3214 627 Transtulit
3244 588 3498 636 austrum,
3535 586 3745 630 ventum

2200 645 2341 697 illum
2395 644 2615 697 calidum
2662 648 2723 695 de
2769 645 2889 695 caelo
2936 645 2997 696 ad
3050 654 3238 704 terras,
3269 654 3317 695 et
3355 645 3559 695 induxit
3591 646 3745 697 etiam

2200 716 2423 780 Africum
2446 713 2586 765 illum
2611 713 2709 765 coll
2729 711 2959 780 iteralem
2985 712 3118 778 ejus,
3145 723 3353 764 ventum
3388 728 3488 780 non
3529 712 3582 764 in
3611 715 3747 780 ejus,

2198 778 2286 835 sed
2327 785 2375 833 in
2411 798 2503 833 sua
2542 783 2715 833 virtute
2751 785 2833 847 qui
2873 778 2995 833 facit
3031 797 3147 832 eum
3186 796 3325 833 esse.
3376 779 3440 831 Et
3467 783 3517 833 in
3549 778 3745 845 impetu

2201 852 2284 903 illo
2318 864 2584 903 ventorum
2616 852 2742 913 pluit
2773 864 2922 916 super
2960 865 3044 901 eos
3080 866 3277 901 carnem
3306 852 3436 901 sicut
3466 852 3743 917 pulverem,

2201 920 2248 972 id
2280 929 2379 979 est,
2419 920 2773 979 abundanter;
2818 928 2871 969 et
2910 920 3006 971 hoc
3048 917 3299 985 exponit,
3340 920 3574 981 scilicet,
3622 922 3746 984 pluit

2198 1003 2353 1055 super
2385 1003 2477 1041 eos
2521 990 2647 1039 sicut
2686 1003 2893 1039 arenam
2930 988 3097 1043 maris.
3135 988 3183 1039 id
3231 995 3332 1047 est,
3380 989 3743 1051 copiosissime

2198 1058 2419 1109 volatilia
2448 1068 2679 1121 pennata.
2711 1055 2843 1108 Sunt
2886 1056 3024 1107 enim
3052 1056 3213 1109 etiam
3242 1056 3482 1123 qotrdam
3514 1057 3740 1110 volatilia

2200 1142 2302 1178 non
2335 1136 2574 1190 pennata,
2610 1134 2665 1176 ut
2696 1125 3002 1190 papilioiies,
3032 1134 3081 1175 et
3113 1126 3345 1177 volatilia
3372 1126 3485 1186 illa,
3518 1125 3737 1188 scilicet.

2202 1204 2524 1256 coturnices,
2570 1195 2853 1245 ceciderunt
2885 1192 2936 1243 in
2970 1194 3133 1244 medio
3167 1202 3450 1244 castrorum
3488 1210 3662 1246 eorum
3688 1207 3736 1248 et

2199 1266 2333 1315 circa
2374 1263 2689 1314 tabernacula
2728 1276 2889 1327 usque
2925 1262 2987 1313 ad
3026 1262 3274 1324 cubitum,
3319 1272 3372 1313 ut
3410 1264 3622 1315 historia
3655 1280 3740 1315 re-

2202 1332 2335 1394 fert;
2368 1342 2411 1382 et
2451 1332 2570 1383 inde
2593 1346 2692 1382 non
2722 1330 2895 1381 sobrie
2934 1332 3374 1393 manducaverunt,
3406 1336 3498 1382 sed
3529 1335 3737 1384 sat-rati

2200 1411 2312 1451 sunt
2338 1400 2543 1465 quidam
2567 1414 2742 1451 eorum
2768 1397 2938 1458 nimis,
2966 1400 3014 1450 id
3044 1409 3140 1456 est.
3168 1414 3331 1466 usque
3357 1401 3422 1451 ad
3453 1403 3733 1465 vomitum;

2202 1479 2245 1519 et
2276 1469 2371 1519 hoc
2409 1469 2563 1519 modo
2606 1468 2773 1517 attulit
2814 1466 2883 1517 eis
2916 1467 3159 1519 Dominus
3202 1467 3508 1520 desiderium
3541 1485 3733 1533 eorum,

2203 1539 2420 1598 scilicet,
2453 1537 2669 1601 replevit
2716 1534 2973 1587 inﬁdelem
3019 1538 3492 1602 concupiscentiam
3530 1552 3729 1591 eorum.

2206 1605 2265 1657 Et
2289 1620 2407 1658 vere
2434 1606 2621 1667 attulit,
2645 1604 2762 1669 quia
2785 1619 2880 1654 non
2908 1616 3018 1655 sunt
3043 1604 3268 1669 fraudati
3289 1623 3321 1656 a
3347 1607 3593 1658 desiderio
3622 1625 3722 1662 sua.

2206 1676 2269 1725 Et
2307 1675 2424 1740 quia
2466 1674 2619 1725 nimis
2653 1674 2867 1723 saturati
2916 1684 3053 1732 sunt,
3088 1674 3202 1726 ideo
3242 1688 3363 1725 cum
3403 1675 3565 1725 adhuc
3610 1692 3730 1727 esse

2204 1754 2379 1795 essent
2408 1745 2457 1792 in
2500 1758 2583 1793 ore
2626 1743 2865 1806 ipsorum,
2898 1746 3067 1794 statim
3098 1742 3175 1793 ira
3205 1742 3292 1794 Dei
3328 1744 3550 1795 ascendit
3586 1762 3730 1807 super

572 1828 697 1877 pore
742 1824 790 1864 et
824 1812 1082 1883 sanguine
1118 1826 1213 1863 suo
1254 1812 1505 1883 reticere?
1548 1812 1704 1875 Quasi
1734 1812 1909 1883 dicant
1948 1826 1963 1864 :
1998 1812 2102 1863 Iloc
2136 1827 2177 1883 Β
2204 1828 2305 1883 eos,
2342 1814 2388 1863 id
2427 1820 2527 1871 est,
2570 1811 2693 1883 ultio
2729 1810 2901 1883 divina
2942 1812 3199 1883 oppressit
3242 1826 3355 1883 eos.
3406 1814 3653 1864 Similiter
3683 1824 3730 1865 et

571 1892 655 1933 est
686 1882 1021 1947 impossibile.
1058 1880 1153 1931 Per
1185 1895 1368 1945 panem
1399 1882 1447 1932 in
1494 1882 1740 1948 mysterio
1768 1880 1943 1944 accipe
1971 1884 2101 1931 alte-

570 1966 683 2003 rum
733 1960 930 2001 lztttlutlt
979 1958 1395 2015 sacramentum,
1444 1950 1643 2001 scilicet
1674 1987 1689 2011 ,
1738 1964 1962 2015 corpus;
2011 1963 2105 2014 per

579 2033 809 2072 mensam
842 2032 965 2070 vero
995 2028 1284 2079 utrumque.
1316 2014 1467 2069 Tales
1495 2017 1699 2069 luerunt
1724 2018 1793 2069 illi
1824 2014 1888 2069 de
1917 2018 2103 2082 quibus

570 2087 777 2154 legitur,
807 2100 923 2137 cum
965 2085 1166 2137 diceret
1204 2088 1448 2137 Dominus
1482 2102 1493 2135 :
1537 2085 1649 2136 Nisi
1686 2088 2103 2137 manducaveritis

568 2170 765 2207 carnem
798 2156 916 2206 Filii
946 2155 1177 2215 hominis,
1211 2163 1254 2204 et
1284 2155 1497 2205 biberitis
1528 2156 1633 2221 ejus
1662 2155 1982 2220 sanguinem,
2004 2172 2101 2206 non

568 2225 806 2275 habebitis
836 2224 982 2275 vitam
1003 2226 1051 2273 in
1078 2223 1228 2273 vobis.
1250 2222 1591 2275 Scundalizati
1611 2225 1764 2288 ferme
1792 2226 2103 2290 septuaginta

570 2294 672 2345 duo
700 2294 920 2344 abierunt
948 2302 1215 2351 retrorsum
1239 2292 1449 2344 dicentes
1481 2307 1497 2342 :
1522 2292 1687 2343 Durus
1716 2303 1784 2343 est
1814 2293 1891 2342 hic
1920 2308 2099 2356 sermo,

566 2363 675 2427 quis
720 2364 896 2427 poterit
922 2377 1031 2410 eum
1058 2361 1229 2411 audire
1252 2360 1274 2411 ?
1298 2360 1541 2427 Nunquid
1564 2360 1868 2411 abscissurus
1892 2372 1959 2410 cst
1987 2378 2102 2423 pur-

569 2432 745 2483 ticulus
774 2432 834 2482 de
858 2446 1002 2481 carne
1021 2445 1135 2494 sua,
1159 2438 1203 2481 et
1235 2430 1443 2482 daturus
1471 2430 1605 2481 nobis
1634 2432 1698 2479 ad
1727 2434 2099 2492 comedendum,

569 2511 620 2551 et
642 2514 709 2551 ω
721 2511 824 2551 terti
836 2537 846 2547 .

642 2566 765 2618 Ideo
795 2567 981 2618 audivit
1014 2566 1272 2617 Dominus.
1306 2565 1384 2618 llli
1415 2568 1622 2633 quidem
1652 2576 1909 2619 tentantes
1948 2566 2099 2617 dubi-

571 2646 825 2698 taverunt,
863 2646 914 2686 et
956 2637 1065 2686 ideo
1110 2634 1349 2687 Dominus
1386 2637 1574 2686 audivit
1603 2650 1726 2697 eos;
1760 2634 1902 2686 audit
1945 2638 2097 2687 etiam

571 2720 665 2756 nos
693 2720 809 2756 cum
848 2706 911 2756 de
941 2720 1003 2755 eo
1030 2705 1342 2765 dubitamus,
1371 2715 1415 2755 et
1445 2717 1615 2758 tamen
1648 2704 1839 2756 distulit
1871 2718 2096 2769 pinnam,

570 2783 623 2825 ut
655 2774 794 2839 prius
834 2781 1045 2825 satiaret
1080 2773 1338 2825 inlidelem
1369 2788 1548 2825 eorum
1588 2773 2057 2838 concupiscentiam
2083 2812 2097 2834 ,

568 2852 620 2893 et
648 2843 945 2894 ostenderet
986 2856 1131 2893 suam
1161 2842 1460 2908 potentiam.
1495 2842 1642 2907 Quod
1675 2852 1726 2894 et
1769 2844 1811 2894 si
1841 2844 1955 2908 quis
1981 2840 2099 2892 dili-

568 2921 749 2977 genter
777 2912 1043 2977 sequentia
1074 2912 1385 2973 consideret,
1418 2916 1682 2977 aptissime
1711 2911 1774 2961 ad
1807 2925 1899 2961 nos
1933 2920 2099 2976 potest

571 2981 775 3033 referri.
812 2981 875 3031 Et
915 2982 1035 3045 quid
1068 2980 1327 3033 distulerit
1355 2980 1478 3031 dicit
1503 3023 1517 3045 ,
1549 2980 1666 3045 hoc,
1697 2980 1891 3031 scilicet
1918 3019 1931 3041 ,
1962 2981 2096 3045 quod

566 3050 694 3115 ignis
723 3064 958 3099 accensus
989 3058 1079 3111 est,
1112 3048 1160 3100 id
1192 3058 1291 3110 est,
1326 3049 1513 3101 mentis
1540 3050 1819 3101 excaecatio
1849 3046 1980 3100 facta
2020 3058 2099 3101 est

568 3120 619 3169 in
646 3115 825 3176 Jaceb,
851 3119 899 3168 in
930 3118 1232 3179 minoribus,
1264 3117 1313 3169 id
1343 3126 1441 3177 est,
1477 3119 1526 3169 in
1555 3117 1930 3178 dubitantibus,
1962 3119 2098 3169 scili-

569 3194 655 3237 cet
681 3224 695 3247 ,
748 3186 1080 3237 historialiter
1117 3186 1213 3237 hoc
1241 3195 1293 3237 et
1322 3186 1371 3237 itt
1406 3188 1504 3237 illis
1552 3187 1661 3247 luit,
1692 3186 1825 3250 quod
1874 3185 2004 3251 ignis
2048 3187 2098 3239 in

567 3265 735 3305 castra
776 3268 952 3304 eorum
983 3256 1141 3305 νιιηὶι.
1170 3252 1234 3303 Et
1265 3254 1341 3305 ira
1372 3255 1455 3305 Dei
1498 3256 1715 3306 ascendit
1746 3255 1796 3304 in
1828 3252 2015 3313 Israel.
2051 3257 2097 3308 id

567 3332 667 3383 est,
700 3324 748 3373 in
779 3323 1079 3388 majoribus.
1112 3326 1260 3390 Saepe
1280 3324 1414 3374 enim
1447 3338 1537 3390 per
1560 3324 1835 3375 humanam
1862 3337 2101 3389 compas-

569 3392 771 3443 sioi.em
811 3394 1035 3457 majores
1078 3392 1206 3444 adeo
1235 3393 1517 3444 minoribus
1560 3391 2013 3454 condescenduut,
2046 3404 2102 3445 ut

569 3462 881 3527 condignam
906 3463 1288 3513 correctionem
1312 3461 1448 3512 vitiis
1468 3476 1646 3513 eorum
1674 3475 1771 3511 non
1796 3460 2097 3524 adhibeant,

570 3532 874 3595 depUtantes
906 3532 1073 3595 potius
1103 3531 1239 3594 quod
1269 3540 1484 3593 peccent
1523 3530 1759 3580 humana:
1792 3529 2098 3581 inlirmitati.

570 3598 637 3650 Et
663 3600 778 3650 ideo
811 3614 879 3649 ira
913 3600 1021 3660 Dei,
1053 3599 1100 3649 id
1130 3607 1243 3663 est,
1276 3599 1463 3649 mentis
1502 3596 1780 3650 excecatio
1808 3599 1998 3662 pariter
2026 3598 2101 3649 in-

576 3669 733 3717 volvit
754 3680 866 3722 eos,
891 3682 937 3731 q~
964 3667 1007 3717 iu
1035 3681 1133 3716 non
1161 3667 1235 3717 sic
1258 3668 1479 3732 compati
1503 3666 1773 3728 deberent,
1798 3674 1927 3717 teste
1951 3666 2101 3717 beato

570 3733 861 3801 Gregorio,
891 3738 976 3799 qui
1006 3734 1130 3785 dicit
1158 3753 1169 3785 :
1202 3732 1595 3801 Compnssionern
1628 3744 1815 3786 naturte
1850 3736 2099 3801 debemus,

566 3804 697 3853 vitiis
721 3818 831 3853 vero
862 3804 1233 3855 districtionein.
1258 3804 1594 3856 llistoriuliter
1616 3806 1773 3855 etiam
1802 3806 1968 3854 hocin
2001 3804 2102 3855 illis

571 3870 687 3937 fuit,
718 3874 833 3937 quia
864 3874 1033 3922 Aaron
1065 3888 1185 3924 vere
1210 3873 1364 3923 nimis
1385 3888 1687 3938 compassns
1710 3884 1788 3923 est
1814 3875 1907 3929 eis,
1940 3887 2097 3938 quan-

568 3940 659 4005 do,
677 3936 811 3991 satis
835 3936 857 3991 ἴ
885 3942 1026 3993 ciens
1051 3956 1219 4006 prava:
1246 3936 1721 4002 voluntatieorum,
1751 3936 2104 3991 vitulutn'con-

570 4010 785 4062 llatileui
819 4009 925 4062 ﬁeri
954 4012 1205 4076 permisit,
1236 4020 1289 4061 et
1312 4010 1428 4062 inde
1456 4010 1584 4060 iram
1614 4010 1699 4061 Dei
1730 4010 1934 4071 meruit,
1966 4010 2104 4061 scili-

572 4090 675 4144 cet,
704 4091 755 4131 ut
782 4094 887 4135 non
917 4080 1273 4132 introduceret
1302 4080 1441 4131 illum
1471 4080 1718 4145 populum
1746 4092 1894 4131 Suum
1923 4080 1973 4130 in
2004 4090 2103 4130 ter-

568 4162 676 4201 ram
707 4151 1084 4216 promissionis.

641 4218 772 4279 Quia
802 4233 899 4267 non
926 4216 1153 4268 credidit.
1183 4216 1323 4278 Ideo,
1353 4217 1579 4277 inquam,
1609 4216 1740 4285 ignis
1770 4220 2001 4266 detentus
2035 4226 2103 4267 ett

572 4286 825 4344 in-Jncob,
856 4288 971 4350 quia
998 4301 1093 4336 non
1125 4287 1435 4336 crediderunt
1464 4286 1514 4335 in
1539 4286 1665 4347 Deo,
1698 4286 1747 4335 id
1772 4296 1870 4347 eSI,
1902 4286 2101 4335 dubitu-

574 4361 759 4406 verunt
777 4356 840 4402 de
864 4355 995 4414 Deo;
1019 4364 1071 4403 et
1095 4355 1209 4404 ideo
1232 4369 1319 4404 nec
1343 4366 1655 4417 speraverant
1677 4357 1725 4403 in
1746 4352 1953 4403 salutari
1975 4356 2104 4419 ejus,

575 4422 625 4473 id
653 4430 749 4483 est,
778 4420 1178 4486 desperaverunt
1206 4424 1269 4473 de
1298 4423 1584 4473 είιινλιίυιιθ
1612 4421 1744 4487 ejus.

642 4489 709 4539 Et
760 4491 1008 4539 mandavit
1044 4490 1272 4540 nubibus.
1311 4492 1441 4541 licce
1487 4501 1693 4557 prepter
1739 4493 1860 4557 quid
1905 4490 2102 4544 distulit

579 4571 805 4625 pugnam,
836 4560 1049 4616 scilicet,
1080 4570 1133 4609 ut
1163 4562 1302 4625 prius
1343 4559 1581 4623 impleret
1626 4562 1879 4613 inlidelem
1922 4575 2102 4612 eorum

579 4630 1067 4695 concupiscentiam,
1092 4628 1210 4694 quia
1238 4630 1487 4677 mandavit
1516 4625 1721 4679 nubibus
1760 4630 1969 4695 desuper
2012 4645 2101 4681 ve-

583 4699 843 4749 nientibus
867 4698 1062 4763 pluere,
1100 4707 1143 4747 et
1171 4698 1365 4764 aperuit
1391 4698 1531 4761 quasi
1556 4701 1739 4765 januas
1766 4700 1893 4748 cteli.

647 4766 709 4815 Et
732 4768 851 4832 pluit
884 4767 981 4817 illis
1003 4781 1184 4817 manna
1204 4768 1270 4815 ad
1296 4767 1719 4817 manducandum.
1753 4766 1898 4829 Quod
1930 4775 2103 4817 autem

577 4834 717 4895 dicit,
766 4850 951 4885 manna
997 4836 1339 4896 determinat,
1386 4837 1601 4898 scilicet,
1649 4838 1783 4887 dedit
1814 4838 1882 4887 eis
1926 4850 2104 4901 panem

574 4905 701 4965 caeli,
738 4904 782 4954 id
813 4916 911 4964 est,
961 4920 1142 4970 panem
1190 4908 1401 4955 missum
1444 4910 1509 4955 de
1554 4906 1706 4955 caelo.
1759 4908 1882 4955 Nam
1926 4919 2104 4972 panem

576 4972 860 5037 angtlmuns
891 4974 1204 5023 manducavit
1248 4976 1435 5031 homo;
1483 4972 1727 5029 hocvere
1758 4975 1911 5025 habet
1940 4975 2104 5024 histo—

575 5043 670 5105 ria,
695 5046 827 5105 quod
849 5042 917 5091 illi
941 5044 1126 5107 populo
1153 5044 1490 5110 murmuranti
1517 5042 1649 5094 Deus
1674 5044 1859 5109 pluerit
1891 5057 2098 5094 manna.

574 5113 757 5164 Manna
799 5123 920 5160 vero
961 5113 1061 5162 tale
1095 5113 1208 5170 luit,
1249 5111 1383 5176 quod
1426 5112 1636 5174 quidem
1678 5126 1886 5163 omnem
1932 5114 2101 5162 cibum

568 5184 643 5231 eis
686 5179 883 5242 sapuit;
934 5189 987 5228 et
1031 5183 1393 5245 interpretatur
1446 5193 1653 5236 manna,
1684 5182 1802 5243 quid
1849 5188 1923 5230 est
1969 5181 2105 5231 hoc?

567 5250 676 5301 Non
707 5258 875 5297 autem
910 5248 1023 5299 ideo
1051 5262 1233 5298 manna
1267 5264 1441 5315 panem
1470 5248 1759 5313 angelorum
1787 5250 1933 5309 dicit,
1966 5252 2100 5314 quod

568 5332 632 5370 eo
664 5326 873 5367 utuntur
913 5318 1102 5381 angeli,
1145 5318 1234 5366 sed
1261 5331 1377 5381 quia
1403 5332 1549 5381 quasi
1572 5316 1635 5366 de
1666 5331 1845 5367 eorum
1872 5318 2097 5383 legione.

568 5388 618 5438 id
650 5395 751 5448 est,
782 5386 847 5436 de
902 5388 1255 5450 superioribus
1302 5384 1587 5435 descendit.
1645 5385 1732 5437 Vel
1776 5384 1891 5435 ideo
1945 5396 2099 5439 etiam

572 5468 758 5507 manna
788 5469 963 5521 panem
1004 5454 1287 5521 angelorum
1318 5455 1473 5513 dmt,
1506 5456 1621 5519 quia
1675 5456 1979 5520 signiﬁcavit
2011 5470 2100 5505 ιθ-

568 5538 681 5573 rum
730 5525 868 5573 illuni
912 5536 1094 5587 panem
1145 5524 1227 5589 qui
1278 5523 1340 5573 de
1384 5525 1504 5573 caelo
1550 5526 1820 5589 descendit,
1853 5537 1954 5591 quo
1981 5523 2099 5575 reti-

571 5593 777 5642 ciuntor
803 5595 989 5657 angeli.
1042 5592 1201 5643 Habet
1244 5606 1446 5657 quoque
1475 5592 1687 5645 historia
1717 5594 1856 5661 quod
1888 5608 2096 5654 manna,

569 5662 685 5723 quia
713 5660 911 5711 contusi
960 5662 1158 5725 saporis
1204 5671 1330 5723 erat,
1363 5664 1519 5725 capit
1566 5663 1643 5713 eis
1684 5660 1801 5715 esse
1832 5662 2014 5723 taedio;
2048 5673 2101 5716 et

572 5737 844 5795 coeperunt
878 5730 1186 5799 orsu-rare
1233 5732 1516 5798 sapidiorcs
1541 5732 1706 5797 cibos,
1738 5742 1781 5783 ct
1816 5743 1935 5787 tunc
1962 5731 2097 5786 Deus

2205 1880 2452 1931 Dnuinus
2479 1879 2679 1930 mandat
2704 1878 2933 1939 nubibus,
2962 1880 3008 1930 id
3034 1888 3133 1942 est,
3162 1881 3579 1942 prmdicatoi'ibus
3606 1898 3726 1941 suis,

2202 1961 2245 2000 et
2275 1950 2434 2009 aperi:
2465 1952 2650 2015 januas
2678 1948 2811 2007 etuti,
2851 1948 2900 1999 id
2928 1957 3039 2010 est,
3066 1948 3231 2013 aperit
3274 1950 3429 1999 corda
3471 1964 3645 2001 eorum
3671 1953 3728 2001 ad

2204 2016 2597 2083 intelligentiam
2628 2017 2887 2075 veritatis;
2918 2025 2969 2068 et
3001 2032 3087 2083 per
3118 2016 3237 2067 illos
3271 2018 3397 2080 pluit
3430 2018 3576 2069 nobis
3605 2020 3725 2071 illud

2202 2100 2378 2138 Verum
2406 2100 2613 2147 manna,
2636 2100 2737 2149 quo
2762 2086 3060 2137 reliciuntttr
3086 2084 3274 2151 angeli.
3297 2090 3436 2151 quod
3464 2087 3728 2139 descendit

2200 2154 2267 2207 tle
2295 2156 2449 2213 caelo,
2501 2164 2554 2205 ut
2585 2169 2765 2218 panem
2808 2155 3109 2221 angelorum
3165 2156 3505 2205 tnanduCaret
3555 2157 3724 2216 homo,

2203 2224 2423 2287 scilicet,
2477 2222 2788 2274 uotilicando
2832 2226 2982 2273 nobis
3028 2221 3298 2273 historiam
3357 2223 3725 2277 lncarnatimns

2200 2292 2391 2344 Clu-isti
2442 2293 2543 2351 sui,
2590 2302 2637 2341 et
2690 2298 2989 2355 mysterium
3039 2292 3199 2354 ipsms
3248 2292 3641 2355 lucariiatiouts,
3678 2307 3725 2345 et

2206 2370 2453 2426 praeterea
2484 2358 2795 2411 notiﬁizando
2821 2360 2968 2411 nobis
2996 2374 3113 2411 eum
3155 2358 3203 2409 iti
3232 2363 3569 2413 sacramentis
3596 2365 3727 2413 alta-

2202 2429 2292 2480 ris.
2332 2429 2609 2494 Postquam
2645 2439 2811 2479 autem
2858 2428 2957 2479 bac
2994 2437 3155 2479 totum
3196 2442 3287 2493 per
3324 2429 3723 2481 misericordiam

2202 2497 2314 2563 ejus
2362 2498 2693 2565 percipimus,
2722 2513 2761 2547 SI
2793 2496 2963 2547 adhuc
3004 2498 3184 2565 altiora
3212 2502 3357 2547 velut
3384 2498 3554 2549 cibum
3596 2499 3725 2565 sapi-

2202 2567 2403 2619 diorem
2435 2564 2732 2632 quaerimus,
2765 2574 2819 2615 ttt
2849 2574 3083 2616 notitiam
3112 2564 3177 2616 de
3214 2566 3485 2617 leInlLlle
3512 2564 3724 2633 ejus,et

2200 2636 2357 2687 etiam
2404 2635 2469 2687 de
2517 2636 2779 2701 mysteriis
2828 2634 3122 2697 altioribus,
3172 2641 3294 2686 tunc
3334 2634 3579 2686 Dtllﬂlﬂﬂs
3625 2653 3721 2688 non

2200 2704 2526 2770 Aquilmiem.
2552 2703 2637 2767 qui
2666 2702 2880 2768 frigidus
2905 2711 3003 2765 est,
3031 2704 3121 2754 sed
3148 2705 3397 2754 Austrum
3427 2713 3480 2757 et
3505 2704 3723 2758 Arrii-inn

2203 2772 2570 2825 lllel‘ileIIchs
2608 2780 2787 2822 ventos
2828 2779 2879 2822 et
2917 2772 3144 2833 calidus,
3186 2772 3235 2822 id
3279 2780 3380 2830 est,
3430 2773 3653 2825 lucentes
3679 2786 3727 2826 cl

2202 2840 2458 2893 ferventes
2506 2840 2718 2903 Spiritus
2762 2839 3157 2906 praedicatorum
3200 2839 3447 2891 transfert
3476 2843 3540 2893 de
3574 2854 3721 2901 creto,

2203 2911 2287 2962 ubi
2318 2911 2589 2961 audierunt
2614 2919 2811 2961 secreta
2841 2922 2956 2975 qua:
2987 2924 3088 2960 non
3128 2908 3245 2961 licet
3274 2911 3471 2959 honnnt
3502 2909 3636 2976 loqui
3664 2912 3721 2963 ad

2202 2989 2366 3031 terras
2414 2995 2530 3044 quia
2562 2977 2681 3028 iacit
2708 2990 2799 3029 eos
2828 2979 3244 3037 condescendere
3274 2984 3445 3039 nobis,
3481 2988 3535 3030 ut
3561 2990 3613 3031 et
3637 2997 3723 3031 nos

2202 3063 2317 3101 cum
2372 3048 2495 3113 ipsis
2546 3047 2966 3097 coasoendamus.
3019 3045 3080 3097 Et
3129 3061 3218 3107 per
3262 3048 3381 3098 illos
3410 3047 3537 3112 pluit
3580 3054 3721 3101 nobis

2204 3133 2371 3167 carnes
2401 3126 2445 3167 e.‘
2478 3126 2692 3179 pennata
2728 3120 2967 3174 volatilia,
3001 3114 3050 3165 id
3078 3124 3178 3175 est,
3214 3115 3315 3168 illis
3367 3116 3644 3181 sujiidiora.
3676 3128 3727 3170 et

2203 3187 2385 3238 altiora
2430 3186 2656 3236 notilicat
2700 3188 2867 3236 nobis.
2912 3185 3037 3233 sicut
3078 3187 3345 3247 pulverem,
3384 3194 3437 3235 ei.
3479 3188 3608 3237 sicut
3638 3196 3723 3238 hoc

2202 3257 2377 3306 modo.
2413 3254 2509 3306 Per
2547 3258 2812 3318 pulterem,
2845 3267 2930 3318 qui
2968 3252 3341 3304 minutissimus
3372 3261 3470 3310 est.
3505 3254 3723 3320 iatellige

2200 3324 2537 3376 subtilitatem
2565 3322 2933 3373 sententiarum
2959 3361 2971 3382 ,
3005 3335 3093 3386 per
3116 3336 3323 3372 arenam
3350 3336 3473 3373 vero
3496 3338 3717 3389 copiast-

2203 3403 2387 3451 ta'em;
2420 3405 2508 3457 per
2534 3403 2695 3453 mare,
2718 3390 2853 3455 quod
2885 3400 3075 3441 salsum
3104 3403 3202 3451 est,
3233 3391 3585 3456 sapiditatem,
3612 3394 3724 3452 quia

2200 3462 2294 3512 etsi
2338 3476 2436 3510 non
2473 3463 2731 3518 omnibus.
2758 3462 3058 3524 quibusdam
3088 3466 3259 3510 tamen
3292 3470 3413 3510 sunt
3438 3474 3590 3526 sapor
3614 3474 3725 3513 rite

2200 3530 2263 3580 ad
2308 3530 2480 3579 vitam.
2531 3528 2809 3578 Russuinus
2845 3537 2999 3579 etiam
3048 3541 3138 3593 per
3177 3529 3425 3593 pulverem
3464 3532 3723 3594 vilitatem,

2201 3608 2252 3651 et
2280 3612 2369 3664 per
2394 3612 2595 3649 arenam
2622 3609 2855 3661 acetpetc
2884 3597 3205 3648 steitli'ateui
3238 3600 3289 3647 in
3321 3599 3537 3659 eisdem,
3564 3612 3716 3663 quan-

2202 3676 2306 3718 tum
2333 3669 2393 3717 ad
2423 3666 2604 3717 malos.
2639 3666 2701 3715 Et
2730 3664 2951 3716 volatilia
2983 3664 3067 3716 ilta
3095 3664 3287 3716 cadunt
3311 3668 3435 3717 etin
3459 3670 3631 3719 medio
3654 3678 3723 3718 ta-

2202 3736 2600 3787 bernaculorum
2651 3743 2971 3785 nostrorum.
3003 3743 3054 3786 et
3080 3735 3215 3785 circa
3246 3735 3593 3787 tabernacula.
3643 3737 3721 3785 Illa

2201 3805 2406 3868 quidem
2456 3805 2503 3855 in
2553 3804 2741 3860 tnedio,
2771 3817 2883 3869 quae
2930 3816 2957 3851 a
3002 3816 3222 3866 propriis
3255 3805 3481 3867 pnelatis
3508 3806 3719 3855 addiscio

2202 3887 2345 3934 mus;
2379 3873 2459 3922 illa
2483 3886 2603 3922 vero
2620 3884 2777 3929 enea,
2797 3886 2909 3936 quat
2932 3875 2996 3920 ab
3018 3882 3343 3923 extrinseCIs.
3367 3873 3418 3923 St
3442 3883 3611 3923 autem
3638 3886 3723 3924 nos

2204 3942 2459 3991 rclicimur
2487 3942 2593 4000 eis,
2641 3955 2740 3988 non
2778 3942 2840 3989 ad
2883 3940 3239 4000 sobrietatem,
3270 3944 3362 3991 sed
3408 3940 3473 3992 ad
3507 3940 3724 3993 ebrieta-

2204 4018 2326 4073 tem,
2368 4011 2578 4070 seilicet,
2619 4009 2660 4058 si
2696 4008 2847 4060 nimis
2875 4009 2976 4060 alte
3006 4013 3241 4061 volumus
3282 4024 3344 4060 ea
3385 4010 3646 4076 indagare,
3675 4022 3722 4061 et

2201 4093 2385 4143 sapere
2427 4078 2689 4144 plusquam
2729 4088 2929 4143 Oportet
2968 4090 3171 4142 sapere,
3220 4086 3275 4129 ut
3303 4078 3425 4131 inde
3461 4082 3719 4146 superbia-

2204 4163 2338 4209 mus,
2365 4158 2414 4199 et
2443 4146 2670 4210 magistri
2702 4146 2892 4199 erroris
2921 4147 3201 4198 elhciatnur
3230 4160 3390 4199 :ecee
3415 4162 3533 4199 cum
3563 4151 3719 4199 adhuc

2203 4218 2349 4280 quasi
2378 4230 2495 4267 esca
2524 4217 2576 4267 itt
2616 4229 2707 4267 ore
2746 4214 2821 4276 lit,
2852 4220 3026 4265 statim
3072 4218 3143 4267 ira
3179 4214 3266 4267 Det
3297 4219 3535 4270 ascendit
3575 4231 3722 4281 super

2207 4300 2321 4347 nes,
2344 4285 2463 4351 quia
2492 4285 2681 4337 mentis
2707 4293 2935 4337 czucntate
2964 4284 3291 4335 nnilctainur.
3341 4286 3529 4337 Beatus
3556 4290 3717 4351 Αυςυο

2205 4356 2375 4405 Stinus
2402 4358 2537 4404 hanc
2566 4353 2861 4419 allegoriam
2899 4354 3025 4404 satis
3052 4355 3245 4404 urbane
3272 4362 3327 4405 et
3351 4368 3560 4420 proprie
3600 4358 3716 4404 inst-

2207 4422 2315 4483 stit,
2349 4424 2414 4473 ita
2443 4423 2618 4475 dicens
2648 4439 2658 4471 :
2697 4422 2827 4472 l’luit
2854 4436 3000 4489 super
3032 4420 3142 4471 illos
3172 4436 3385 4481 manna,
3422 4434 3467 4473 et
3490 4426 3575 4487 qui
3603 4424 3720 4474 illud

2134 4473 2180 4530 D
2206 4473 2337 4543 dedit
2366 4473 2567 4543 tentanti
2599 4504 2879 4557 synagoga,
2915 4473 3022 4540 itan
3045 4490 3317 4557 denegabit
3353 4473 3482 4541 illud
3504 4473 3721 4543 ’σιαωὲ

2206 4559 2461 4613 Ecclesia.
2526 4556 2637 4624 Qui,
2666 4556 2801 4611 enim
2839 4562 2914 4611 sic
2955 4556 3116 4625 potuit
3161 4561 3470 4612 teutamium
3513 4574 3720 4624 corpora

2206 4632 2439 4693 reticere,
2472 4637 2638 4694 potest
2673 4639 2724 4679 et
2769 4644 2868 4680 non
2918 4627 3244 4687 tentantium,
3278 4627 3330 4679 id
3373 4640 3475 4693 est,
3507 4638 3718 4683 creden-

2206 4700 2331 4749 tium
2372 4698 2640 4764 parvulum
2677 4697 2829 4748 [idem
2870 4712 3025 4748 carne
3056 4696 3205 4747 editis
3244 4711 3428 4750 vocum
3470 4699 3647 4761 signis.
3674 4708 3719 4751 et

2206 4780 2298 4831 per
2344 4782 2515 4818 aerem
2560 4767 3029 4817 tranScurretitibus
3058 4803 3072 4825 .
3126 4776 3367 4831 tanquam
3433 4770 3718 4818 votatdibus

2206 4833 2443 4899 pennatis
2472 4847 2714 4899 pascere;
2744 4850 2844 4884 non
2891 4845 3056 4885 tamen
3085 4836 3150 4885 ub
3176 4837 3429 4901 Aquilone
3476 4837 3717 4887 venienti-

2205 4907 2322 4964 bus,
2349 4904 2434 4955 ubi
2463 4905 2619 4968 lrigus
2647 4912 2701 4953 et
2727 4904 2888 4969 (uligo
2918 4905 3177 4969 praevalet,
3206 4907 3254 4954 id
3280 4915 3379 4964 est,
3409 4905 3715 4967 eloquentis,

2204 4987 2319 5037 qua:
2363 4973 2481 5024 huic
2526 4974 2719 5023 mundo
2759 4975 2951 5038 placet;
3005 4974 3095 5023 sed
3140 4973 3404 5026 translatis
3445 4974 3636 5023 Austro
3670 4982 3719 5024 et

2204 5041 2400 5103 Africo,
2431 5042 2513 5109 qui
2543 5042 2694 5093 calidi
2724 5044 2857 5093 renti
2889 5052 3024 5103 sunt,
3059 5044 3123 5092 de
3152 5041 3304 5093 cmlo.
3353 5040 3504 5104 Quo?
3530 5044 3593 5092 ad
3623 5052 3716 5092 ter-

2204 5126 2287 5162 ras
2330 5114 2553 5173 scilicet,
2604 5120 2659 5162 ut
2705 5112 2899 5175 parvuli
2948 5116 2995 5160 in
3042 5112 3141 5162 tide
3186 5124 3390 5162 terrena
3434 5112 3713 5173 audientes,

2203 5182 2497 5232 nutriantur
2526 5180 2590 5232 ad
2618 5181 2865 5245 capienda
2902 5184 3153 5231 cmestia.
3199 5180 3252 5231 Si
3300 5180 3439 5231 enim
3482 5196 3582 5231 non
3612 5195 3717 5230 cre-

2202 5251 2325 5301 dent
2372 5260 2594 5313 teriena,
2648 5264 2748 5299 non
2794 5252 3003 5300 credent
3047 5260 3098 5299 et
3143 5250 3566 5316 caelestia,justa
3597 5248 3716 5300 illud

2203 5317 2521 5369 Dominicutn
2557 5334 2568 5367 :
2601 5319 2657 5369 Si
2696 5328 2885 5369 terrena
2916 5320 3019 5369 disi
3068 5320 3233 5381 vobis,
3277 5329 3320 5370 et
3364 5333 3463 5369 non
3500 5318 3713 5376 creditis,

2200 5389 2469 5452 quomodo,
2500 5388 2539 5437 si
2561 5388 2774 5438 ctelestia
2802 5390 2968 5440 dixero
2993 5388 3142 5450 vobis,
3162 5388 3407 5439 credetis?
3427 5389 3611 5436 Auster
3639 5390 3715 5435 ille

2200 5460 2265 5508 tle
2293 5464 2446 5515 unto,
2481 5456 2563 5506 ubi
2607 5456 2793 5507 audivit
2830 5472 3048 5518 arcana,
3089 5474 3197 5522 qua:
3238 5472 3337 5506 non
3378 5457 3491 5506 licet
3532 5454 3711 5506 nomini

2200 5525 2375 5591 loqui,
2415 5538 2535 5576 vere
2583 5527 2645 5577 ad
2694 5536 2856 5577 tetras
2900 5530 3173 5578 translatus
3221 5526 3345 5583 luit,
3395 5538 3515 5576 cum
3557 5524 3709 5576 dixit:

2201 5593 2317 5643 Non
2341 5597 2477 5661 potui
2504 5593 2638 5645 vobis
2663 5596 2796 5663 loqui
2833 5605 3064 5661 tanquam
3093 5592 3458 5661 spiritualibus,
3488 5596 3569 5647 sed
3598 5606 3713 5663 tale

2196 5677 2346 5725 quam
2365 5663 2666 5735 carnalibus.
2692 5661 2946 5735 Tanquam
2966 5666 3182 5733 parvulis
3201 5663 3253 5713 in
3274 5663 3473 5715 Christo
3498 5670 3572 5714 loc

2198 5742 2370 5799 potum
2392 5732 2524 5799 dedi,
2566 5747 2663 5786 non
2684 5747 2863 5789 escam.
2893 5731 2992 5790 Per
3011 5737 3256 5788 Austrum
3304 5744 3478 5789 autem
3505 5742 3555 5787 ot
3582 5731 3708 5785 ,ιιηο
