3898 6226
193 383 289 439 (litt

870 387 930 440 IN
972 387 1372 442 PS.\LMURU\I
1417 388 1666 442 LIIII‘iUtI
1712 386 2064 443 EXEGESIS.
2109 419 2177 430 —-
2204 387 2449 443 .l’StlAI.
2492 385 2749 439 LXXVII.

3275 382 3379 441 902

196 514 312 552 cum
344 500 585 569 intellige
606 496 866 569 ferventes
893 508 942 549 et
977 500 1207 550 lucentes
1238 499 1450 566 spiritus
1483 500 1736 569 praidica-
1769 507 1809 557 Λ
1839 511 1952 552 erat
1982 501 2045 554 de
2073 502 2272 554 semine
2302 514 2481 552 eorum
2512 499 2764 552 Christus.
2797 497 2857 550 Et
2884 474 3132 566 prapitius
3159 502 3248 566 ﬁet
3264 520 3378 569 pec-

199 579 394 632 torum,
424 570 507 637 qui
526 567 674 619 ’nltra
705 567 915 637 veniunt
959 570 1020 617 ad
1053 581 1167 637 nos,
1198 578 1252 620 et
1280 576 1556 633 apportaiit
1583 568 1736 620 verba

199 636 450 690 divinitus
476 637 660 699 mis8a,
691 643 746 686 ut
773 636 991 701 quisque
1029 636 1234 701 colligat
1279 652 1363 699 ea,
1405 645 1457 687 et
1495 640 1543 688 in
1573 638 1744 688 taber-

202 721 388 757 r.ac-.-m
418 714 472 758 et
495 706 632 757 circa
663 705 1051 756 tabernaculum
1093 719 1267 765 suum,
1293 715 1345 757 et
1367 704 1552 758 adoret
1579 704 1740 757 Deum

201 776 252 827 in
285 776 400 826 foco
429 787 544 827 Stto.

273 839 342 894 Et
372 844 551 896 occidit
578 843 785 912 pingues
810 858 1004 894 eorum.
1035 839 1191 912 Quasi
1223 840 1369 912 dicat
1397 858 1407 892 :
1443 841 1738 912 Ilocimndo

202 914 441 986 ascendit
489 909 646 986 super
675 912 811 986 illus,
865 912 984 978 quia
1014 909 1293 986 occidite;
1325 910 1427 986 eis_
1447 910 1744 978 impingua-

206 990 312 1041 tos,
338 981 387 1033 id
419 990 517 1040 est,
563 977 716 1031 nimis
742 977 1006 1032 saturatos
1037 977 1374 1030 liistnrialiter
1415 977 1466 1030 in
1497 977 1742 1045 corpore.

206 1052 409 1102 Occidit
439 1051 590 1100 nimis
632 1049 864 1100 doctrina
909 1046 1022 1114 ejus
1055 1046 1406 1113 itnpinguatos
1452 1049 1501 1098 in
1551 1062 1762 1112 mente,.

210 1120 256 1170 et
285 1119 467 1171 electos
494 1115 656 1169 Israel
682 1117 956 1181 impedivit,
991 1117 1056 1167 ita
1087 1116 1286 1167 scilicet
1318 1127 1372 1168 iit
1402 1131 1504 1168 non
1537 1127 1751 1183 possent

210 1186 320 1240 illis
354 1188 619 1253 prodesse,
651 1187 837 1253 quibus
881 1195 1094 1251 paterno
1125 1184 1311 1237 allectu
1360 1187 1600 1238 volebant
1627 1201 1746 1240 suc-

209 1271 445 1309 currere.
477 1255 608 1319 Qiiid
637 1255 775 1307 enim
823 1255 1037 1319 prodest
1083 1254 1309 1305 humana
1359 1255 1744 1318 misericordia,

217 1326 308 1378 ubi
352 1339 581 1390 presens
609 1332 689 1375 est
715 1323 887 1376 divina
914 1322 1174 1374 vindicta?
1213 1319 1304 1374 Vel
1337 1323 1492 1376 etiam
1543 1324 1611 1374 ita
1659 1339 1752 1377 eos

215 1393 510 1460 impedivit,
541 1395 658 1460 quia
690 1392 841 1445 nimis
881 1390 1246 1460 compatiendo
1290 1407 1391 1460 non
1424 1393 1522 1444 hoc
1550 1401 1754 1445 vertant

215 1459 597 1516 tIISIl‘IClItttteIII
640 1460 794 1525 vitiis,
841 1471 895 1516 ut
936 1471 988 1513 et
1027 1459 1123 1526 ipsi
1150 1473 1270 1510 cum
1309 1459 1384 1511 eis
1431 1469 1750 1526 paterentur.

216 1529 377 1584 Vi-lut
406 1546 545 1598 serpe
584 1530 850 1598 prapheue
877 1543 996 1582 cuin
1037 1528 1152 1580 aliis
1178 1528 1231 1598 in
1268 1529 1624 1598 captivitatem
1651 1531 1751 1583 du-

215 1602 288 1652 cti
332 1597 493 1663 sunt,
519 1615 620 1651 non
646 1597 844 1652 tantum
891 1597 943 1650 in
986 1597 1278 1660 exemplum
1303 1597 1537 1664 justitist,
1579 1599 1670 1650 sed
1703 1608 1757 1650 et

217 1669 502 1732 patientiae.
559 1668 613 1720 In
665 1669 966 1735 esemp'um
1024 1666 1228 1735 quidem
1281 1666 1517 1734 justitie,
1572 1677 1626 1719 ut
1668 1667 1754 1720 alii

215 1737 438 1792 scirent.
467 1737 585 1804 quia
635 1738 677 1788 si
708 1751 809 1789 non
831 1734 1018 1802 parcit
1047 1734 1185 1797 filiis,
1237 1751 1339 1789 non
1387 1743 1564 1800 parcet
1590 1737 1758 1788 servis

219 1805 482 1874 fugitivis.
531 1806 583 1858 lii
629 1807 925 1871 exemplum
969 1819 1092 1857 vero
1135 1806 1416 1874 patientia,
1450 1815 1503 1856 ut
1546 1806 1753 1874 illorum

221 1873 470 1938 exemplo
511 1877 769 1939 patienter
798 1875 930 1926 mala
979 1874 1199 1925 tolerare
1226 1873 1507 1925 discerent.
1543 1873 1594 1926 Iit
1638 1891 1754 1923 nni-

220 1942 384 1996 nibus
412 1943 521 1995 bare
547 1943 792 2010 praedicta
822 1944 954 1994 mala
983 1940 1156 1993 intulit
1202 1941 1277 1994 eis
1317 1941 1587 2002 Deiuinus.
1621 1951 1674 1995 et
1705 1942 1756 1995 itt

223 2012 309 2063 liis
355 2013 594 2065 omnibus
636 2025 664 2063 a
700 2013 915 2065 Domino
957 2010 1177 2063 currecti
1211 2022 1549 2074 peccaverunt
1581 2023 1754 2064 tamen

222 2081 398 2133 adhuc
424 2098 437 2134 :
468 2093 518 2134 et
547 2080 661 2133 ideo
691 2090 1052 2144 peccaverunt.
1106 2080 1223 2145 quia
1281 2096 1380 2131 niui
1431 2082 1762 2133 crediderunt

225 2150 280 2201 in
328 2149 513 2214 Deum,
543 2149 870 2202 attendentes
916 2152 966 2199 in
999 2149 1321 2199 mirabilibus
1351 2149 1485 2214 ejus,
1515 2153 1758 2214 quoniam

223 2219 514 2274 admonere
566 2217 836 2272 deberent.
885 2219 1136 2270 Mirabilui
1191 2228 1339 2268 vocat
1395 2221 1663 2278 tieiieticia,
1708 2230 1760 2271 et

228 2302 420 2355 ptenas
449 2290 522 2341 eis
553 2289 740 2349 illatas,
770 2298 1020 2354 quantum
1053 2288 1114 2337 ad
1138 2303 1196 2355 ca
1233 2301 1346 2353 quae
1375 2287 1757 2353 signiliiabant.

318 2357 381 2410 Et
408 2358 713 2424 defecerunt.
741 2357 895 2422 Quasi
921 2355 1054 2408 dicat
1085 2373 1094 2404 :
1130 2354 1259 2418 Quia
1303 2372 1402 2405 non
1433 2357 1763 2408 crediderunt

241 2427 294 2480 itt
325 2426 665 2490 ttiirabilibus,
697 2426 813 2478 ideo
843 2425 1055 2477 vanitati
1080 2425 1407 2485 studuerunt,
1449 2425 1497 2476 id
1524 2433 1622 2487 est,
1655 2435 1762 2475 ter-

233 2498 383 2550 reiiis
424 2499 596 2549 rebus.
630 2497 687 2547 Et
728 2497 779 2546 in
811 2509 870 2546 ea
902 2494 1119 2544 vanitate
1153 2493 1434 2561 defecerunt
1462 2493 1566 2547 dies
1591 2509 1764 2545 eorum

226 2576 278 2618 et
299 2566 419 2617 armi
446 2580 616 2616 eorum
643 2579 754 2615 cum
802 2563 1150 2630 festinatione,
1197 2563 1316 2628 quia
1371 2563 1614 2627 prostrati
1644 2574 1766 2616 sunt

229 2650 342 2687 una
375 2635 457 2686 die
489 2633 662 2700 viginti
695 2634 788 2684 tria
825 2631 1005 2694 millia,
1039 2638 1093 2682 et
1129 2634 1396 2697 perierunt
1431 2648 1457 2682 a
1500 2633 1761 2698 serpenti-

231 2705 334 2755 lius
365 2713 416 2754 et
443 2702 557 2754 aliis
585 2702 742 2754 variis
790 2700 1009 2753 morbis.
1058 2700 1206 2763 Quod
1249 2713 1420 2753 autem
1451 2701 1595 2762 dicit,
1639 2700 1765 2754 Cum

230 2772 570 2839 festinatione,
622 2770 737 2823 ideo
787 2769 1062 2839 II'IIIAdICII
1104 2769 1242 2834 quod
1297 2769 1418 2821 anni
1450 2771 1512 2821 ad
1545 2781 1766 2823 mortem

229 2837 564 2904 festinarent,
612 2841 701 2892 sed
743 2841 862 2906 quia
907 2837 1003 2904 ipsi
1054 2853 1155 2890 non
1205 2840 1621 2906 corrigebantur,
1677 2841 1767 2892 sed

231 2923 451 2976 semper
501 2913 550 2961 in
605 2909 749 2975 pejus
794 2906 1218 2970 detrudebantur,
1285 2907 1404 2960 ideo
1459 2907 1770 2961 videbantur

231 2979 391 3045 quasi
424 2976 671 3030 festinare
692 2977 755 3029 ad
787 2977 1072 3028 interitum.
1103 2976 1354 3030 Similiter
1380 2991 1498 3030 cum
1527 2978 1638 3028 dies
1659 2993 1771 3028 om-

232 3047 386 3099 nium
416 3055 644 3099 uestrum
673 3045 736 3097 ad
762 3046 1103 3098 mternitatem
1133 3045 1292 3098 creati
1315 3057 1454 3111 sunt,
1486 3049 1528 3099 si
1553 3060 1648 3098 nos
1679 3060 1771 3098 va-

1846 573 1970 620 cati's
2008 586 2196 633 eorum,
2240 585 2341 620 non
2388 571 2594 620 illorum
2623 569 2830 635 quidem
2873 569 3199 634 peccantium
3244 575 3375 627 etin

1845 638 2150 690 inllitelitate
2175 639 2578 704 persistentiuin,
2605 636 2695 688 sed
2723 638 3065 702 quorumdam
3100 643 3185 703 qui
3207 655 3272 694 ex
3300 644 3382 697 eis

1843 717 2214 759 εοηννι-ιοηιηι·
2238 746 2252 768 ,
2287 716 2342 758 ut
2391 706 2764 768 praediximus:
2799 716 2844 757 et
2884 717 3093 770 proziter
3139 707 3236 759 line
3277 726 3378 763 non

1847 777 2052 839 penitus
2088 776 2337 842 disperde!
2374 775 2507 827 illos.
2533 775 2821 828 Sciendum
2853 775 2988 840 quod
3028 789 3089 827 es
3121 776 3219 830 hoc
3266 779 3380 832 loco

1849 854 2179 909 peceatores.
2212 844 2421 911 quidam
2468 844 2829 910 impunitatem
2874 854 3204 910 peccatorum
3242 861 3381 914 prte—

1847 922 2178 976 sumpseriiiit
2217 927 2470 969 asserere.
2502 914 2901 978 dicentesquod
2931 914 3088 965 etiam
3126 915 3218 980 ipsi
3251 917 3384 970 tales

1847 992 2019 1033 essent
2043 1023 2056 1042 ,
2088 982 2268 1048 quales
2307 982 2390 1032 isti
2425 981 2632 1033 fuerunt
2661 997 2672 1031 :
2708 990 2878 1033 tamen
2925 981 3062 1032 Deus
3109 984 3385 1038 miseretur

1851 1055 2055 1110 eorum,
2083 1047 2202 1115 quia
2232 1051 2319 1100 liic-
2340 1051 2524 1101 dicitur
2555 1068 2564 1100 :
2594 1047 2711 1117 Ipse
2749 1059 2912 1100 autem
2947 1059 3018 1101 est
3039 1053 3320 1105 misericors
3341 1063 3387 1108 et

1850 1121 2095 1188 prapitius
2124 1120 2207 1183 [iet
2227 1121 2438 1178 peccatis
2462 1135 2653 1181 eorum,
2673 1135 2773 1169 nun
2793 1124 3127 1188 attendentes
3147 1123 3264 1188 quia
3297 1138 3384 1185 pa-

1857 1186 2039 1239 tientia
2072 1188 2161 1241 Dei
2193 1189 2255 1239 ad
2299 1189 2654 1251 prenitentiam
2687 1203 2824 1240 nunc
2860 1187 3100 1249 adducit,
3131 1186 3180 1244 iii
3211 1189 3386 1246 futuro

1852 1269 1976 1307 vero
2003 1257 2191 1308 nullius
2219 1256 2337 1307 inali
2369 1258 2720 1310 miserebitur.

1924 1323 1987 1375 Et
2027 1326 2316 1377 abundauit.
2347 1326 2400 1376 In
2447 1326 2545 1377 line
2575 1324 2784 1390 quidem
2818 1326 3121 1379 misericors
3149 1329 3224 1379 eis
3256 1328 3384 1388 fuit.

1852 1394 1972 1456 quia
2027 1409 2127 1445 non
2169 1395 2374 1460 penitus
2412 1408 2504 1448 eos
2543 1393 2885 1457 disperdidit;
2937 1405 2983 1446 et
3019 1396 3290 1449 abundavit
3335 1401 3384 1452 iit

1856 1463 2236 1523 misericordia,
2264 1463 2310 1515 id
2331 1473 2432 1524 est,
2450 1463 2620 1516 adhuc
2640 1463 3067 1517 abundantioren
3094 1465 3390 1520 misericor-

1857 1532 1994 1583 diam
2025 1531 2102 1583 eis
2147 1531 2380 1584 exhibuit
2404 1570 2417 1592 .
2450 1533 2648 1585 Scilicet
2676 1540 2733 1583 ut
2775 1541 3010 1584 averteret
3057 1533 3182 1585 iram
3213 1551 3387 1598 suam,

1862 1601 2063 1654 scilicet
2086 1610 2148 1652 'ut
2176 1609 2332 1653 etiam
2373 1603 2449 1653 eis
2489 1599 2740 1668 unigeniti
2792 1601 2906 1652 Filii
2956 1602 3036 1654 sui
3083 1617 3388 1670 sanguinein

1858 1670 2178 1738 condonaret
2202 1710 2216 1732 ,
2252 1670 2390 1738 velut
2428 1670 2527 1722 illis
2568 1671 2652 1737 qui
2683 1670 2992 1723 accedentes
3020 1673 3083 1723 ad
3114 1673 3394 1738 Apestolns

1853 1737 2096 1790 dixerunt
2121 1756 2133 1789 :
2167 1737 2299 1800 Quid
2323 1739 2585 1804 faciemus,
2617 1737 2706 1788 viri
2730 1738 2946 1802 fratres?
2977 1739 3165 1804 Quibus
3188 1758 3393 1804 respon—

1857 1806 1977 1859 dens
2001 1804 2180 1858 Petrus
2203 1809 2272 1857 ait
2296 1823 2313 1860 :
2341 1805 2684 1876 Paenitentiam
2716 1808 2847 1876 agite
2875 1819 2921 1876 et
2946 1807 3219 1874 baptizetiir
3242 1827 3396 1863 unus-

1858 1877 2061 1941 quisque
2079 1875 2294 1928 vestrum
2322 1878 2373 1928 in
2410 1874 2625 1927 nomine
2646 1874 2866 1926 Domini.
2896 1875 3146 1940 Quocirca
3180 1893 3278 1929 non
3309 1895 3396 1930 iic-

1858 1947 2036 1996 cendet
2079 1944 2232 1997 etiam
2280 1957 2473 1997 omnem
2517 1944 2644 1996 iram
2695 1959 2857 2011 suam,
2901 1957 2954 1996 ut
2984 1948 3195 1998 omnino
3225 1949 3395 2001 deleat

1860 2015 2108 2080 populum
2167 2016 2310 2065 illum
2371 2023 2583 2078 propter
2639 2013 2799 2078 prolis
2855 2015 3281 2080 successionem,
3337 2025 3395 2070 ut

1863 2098 2019 2146 supra
2050 2083 2301 2136 diximus.
2345 2083 2408 2135 Et
2442 2083 2557 2134 ideo
2580 2095 2787 2148 quoque
2815 2096 2916 2132 non
2947 2085 3196 2136 accendet
3217 2124 3232 2145 ,
3262 2100 3395 2152 quo-

1861 2153 1998 2203 niam
2037 2151 2329 2204 recordatus
2372 2160 2443 2203 est
2478 2166 2614 2203 nunc
2642 2152 2758 2215 quia
2784 2166 2901 2221 caro
2929 2161 3085 2215 sunt;
3130 2169 3230 2205 non
3261 2151 3397 2221 quod

1860 2221 2057 2273 oblivio
2078 2223 2231 2273 cadat
2251 2223 2303 2273 in
2331 2221 2510 2281 Deum,
2538 2221 2588 2272 itt
2611 2233 2767 2288 quem
2793 2220 2988 2272 nullum
3015 2223 3154 2273 cadit
3177 2220 3357 2276 vitium
3380 2265 3394 2282 .

1861 2291 1951 2360 sed
1980 2289 2097 2356 quia
2122 2292 2264 2353 prius
2284 2292 2494 2360 quando
2518 2290 2797 2360 prostravit
2818 2303 2927 2353 eos,
2955 2289 3227 2342 videbatur
3247 2294 3396 2360 quasi

1862 2359 2054 2411 oblitus
2104 2359 2418 2412 inliriititatis
2463 2373 2668 2410 eorum.
2709 2356 2857 2410 Nunc
2905 2371 3028 2410 vero
3064 2372 3182 2411 cum
3234 2356 3397 2425 parcit

1863 2427 1967 2488 eis,
2006 2427 2207 2480 videtur
2234 2429 2376 2494 quasi
2425 2426 2728 2480 recordatus
2775 2440 2891 2480 esse
2912 2467 2926 2487 .
2954 2428 3086 2495 .quia
3116 2442 3232 2479 caro
3262 2440 3398 2488 sunt,

1868 2496 1916 2546 id
1941 2505 2020 2548 est
2041 2497 2159 2564 quia
2186 2497 2250 2548 de
2276 2499 2477 2549 inlirma
2501 2499 2716 2548 materia
2740 2506 2894 2556 sunt;
2920 2507 2972 2547 et
2991 2497 3106 2549 ideii
3125 2498 3262 2564 quod
3288 2513 3402 2564 pec-

1864 2576 1983 2617 eant
2010 2582 2069 2617 es
2110 2565 2407 2618 iullrmitate
2434 2575 2535 2627 est,
2569 2575 2612 2616 et
2641 2566 2932 2618 recordatus
2971 2575 3040 2616 est
3070 2566 3247 2628 etiam,
3280 2570 3398 2633 quia

1869 2645 1988 2686 sunt
2014 2635 2218 2700 spiritus
2243 2636 2426 2687 radens
2450 2674 2466 2700 ,
2526 2633 2575 2686 id
2600 2644 2709 2704 est,
2740 2649 2934 2702 pronus
2959 2635 3022 2685 ad
3055 2637 3403 2704 peccandum,

1867 2715 1912 2754 et
1943 2719 2037 2754 non
2067 2704 2263 2756 rediens
2294 2720 2385 2769 per
2421 2719 2478 2756 se
2515 2702 2735 2765 scilicet,
2785 2704 2876 2756 sed
2922 2719 3013 2769 per
3059 2703 3151 2756 Dei
3199 2702 3399 2759 tantum

1870 2771 2305 2825 misericordiam.
2351 2772 2574 2826 Perdere
2618 2774 2758 2824 enim
2799 2787 2855 2824 se
2886 2772 3046 2825 homo
3085 2782 3276 2837 potest,
3301 2773 3407 2826 sal-

1871 2856 1995 2894 vare
2021 2857 2144 2894 vero
2166 2858 2223 2896 se
2262 2857 2362 2908 non
2409 2851 2597 2908 potest.
2633 2840 2783 2894 Unde
2812 2841 3060 2894 Salomon
3089 2845 3156 2895 de
3190 2843 3272 2894 via
3305 2843 3406 2895 iiii-

1868 2909 2079 2976 quitatis
2108 2912 2236 2963 dicit
2261 2926 2274 2961 :
2305 2907 2481 2962 Omnis
2507 2911 2591 2977 qui
2619 2914 2840 2961 ambulat
2872 2913 2922 2961 in
2952 2926 3028 2973 ea,
3069 2927 3166 2974 non
3195 2919 3407 2963 reverte-

1870 2988 1968 3032 tur.
2004 2979 2081 3030 Et.
2110 2981 2416 3042 sciendum,
2466 2980 2587 3046 quia
2632 2982 2770 3030 sicut
2800 2994 2860 3030 ex
2909 2979 3162 3045 superiori
3194 2981 3405 3048 quidam

1870 3059 2267 3113 assumpserunt
2295 3049 2623 3101 occasionem
2657 3049 3007 3114 impunitatis,
3055 3050 3122 3100 iia
3151 3051 3308 3101 etiam
3337 3063 3405 3102 ex

239 3117 395 3169 nitati
426 3118 713 3186 studemus,
745 3115 842 3180 ipsi
870 3125 1012 3168 certe
1058 3114 1124 3166 ab
1165 3113 1457 3168 aeternitate
1502 3114 1768 3178 delicium,
1804 3126 1844 3186 ,ς
1879 3116 1976 3186 lioc
2002 3116 2142 3169 dicto
2169 3118 2252 3170 alii
2283 3117 2494 3186 quidam
2521 3113 2919 3184 assumpserunt
2948 3117 3049 3169 sibi
3079 3120 3409 3172 occasionem

235 3164 539 3238 ἕέὶἱέιιῖιῑὲ
552 3164 714 3237 Εἰέῖιί
735 3164 1204 3253 stultssimus;
1229 3164 1281 3235 ei
1307 3164 1772 3253 notissimas;
1800 3164 1847 3224 C
1878 3164 2274 3251 asserint;

235 3263 370 3307 tunc
410 3254 568 3304 animi
617 3254 780 3305 nosui
810 3252 874 3305 ad
924 3256 1266 3304 aeternitatem
1318 3254 1479 3308 creati
1530 3251 1778 3308 festinant

233 3324 391 3390 quasi
424 3323 486 3374 ad
517 3323 783 3374 interitum
808 3321 889 3374 vel
913 3322 976 3372 ad
1012 3321 1248 3390 nihilum.
1394 3324 1403 3332 ’

313 3391 441 3444 Cum
470 3391 707 3441 occideret
737 3406 836 3450 eos.
865 3389 1148 3457 qutcrebant
1191 3405 1324 3442 eum.
1357 3390 1774 3448 Defeceruntdn-

233 3460 552 3527 quam,auni
584 3473 786 3522 eorum,
808 3474 925 3526 quia
964 3457 1100 3511 Deus
1132 3459 1405 3512 occidebat
1430 3475 1556 3512 eos:
1588 3470 1779 3514 etcum

235 3527 490 3596 occideret
537 3543 641 3591 eos,
672 3529 820 3596 quasi
864 3528 1144 3596 quwri'ebant
1177 3542 1308 3589 eum,
1343 3544 1445 3580 non
1477 3528 1656 3596 occisi,
1686 3531 1777 3582 sed

235 3595 333 3649 :ili‘i
373 3598 618 3649 timentes
645 3595 832 3649 occidi.
869 3601 935 3649 Et
969 3595 1069 3648 hoc
1097 3597 1252 3648 modo
1299 3598 1621 3662 quaerebant,
1648 3595 1779 3663 quia

237 3668 613 3718 revertebantur
644 3681 745 3718 non
773 3669 951 3727 corde,
1009 3665 1102 3718 sed
1149 3681 1240 3717 ore
1288 3665 1353 3718 ad
1385 3665 1570 3728 Deum,
1619 3682 1647 3718 a
1676 3681 1780 3732 quo

237 3737 394 3803 prius
420 3737 675 3798 abierant,
699 3745 747 3788 et
774 3734 1017 3796 diluculo,
1041 3733 1093 3787 id
1122 3745 1223 3798 est,
1254 3736 1399 3802 quasi
1430 3738 1662 3787 studiose
1686 3751 1773 3787 re-

235 3804 559 3858 vertebantur
582 3804 648 3855 ad
677 3820 788 3857 eum
818 3819 836 3856 :
884 3813 937 3856 et
967 3813 1088 3856 tunc
1131 3803 1445 3856 reinemorati
1493 3815 1631 3868 sunt,
1680 3820 1780 3857 non

238 3885 423 3926 tamen
456 3889 599 3936 vere,
631 3874 751 3940 quia
782 3877 880 3927 hoc
910 3881 1108 3925 tantum
1137 3874 1292 3924 tttodo
1332 3885 1420 3926 aut
1450 3885 1662 3940 promer
1688 3878 1783 3927 ali-

241 3957 350 4011 qua
401 3946 672 3994 commoda
724 3942 1076 4008 adipiscenda,
1132 3952 1219 3993 aut
1268 3944 1592 3996 incommoda
1639 3943 1784 3996 devi-

243 4011 410 4079 tanda
466 4011 719 4063 fecerunt.
773 4011 1104 4075 Bememorati
1154 4021 1303 4074 sunt,
1355 4016 1604 4078 inquam,
1668 4012 1785 4079 mea

237 4076 390 4132 Deus
418 4081 623 4147 adjutor
644 4089 716 4131 est
745 4095 934 4141 eorum,
985 4079 1031 4130 id
1072 4090 1173 4139 est,
1205 4081 1323 4143 quia
1365 4076 1480 4133 eine
1509 4076 1616 4133 Deo
1657 4076 1786 4135 tiibil

238 4150 429 4202 valens
487 4149 656 4201 facere
680 4158 912 4218 ροεδειιι,
940 4150 1132 4218 etqttia
1162 4148 1464 4215 ltedeaiptor
1489 4163 1660 4201 eorum
1688 4161 1782 4215 est,

241 4219 298 4271 id
327 4227 432 4278 est,
463 4220 579 4286 quia
608 4218 830 4270 redemit
855 4231 945 4270 cus
975 4217 1038 4269 de
1062 4217 1367 4284 zﬁgyptiaca
1396 4221 1679 4282 servitute;
1732 4230 1784 4271 et

241 4289 374 4340 ideo
397 4289 676 4338 dilexerunt
698 4303 807 4339 eum
833 4298 1026 4339 tantum
1054 4289 1106 4338 in
1135 4301 1238 4348 ore,
1266 4303 1365 4339 non
1394 4289 1444 4340 in
1473 4291 1651 4342 corde.
1684 4288 1788 4342 Ore

238 4360 392 4408 enim
445 4358 791 4420 honorabant,
838 4371 992 4424 quem
1045 4360 1201 4408 corde
1243 4358 1664 4410 contemnebant.
1721 4357 1786 4410 Et

241 4426 426 4494 lingua
451 4441 540 4495 sua
578 4426 767 4478 mentiti
791 4435 905 4477 sunt
932 4425 996 4488 ei,
1020 4427 1250 4478 dicentes
1280 4443 1292 4476 :
1328 4427 1642 4492 Qua’cunque
1660 4444 1790 4495 prie-

1950 3255 2188 3318 Quotiens
2231 3255 2558 3307 exacerbavit.
2592 3255 2811 3321 Repetit
2847 3253 3082 3307 eamdem
3127 3255 3409 3310 inﬁdelita-

1881 3331 1983 3375 tein
2012 3339 2213 3386 eorum,
2255 3340 2409 3392 quam
2437 3338 2593 3389 supra
2623 3326 3053 3377 commemoravit
3085 3340 3101 3392 εγ
3129 3333 3181 3376 ει
3217 3324 3311 3376 hac
3339 3325 3407 3378 de

1879 3405 2032 3461 causa
2075 3391 2281 3461 repetit,
2311 3393 2432 3457 quia
2479 3393 2588 3444 vult
2633 3392 2826 3445 addere
2868 3397 3045 3461 plagas
3092 3391 3226 3455 illas,
3276 3407 3409 3461 quas

1883 3459 2134 3530 Dominus
2161 3460 2419 3530 Egyptiis
2449 3471 2661 3528 propter
2683 3473 2776 3514 eos
2806 3459 3010 3525 inﬂixit,
3044 3471 3097 3512 ut
3129 3470 3271 3512 tanto
3294 3459 3410 3514 ina-

1879 3528 1956 3594 gis
1983 3528 2277 3596 appareant
2308 3531 2491 3597 ingrati
2517 3547 2529 3592 ;
2561 3533 2678 3598 quia
2709 3530 2959 3584 deberent
3007 3533 3273 3597 utriusque
3311 3545 3396 3584 ro-

1880 3599 2101 3662 cordari,
2128 3601 2326 3652 scilicet
2357 3610 2407 3650 et
2439 3599 2808 3652 beneticiorum
2837 3613 3051 3651 suorum
3074 3610 3123 3652 et
3151 3602 3403 3652 malorum

1882 3677 2091 3733 promer
2116 3682 2207 3721 eos
2249 3670 2484 3721 hostibus
2529 3670 2809 3721 illatorum.
2844 3668 2910 3720 Et
2935 3671 3010 3721 sic
3034 3670 3404 3722 continuatur:

1884 3732 2016 3786 Vere
2041 3746 2159 3787 sunt
2183 3753 2298 3788 caro
2337 3748 2383 3788 et
2424 3739 2629 3801 spiritus
2669 3740 2868 3799 vadens,
2903 3739 3020 3802 quia
3063 3743 3104 3789 si
3151 3739 3266 3790 tal.s
3310 3751 3413 3790 non

1881 3815 2040 3867 esset,
2071 3807 2261 3858 totiens
2286 3805 2558 3857 Domitium
2588 3821 2688 3857 non
2719 3811 3119 3859 exacerbari-nt.
3144 3807 3271 3858 Nam
3292 3821 3416 3873 quo-

1884 3873 2025 3936 tiens,
2061 3888 2224 3941 usque
2268 3878 2318 3926 in
2363 3876 2617 3926 inliniturn
2648 3879 3062 3926 emcerbaverunt
3088 3891 3201 3925 eum
3243 3877 3294 3925 in
3331 3874 3425 3926 de-

1883 3953 2041 4005 serto;
2075 3943 2172 3996 hoc
2199 3954 2278 3996 est
2305 3948 2674 3995 concitaverunt
2702 3961 2810 3996 eum
2838 3945 2891 3995 in
2923 3945 3050 3996 iram
3073 3945 3124 3995 in
3155 3945 3418 4010 inaquoso,

1889 4027 1990 4063 non
2023 4021 2126 4063 tam
2157 4013 2208 4064 in
2241 4013 2435 4064 ventris
2465 4013 2718 4074 siccitate,
2750 4028 2904 4079 quam
2936 4015 2984 4064 in
3016 4013 3209 4066 mentis
3249 4012 3419 4063 aridi-

1887 4088 2008 4133 Lite.
2043 4081 2116 4132 Et
2151 4086 2248 4133 lioc
2281 4083 2438 4132 modo
2469 4084 2829 4132 concitaverunt
2865 4097 2976 4132 eum
2999 4121 3013 4146 ,
3041 4082 3158 4148 quia
3199 4081 3418 4132 conversi

1884 4158 1996 4218 sunt
2029 4149 2093 4200 ad
2123 4164 2239 4202 eum
2280 4150 2512 4202 dicentes
2547 4165 2559 4200 :
2596 4147 2916 4216 Qutecunque
2965 4147 3251 4218 prleceperit
3279 4151 3419 4202 nobis

1887 4216 2131 4270 Dominus
2163 4220 2441 4283 faciemus:
2466 4228 2518 4269 et
2543 4229 2715 4270 tamen
2746 4219 2921 4270 statim
2954 4216 3261 4270 tentauerunt
3286 4234 3417 4280 eum,

1893 4288 1940 4338 in
1964 4303 2066 4354 quo
2097 4297 2330 4354 apparet,
2358 4289 2477 4354 quia
2508 4301 2630 4340 vere
2653 4303 2754 4339 non
2790 4295 2913 4339 sunt
2935 4287 3196 4341 conversi.
3228 4287 3418 4339 Milites

1887 4360 2023 4410 enim
2053 4358 2239 4409 Christi
2270 4373 2372 4410 nun
2399 4367 2517 4409 sunt
2541 4357 2719 4408 orarii.
2753 4357 2816 4408 Et
2847 4357 2944 4408 hoc
2974 4355 3127 4408 ιηοάυ
3156 4357 3419 4408 exacerba-

1893 4435 2091 4489 verunt,
2121 4428 2170 4478 id
2194 4438 2290 4489 est,
2319 4426 2684 4478 exacerbatum
2708 4427 2806 4477 sibi
2833 4427 3168 4477 reddiderunt
3195 4435 3421 4477 sanctum

241 4495 437 4563 ceperit
485 4494 751 4558 Dominus,
807 4495 1066 4563 faciemus,
1112 4506 1216 4549 Cito
1243 4504 1418 4548 autem
1455 4493 1711 4560 iecerunt,
1743 4507 1795 4550 et
1822 4493 1870 4551 D
1898 4494 2081 4558 Israel,
2116 4498 2162 4545 id
2185 4505 2284 4557 est,
2319 4497 2456 4546 illuni
2485 4496 2569 4560 qui
2596 4493 2886 4563 sanctiﬁcat
2913 4508 3121 4546 omnem
3153 4495 3415 4559 Israelem,

240 4562 400 4616 obliti
422 4575 559 4616 sunt.

322 4629 425 4684 Cor
460 4645 620 4684 autent
662 4648 858 4685 eorum.
909 4633 1207 4687 Dltexerunt
1234 4649 1346 4684 eunt
1373 4635 1637 4700 (inquam)
1678 4645 1798 4688 tan-

243 4710 363 4754 tum
392 4701 446 4770 in
472 4718 577 4764 ore,
609 4717 695 4754 cor
718 4712 882 4755 autem
911 4704 1131 4770 ipsorum
1176 4717 1274 4753 non
1313 4713 1420 4754 erat
1467 4714 1656 4756 rectum
1687 4721 1800 4756 cum

245 4786 334 4824 eo.
366 4768 507 4822 Illius
535 4780 709 4828 autem
739 4784 831 4824 cor
861 4768 1060 4825 rectum
1089 4778 1172 4825 est
1201 4785 1317 4841 cum
1350 4771 1477 4834 Deo,
1510 4776 1598 4841 qui
1632 4773 1796 4827 Deum

243 4842 446 4910 quatit
485 4850 684 4893 tantum
717 4852 928 4908 propter
970 4843 1151 4894 Deum.
1189 4840 1418 4894 lstivero
1449 4840 1552 4895 non
1587 4855 1800 4910 propter

246 4910 451 4977 ipsum,
478 4910 572 4962 sed
619 4919 832 4977 propter
872 4913 972 4962 alia
1017 4911 1322 4980 quaerebant
1351 4910 1540 4963 Deum.
1573 4910 1641 4965 Et
1669 4916 1788 4980 quia

245 4994 341 5032 cor
366 4995 535 5031 eorum
564 4996 661 5032 non
691 4989 794 5032 erat
830 4991 1018 5032 rectum
1064 4995 1176 5031 cum
1221 4979 1349 5044 Deo,
1391 4982 1521 5032 ideo-
1541 4997 1640 5034 non
1685 4979 1800 5034 sunt

249 5049 417 5100 habiti
455 5050 650 5114 ﬁdeles,
690 5052 793 5103 imo
830 5051 1062 5103 inﬁdeles
1105 5049 1156 5099 in
1187 5057 1493 5111 testamento,
1527 5053 1575 5102 id
1613 5062 1716 5113 est,
1749 5055 1797 5104 tu

251 5119 693 5187 promissionibus
722 5117 860 5187 ejus,
889 5122 1010 5187 quia
1050 5134 1152 5171 non
1192 5117 1416 5169 fideliter
1457 5122 1798 5173 attenderuiit

249 5201 378 5256 quas
405 5185 654 5240 Dominus
698 5185 1053 5254 promittebat,
1091 5189 1291 5241 scilicet
1325 5196 1517 5237 interna
1554 5199 1608 5240 et
1635 5192 1799 5243 (tele-

246 5265 378 5324 stia,
407 5258 497 5308 sed
523 5271 615 5322 pro
643 5256 720 5308 liis
749 5258 1021 5324 elegerunt
1046 5270 1248 5313 terrena
1273 5266 1325 5308 et
1364 5259 1684 5310 transitoria.

325 5323 449 5378 Iuse
486 5334 649 5379 autem
683 5333 753 5377 est
792 5323 1090 5380 misericors.
1136 5327 1208 5379 Illi
1232 5325 1436 5393 quidem
1468 5327 1596 5378 tales
1623 5335 1796 5391 erant,

246 5396 395 5463 quod
423 5405 474 5448 et
505 5394 702 5447 mentiti
745 5408 865 5448 sunt
892 5397 976 5459 ei,
1009 5407 1062 5450 et
1101 5411 1191 5449 eor
1222 5407 1416 5449 tectum
1445 5408 1562 5448 cum
1590 5409 1654 5448 eu
1695 5413 1797 5463 non

252 5462 574 5530 habuerunt,
600 5465 736 5518 unde
766 5468 969 5533 penitus
988 5466 1186 5519 destrui
1208 5467 1655 5530 promerebantur.
1683 5462 1800 5535 Ipse

250 5541 430 5588 autem
468 5544 538 5590 est
567 5537 642 5588 eis
674 5537 950 5593 misericors
974 5575 990 5600 ,
1020 5536 1141 5603 quia
1172 5550 1271 5586 non
1311 5547 1515 5599 penitus
1543 5536 1802 5589 destruxit

251 5605 507 5675 pepuluni
530 5605 693 5676 illum,
711 5620 916 5676 propter
930 5609 1091 5674 prolis
1102 5617 1483 5676 successrmiem
1505 5620 1518 5654 :
1543 5620 1665 5676 quia
1688 5609 1802 5664 qut-

185 5713 190 5716 -
253 5673 379 5729 itaut
403 5675 594 5741 posteri
618 5673 821 5729 eorum'
842 5673 1089 5730 credituri
1112 5683 1164 5726 et
1186 5673 1399 5739 perl'ecti
1433 5674 1592 5726 luturi
1627 5684 1795 5737 erant,

260 5746 402 5802 sicut
421 5745 600 5818 sancti
629 5746 850 5816 apostoli
874 5755 927 5803 et
951 5747 1097 5802 inulti
1126 5746 1237 5811 alii,
1261 5751 1311 5795 et
1352 5745 1471 5809 quia
1500 5743 1798 5800 nasciturus

1902 4567 1951 4616 id
1983 4576 2082 4628 est,
2114 4579 2323 4614 oii‘iiieiii
2355 4564 2517 4613 virum
2559 4564 2817 4616 videntem
2849 4562 3034 4630 Deum,
3074 4566 3155 4616 vel
3183 4571 3419 4616 sanetum

1899 4633 2078 4696 Israel,
2113 4633 2162 4685 id
2192 4641 2292 4694 est,
2323 4646 2475 4699 quem
2509 4633 2605 4702 ipsi
2635 4632 2887 4702 deberent
2912 4633 3240 4684 sanctilicare
3267 4633 3318 4702 in
3345 4646 3422 4692 se,

1900 4703 1941 4755 si
1971 4716 2143 4754 essent
2176 4717 2326 4753 verus
2359 4702 2535 4764 Israel.
2579 4700 2830 4752 Similiter
2858 4709 2912 4753 et
2949 4715 3044 4752 nos
3068 4700 3425 4752 convertimur

1898 4772 2151 4838 dicentes,
2183 4771 2421 4832 Domine,
2452 4780 2504 4822 et
2543 4771 2714 4820 statim
2763 4771 2922 4821 Deum
2971 4778 3228 4838 tentamus
3261 4784 3273 4818 :
3303 4770 3424 4835 quia

1901 4836 2458 4908 tetiipoieteiitatioiiis
2505 4840 2794 4891 recedimus
2825 4854 2838 4887 :
2864 4851 2918 4891 et
2949 4839 3024 4890 sic
3063 4836 3232 4908 Deum
3270 4852 3424 4908 quem

1902 4906 2073 4977 potius
2120 4911 2326 4976 placare
2372 4909 2703 4970 deberemus,
2743 4912 3137 4960 exacerbamus.
3187 4906 3304 4959 Ideo
3345 4907 3425 4958 in-

1899 4976 2076 5047 quam,
2099 4989 2325 5029 sanctum
2368 4977 2523 5029 lirael
2560 4981 2995 5039 exaucrbaverunt,
3021 4990 3138 5043 quia
3183 4991 3279 5027 non
3309 4976 3427 5047 stitit

1901 5045 2148 5100 recordati
2192 5061 2387 5110 manus,
2438 5048 2486 5099 id
2523 5057 2638 5110 est,
2671 5057 2909 5111 poteritne
2955 5049 3067 5112 ejus
3111 5054 3336 5097 ostensa:
3373 5045 3429 5099 in

1901 5118 1985 5169 die
2004 5156 2018 5179 ,
2047 5133 2146 5184 qua
2173 5118 2376 5169 redimit
2414 5133 2497 5169 eos
2527 5125 2588 5169 de
2627 5131 2780 5166 manu
2804 5116 3084 5166 tribulann's
3121 5115 3427 5184 Pharaonis.

1899 5186 2035 5238 Dicit
2060 5182 2403 5241 Cassiodorus
2427 5189 2560 5253 quod
2593 5184 2878 5246 tribulatio,
2907 5194 2958 5236 et
2987 5200 3046 5237 ea
3076 5198 3193 5252 qua:
3220 5182 3426 5247 dolent,

1899 5257 2124 5312 maxime
2150 5260 2199 5309 in
2228 5259 2475 5310 memoria
2503 5255 2681 5307 liaberi
2709 5257 2899 5307 solent.
2935 5253 3023 5306 Isti
3056 5267 3182 5306 vero
3211 5265 3306 5304 nec
3331 5253 3428 5302 tri-

1909 5328 2191 5379 bulationis
2221 5324 2479 5378 recordati
2508 5334 2649 5386 sunt,
2678 5337 2838 5391 quare
2868 5325 3030 5376 multo
3072 5323 3242 5376 minus
3274 5322 3433 5373 bette—

1903 5396 2164 5461 ticioruin,
2190 5405 2241 5447 et
2267 5394 2386 5446 ideo
2416 5392 2570 5445 nimia
2601 5392 2784 5460 ingrati
2817 5392 3041 5445 fuerunt.

1971 5468 2114 5517 Sicut
2129 5457 2290 5531 posuit
2311 5464 2362 5514 in
2384 5461 2628 5533 ﬁgypto.
2653 5457 2890 5515 Redemit
2911 5478 3023 5528 eos,
3048 5463 3276 5529 inquam,
3300 5457 3436 5533 sicut

1902 5552 2080 5590 revera
2110 5528 2228 5589 tunc
2255 5528 2626 5595 redetnit'eos,
2657 5537 2865 5599 quando
2894 5543 3054 5600 posuit
3092 5528 3234 5600 signa
3262 5545 3351 5582 sua
3378 5528 3436 5582 in

1902 5607 2148 5674 AE'gypto.
2182 5606 2267 5657 Vel
2299 5619 2474 5656 manus
2504 5602 2614 5673 ejus
2643 5601 2889 5655 recordati
2913 5616 3015 5674 non
3045 5613 3158 5654 sunt
3184 5610 3432 5674 ostensa,

1902 5671 2154 5728 itaﬂstwt
2197 5686 2316 5726 tunc
2363 5671 2573 5727 ostensa
2620 5681 2718 5733 est,
2752 5672 2959 5737 quando
3007 5674 3194 5739 posuit,
3219 5671 3292 5739 _id
3330 5681 3432 5731 εει,

1901 5749 2121 5801 ιιι-ιιιιιει·
2153 5755 2203 5799 ct
2233 5743 2500 5798 evidenter
2545 5743 2731 5797 locavit
2770 5735 2920 5810 signa
2965 5735 3056 5793 sua
3095 5744 3145 5794 in
3184 5735 3433 5810 Α’ῖυῃριο.
