3898 6226
197 324 295 376 905

877 327 937 378 l.\‘
980 323 1383 378 PSAIMOIIUM
1422 322 1669 377 LIBRUM
1711 320 2060 376 EXEGESIS.
2094 349 2158 358 —
2192 319 2429 372 PSALM.
2473 319 2720 372 LXXVII.

3293 312 3393 366 906

201 447 310 496 licet
344 441 466 506 quia
499 440 612 504 fecit
658 443 884 490 semitam
927 437 1019 488 irae
1063 451 1187 495 sine,
1223 435 1399 506 laudiu
1428 433 1565 485 enim
1593 433 1739 499 quasi
1769 431 1815 490 Α
1845 434 2066 506 positam
2092 432 2160 503 ,in
2209 431 2489 506 montanis,
2524 432 2608 482 iihi
2657 429 2752 495 ipsi
2801 426 3033 506 επιξυιὲᾔο
3056 429 3107 479 ⁸ιί
3137 438 3260 506 sunt
3300 441 3391 506 per

199 505 377 568 semita
411 511 502 562 ira:
529 509 617 561 Dei
652 507 768 572 fuit,
799 507 922 557 dum
957 505 1278 566 iniquitati-in
1305 505 1510 555 illorum
1540 515 1666 554 OCt'It
1692 511 1739 553 ta

201 580 309 651 ejus
339 580 560 651 munitas
594 577 814 651 punivit.
868 576 1146 651 Postquam
1201 589 1324 625 vero
1381 588 1480 651 per
1517 579 1740 649 angelos

201 639 364 704 malos
393 639 445 699 in
483 639 758 700 maiiil'esm
799 639 1149 696 secreta’dnci
1188 658 1278 694 eos
1320 641 1570 706 permisit,
1605 649 1661 690 ut
1690 639 1741 690 in

201 717 618 775 evidentissimos
661 724 960 780 peCcatures
987 710 1396 780 evidentissiine
1430 709 1738 780 vindicaret,

202 799 323 843 tunc
352 784 537 840 semita
589 778 766 837 stricta
817 784 950 833 facta
983 792 1062 833 e~t
1091 783 1189 831 lata
1222 783 1321 831 via.
1373 779 1434 831 Et
1465 792 1585 830 vere
1613 778 1743 828 vium

201 860 340 924 fecit,
369 861 487 912 quia
513 871 609 906 non
643 853 858 921 peperci:
886 868 916 924 ᾳ
943 866 1039 901 mor
1054 861 1099 900 te
1130 848 1388 924 animabus
1418 863 1585 924 eorum
1620 862 1658 896 rt
1678 851 1710 897 0'
1729 875 1740 882 ο

203 917 337 979 rum:
373 925 466 976 Vel
509 917 659 976 aliter
686 917 712 973 :7
745 918 901 984 Quasi
928 921 1111 971 semita
1163 918 1251 969 ira:
1304 918 1391 969 Dei
1443 917 1556 974 fuit,
1587 930 1744 980 quam

202 997 309 1049 dixi
342 997 459 1048 illos
503 995 552 1045 iii
600 983 947 1043 exleriuribus
1000 987 1150 1039 bonis
1204 985 1488 1049 percussit;
1538 983 1745 1049 quando

203 1081 329 1116 iero
361 1065 502 1129 ipsos
547 1061 758 1116 eosdem
817 1058 1094 1129 percussit,
1145 1055 1520 1129 ᾀειιιιετεειιόυ.
1556 1070 1660 1129 eos
1695 1055 1744 1104 in

202 1122 393 1187 mare.-
424 1133 557 1183 Ecce
605 1122 841 1182 semitam
877 1127 1010 1177 viam
1063 1125 1201 1177 fecit.
1240 1125 1301 1175 lit
1328 1123 1615 1175 secundum
1649 1122 1746 1173 hoc

200 1204 339 1269 quod
374 1204 612 1267 sequitur
642 1198 1118 1269 estuleternnnatio
1145 1193 1417 1269 quomodo
1439 1194 1560 1244 fecit
1585 1193 1746 1243 semi-

205 1262 311 1324 i'ani
345 1262 498 1329 viain,
535 1285 624 1334 per
656 1268 755 1318 hoc
785 1265 1003 1334 scilicet,
1037 1265 1153 1334 quia
1184 1279 1302 1313 ('IIIII
1345 1262 1488 1327 prius
1538 1275 1747 1334 percus-

201 1344 360 1394 sisset
400 1356 490 1390 eos
523 1331 570 1390 in
611 1333 983 1396 ex’eiioribus,
1015 1332 1224 1384 tandem
1256 1348 1356 1382 non
1380 1331 1591 1399 pepercit
1621 1345 1750 1380 mor-

202 1421 250 1464 te
273 1413 326 1461 in
356 1409 623 1459 animabus
655 1419 848 1463 eorum,
882 1402 930 1454 id
977 1410 1075 1464 est,
1110 1402 1416 1466 gravissima
1462 1410 1628 1451 morte
1657 1413 1750 1450 eas

203 1479 487 1532 interfecit.
541 1477 708 1529 altius
759 1473 898 1524 enim
929 1470 1157 1524 dicendo
1195 1472 1309 1535 plus
1348 1471 1627 1536 SigIIlIIC-II.
1685 1466 1749 1518 Et

191 1551 428 1620 jumenta
458 1560 630 1598 eorum
674 1543 916 1620 conclusit
958 1541 1010 1590 in
1056 1549 1235 1601 morte,
1289 1537 1600 1620 quiamipsos
1630 1553 1748 1589 cum

200 1606 355 1684 equis
385 1626 437 1668 et
465 1616 707 1684 curribus
738 1613 989 1684 demersit
1018 1625 1066 1660 in
1094 1622 1260 1684 mare.
1292 1607 1546 1684 Similiter
1576 1606 1626 1658 iii
1658 1622 1752 1683 no-

202 1677 285 1740 bis
311 1686 459 1754 quasi
484 1684 670 1754 semita:
696 1683 784 1734 ἕνα*
811 1694 915 1754 sua:
933 1680 1063 1731 viam
1089 1680 1225 1745 fecit,
1257 1678 1464 1754 quando
1486 1677 1551 1728 dc
1579 1678 1749 1754 gravi—

1843 495 2123 563 saciilicia,
2151 511 2203 552 et
2230 518 2320 558 per
2347 499 2444 552 alia
2472 501 2813 552 instrumenta
2853 498 2928 550 eis
2959 498 3106 557 data;
3143 495 3391 548 historia-

1845 572 1961 623 liter
1989 572 2127 622 enim
2153 571 2409 638 A‘Igyptus
2443 572 2490 638 in
2519 569 2653 622 valle
2682 578 2780 630 e~t,
2804 567 3101 638 Jerusalem
3144 567 3195 618 in
3239 582 3392 618 mon-

1847 640 1996 691 tanis.
2025 641 2088 692 Et
2117 640 2234 693 ideo
2258 637 2382 692 dicit
2407 655 2420 690 :
2452 637 2659 690 Induxit
2683 654 2766 689 eos
2797 637 2845 687 in
2878 644 3092 688 montem
3117 653 3133 696 ;
3157 645 3393 699 montem,

1845 708 1986 771 dico,
2015 726 2156 774 quem
2202 725 2301 760 nun
2328 708 2530 772 gladius
2561 722 2763 766 eorum,
2797 705 2888 757 sed
2931 709 3134 757 dextera
3155 745 3170 765 ,
3215 706 3262 758 id
3292 717 3392 764 est,

1848 781 2074 844 potentia
2099 781 2207 845 ejus
2231 779 2489 844 acquisivit
2520 778 2614 837 eis,
2643 777 2762 842 quia
2790 785 2891 827 tam
2925 775 3212 845 manifestis
3238 775 3400 845 signis

1850 842 1968 899 cum
1999 849 2075 900 eis
2104 842 2311 913 agebat,
2343 856 2397 897 ut
2429 859 2659 912 prmsens
2686 861 2804 898 esse
2831 843 3227 907 intelligeretur.
3244 842 3406 896 Suni-

1848 916 1962 970 liter
1992 926 2044 968 et
2076 930 2170 967 nos
2208 917 2422 968 eductos
2468 916 2532 965 de
2581 914 2817 966 cmivalle
2847 915 3040 965 erroris
3068 925 3121 965 et
3153 914 3404 966 tenebra—

1849 1002 1961 1038 rum
2012 1000 2104 1048 per
2135 985 2287 1037 Iidem
2330 997 2382 1036 et
2427 984 2642 1048 gratiam
2694 982 3016 1041 baptismatis
3047 982 3250 1034 induxit
3295 983 3401 1045 jam

1848 1069 1961 1116 spe,
1993 1063 2046 1106 et
2071 1055 2112 1105 si
2143 1055 2373 1105 nondum
2406 1070 2459 1103 re
2488 1055 2539 1105 in
2581 1063 2793 1103 montem
2834 1053 3247 1115 sanctiﬁcationis
3273 1069 3406 1112 saw,

1851 1123 1899 1175 id
1929 1133 2029 1189 est,
2062 1123 2111 1174 iu
2142 1124 2408 1176 caelestem
2438 1122 2751 1182 Jerusalem,
2801 1121 2883 1172 tibi
2936 1135 3056 1174 vere
3103 1122 3398 1172 sanctiliea-

1851 1208 1967 1244 nnir
2005 1208 2095 1257 per
2121 1207 2296 1244 veram
2331 1191 2740 1252 confessionem,
2788 1189 2836 1242 id
2882 1200 2980 1248 est,
3033 1191 3235 1242 laudent
3288 1189 3403 1251 Dei,

1849 1264 1970 1326 quia
2000 1273 2124 1314 tunc
2155 1261 2435 1313 novissima
2473 1275 2615 1312 mors
2635 1262 2948 1311 destruetur.
2971 1258 3138 1323 Quem
3173 1269 3400 1312 montem

1853 1346 1954 1382 non
1984 1333 2168 1382 merita
2209 1340 2381 1382 nostra
2406 1330 2819 1394 acquisiverunt,
2858 1327 2949 1379 sed
2980 1329 3093 1393 ejus
3117 1329 3323 1388 dextra,
3358 1331 3404 1379 id

1852 1412 1954 1460 est,
1987 1399 2149 1452 Filius
2175 1399 2290 1466 ejus
2321 1400 2570 1465 sanguine
2619 1414 2711 1450 suo
2739 1396 2888 1448 nobis
2936 1398 3078 1450 illiiiti
3108 1396 3405 1459 acquisivit.

1927 1469 1990 1520 Et
2039 1470 2202 1537 ejerit.
2257 1468 2464 1520 Induxi:
2513 1481 2628 1529 eos,
2679 1469 2908 1537 inquam,
2951 1475 2998 1517 et
3045 1467 3247 1531 ejecita
3282 1468 3409 1525 facie

1856 1554 2025 1590 eorum
2051 1536 2238 1605 gentes,
2264 1553 2380 1601 qure
2406 1547 2599 1589 terrain
2643 1536 2780 1588 illam
2815 1546 3223 1605 occupaverant,
3268 1538 3410 1588 scili-

1857 1619 1961 1670 εει,
1981 1604 2248 1670 llethteos,
2269 1607 2506 1667 IIeveeos,
2532 1605 2858 1662 Pherezsnos,
2874 1604 3165 1667 Jehnsteus,
3189 1613 3240 1656 et
3255 1605 3407 1657 alios.

1859 1675 1926 1728 Et
1957 1677 2150 1729 deinde
2178 1677 2342 1728 divisit
2369 1685 2551 1728 terram
2579 1675 2816 1726 tribubus
2841 1677 2889 1724 in
2922 1676 3150 1739 {unica/0
3177 1675 3418 1726 distribu-

199 1756 302 1808 bus
329 1744 563 1823 peccatis
604 1753 653 1805 in
685 1752 928 1823 graviora
976 1744 1187 1813 semper
1215 1746 1470 1823 permittit
1516 1746 1751 1823 praecipi-
1789 1762 1832 1820 Β
1862 1748 2030 1823 tionis,
2085 1747 2132 1823 id
2162 1755 2264 1823 est,
2289 1746 2347 1823 in
2375 1753 2756 1823 inensiir'ataet
2783 1745 2972 1823 aequali
3015 1744 3413 1823 distributione.

201 1814 418 1878 tarifEt
449 1840 550 1875 non
585 1814 752 1885 parcit
800 1818 949 1870 nobis
976 1832 1001 1865 a
1037 1827 1205 1867 morte
1234 1817 1552 1870 animarum.
1582 1814 1756 1865 dando

201 1910 303 1947 nos
353 1895 562 1945 tandem
595 1893 644 1942 in
677 1887 992 1954 prul'undum
1025 1887 1332 1951 iniquitatis,
1365 1893 1415 1936 et
1459 1888 1512 1936 in
1539 1894 1762 1935 a‘tcrnas

200 1965 449 2016 tenebras
478 1962 700 2022 tuentis;
754 1969 805 2010 et
861 1958 1136 2007 nobiscum
1191 1956 1425 2020 juinenta
1481 1965 1656 2005 nostra
1711 1954 1760 2002 in

200 2044 378 2085 inorte
429 2031 715 2089 concludit,
764 2027 884 2094 quia
935 2025 1236 2092 pudicitiam
1271 2023 1425 2076 nobis
1465 2036 1675 2075 omnem
1711 2022 1760 2072 in

201 2103 361 2155 nobis
392 2103 563 2168 perire
604 2097 876 2159 permittit.

277 2203 341 2253 Et
372 2200 609 2268 percussit
638 2213 780 2250 omne
812 2193 1194 2268 primogen'titm
1216 2192 1283 2268 o_b_
1304 2192 1678 2268 homine_usqite
1699 2193 1766 2242 ad

199 2260 382 2337 pecus,
417 2281 467 2322 iit
503 2268 715 2320 historia
758 2260 936 2324 relert,
970 2260 1021 2316 in
1050 2272 1187 2337 terra
1218 2260 1449 2337 lligypti.
1484 2262 1547 2312 Et
1567 2271 1762 2337 priete—

199 2331 291 2393 i'ea
338 2331 596 2403 percussi
644 2337 888 2404 primitias
928 2333 1088 2404 omnis
1118 2331 1521 2404 labor-iscoram,
1566 2331 1614 2382 id
1646 2343 1764 2404 _eSl,

198 2399 385 2461 omnia
416 2399 677 2474 pruuitiva
711 2420 760 2454 in
791 2403 980 2474 agresti
1011 2401 1207 2474 labore.
1238 2399 1394 2453 Velut
1425 2401 1616 2474 l_'enuin,
1645 2401 1764 2474 Itur:

196 2479 386 2538 deum,
418 2467 612 2538 litium,
667 2484 716 2526 el
760 2467 969 2536 similia,
1015 2486 1117 2522 non
1155 2473 1203 2520 in
1237 2479 1370 2521 terra
1423 2467 1624 2528 Jerscn,
1679 2467 1765 2520 ubi

195 2560 359 2601 erant
389 2544 478 2597 ﬁlii
512 2544 691 2602 Israel,
725 2543 816 2594 sed
842 2543 890 2594 in
925 2539 1276 2593 tabernaculis
1296 2541 1479 2599 Chatti,
1513 2539 1559 2588 id
1589 2547 1689 2595 est,
1717 2540 1763 2587 in

197 2627 348 2672 terra
377 2615 625 2667 hostiam.
657 2610 1015 2665 Tabernacula
1042 2608 1205 2661 Cliam
1252 2608 1387 2659 idern
1418 2606 1596 2671 accipe
1626 2608 1763 2671 quod

199 2694 406 2740 terram
437 2684 671 2752 .Egypti.
706 2681 834 2752 Ilii-it
872 2675 1453 2752 inini_ungustinus_et
1491 2675 1768 2752 Cassiodo-

199 2771 318 2816 rus,
344 2756 480 2822 quod
511 2744 666 2805 ἒῖιὶιιιι
701 2751 794 2801 fuit
821 2759 966 2822 pater
993 2745 1261 2807 Chanaan,
1304 2744 1454 2822 cujus
1485 2746 1765 2810 posterita—

198 2835 316 2876 tem
346 2817 539 2876 terram
573 2822 709 2872 illam
761 2817 1060 2884 possedisse
1104 2826 1329 2867 constat.
1377 2818 1550 2884 Potest
1595 2827 1766 2865 autem

198 2909 302 2960 per
341 2890 639 2943 animalium
693 2883 1067 2960 primogenita
1093 2886 1308 2960 intelligi
1349 2884 1428 2935 vel
1462 2883 1610 2941 lides,
1653 2885 1769 2960 sine

196 2954 307 3028 qua
339 2975 498 3013 omne
528 2954 735 3028 bonum
765 2971 895 3028 opus
927 2956 1105 3028 inutile
1147 2962 1201 3005 et
1246 2954 1539 3028 incassum;
1586 2954 1662 3028 vel
1691 2954 1770 3002 tli-

197 3023 367 3084 Iectio
397 3028 486 3082 Dei
518 3040 568 3083 et
597 3023 838 3096 proximi,
866 3027 916 3077 in
942 3025 1116 3096 quibus
1148 3023 1580 3096 pendetuniversa
1621 3023 1699 3073 (ex
1721 3030 1770 3074 et

196 3101 505 3170 ρτοριιειως
535 3091 610 3152 vei
636 3098 792 3150 etiam
837 3095 1060 3164 justitia,
1109 3108 1226 3161 qua:
1269 3091 1650 3170 principalisct
1677 3107 1768 3142 So-
1798 3105 1843 3166 ρ

194 3161 359 3223 ἱςιειιῖε
399 3169 562 3221 virtus
604 3176 707 3231 cst,
753 3161 872 3233 quia
902 3180 995 3232 per
1033 3178 1148 3216 eam
1184 3173 1344 3233 totum
1385 3175 1548 3233 genus
1579 3161 1764 3213 liinna—

204 3256 340 3292 nutu
373 3240 423 3292 in
455 3242 672 3288 naturali
705 3231 1182 3288 salteni’sociatnr.
1217 3232 1315 3284 I’er
1362 3231 1616 3297 primitias
1646 3245 1768 3285 vero

198 3311 409 3362 laboris
442 3307 798 3370 signiﬁcantur
827 3304 1084 3370 praecipua
1111 3307 1158 3352 in
1185 3301 1376 3354 nostris
1399 3301 1770 3359 actibus.sicut

200 3394 331 3446 qua
355 3377 602 3446 prmdicta
624 3375 1049 3446 stitit,_pizec_ipua
1091 3380 1210 3446 sunt
1241 3373 1624 3446 ξιιλιιτιιιιιιιμε.⁸
1645 3373 1769 3434 Quae

198 3437 389 3501 (impia
405 3444 623 3510 percutit
645 3437 910 3503 Domitius,
927 3437 976 3493 id
995 3441 1174 3510 eSI,ad
1204 3439 1422 3510 nihilum
1441 3437 1650 3510 deducit
1668 3455 1769 3510 non

198 3506 426 3571 interra
453 3515 630 3577 Israel,
662 3513 757 3566 sed
804 3513 1021 3564 interra
1061 3509 1296 3578 Egypti,
1350 3507 1397 3558 id
1448 3517 1548 3572 est,
1592 3506 1642 3560 in
1692 3509 1772 3560 his

207 3587 306 3650 qui
339 3597 392 3638 et
416 3587 662 3651 populum
685 3581 799 3650 ejus
827 3593 1228 3647 persequamur,
1256 3587 1306 3630 et
1331 3578 1771 3651 magistenebras

199 3648 371 3722 quam
397 3648 565 3706 lucem
591 3648 812 3718 diligunt
837 3669 850 3714 ;
879 3659 933 3704 et
957 3651 1043 3722 qui
1070 3658 1192 3722 sunt
1220 3648 1553 3722 tabernacula
1582 3649 1769 3722 Uilzltt',

201 3715 262 3776 ιὶι
298 3733 401 3784 est,
435 3726 484 3776 iu
516 3715 707 3792 quibus
735 3726 915 3792 regunt
942 3715 1395 3792 diabolus._C_liatn
1435 3718 1577 3769 enim
1626 3718 1772 3792 calli-

202 3797 310 3846 dus
343 3788 736 3859 interpretatur.
768 3788 894 3854 Quis
931 3788 1567 3859 aiiiem_callidior__quam
1602 3789 1771 3840 versi-

202 3866 374 3931 pellis
405 3855 494 3915 ille
519 3873 739 3928 serpens
767 3860 1010 3922 antiquus
1034 3857 1056 3906 ?
1089 3855 1273 3922 Utique
1299 3855 1493 3908 nullus.

287 3963 356 4015 Et
390 3963 593 4014 abstulit
643 3962 770 4014 sicut
819 3975 948 4011 oves.
983 3958 1140 4030 Quasi
1179 3959 1318 4030 dicat
1347 3975 1365 4030 εγ
1393 3957 1464 4012 Ita
1512 3959 1775 4030 percussis

201 4050 264 4089 et
290 4032 568 4086 destructis
593 4031 800 4092 ovibus,
831 4028 1031 4081 abstulit
1061 4029 1128 4081 de
1157 4029 1333 4081 medio
1356 4029 1563 4080 illorum
1601 4028 1777 4079 Duilli-

202 4118 316 4159 nus
347 4101 588 4170 populant
617 4115 781 4170 suum,
813 4114 968 4166 quem
998 4097 1197 4151 Scilicet
1245 4097 1380 4170 inter
1417 4112 1602 4150 omnes
1646 4114 1776 4164 gen-

207 4186 299 4228 tes
327 4167 628 4239 specialiter
653 4169 752 4221 sibi
783 4173 1032 4236 elegerat.
1053 4171 1215 4239 qb'icut
1246 4167 1413 4239 bonus
1443 4176 1622 4233 pastor
1651 4184 1778 4220 oves

202 4235 544 4297 suas'educit
572 4239 638 4291 de
665 4235 907 4305 periculis
931 4253 944 4301 ;
970 4245 1020 4290 et
1046 4237 1097 4288 in
1125 4239 1339 4299 deserto,
1367 4235 1417 4289 id
1448 4247 1548 4299 est,
1582 4251 1674 4303 per
1696 4239 1780 4289 (Ic-

201 4322 421 4368 si’rtum
468 4308 720 4378 perduxit,
763 4308 810 4360 id
864 4317 964 4369 est,
1005 4307 1067 4378 ad
1112 4309 1458 4378 securitatem
1476 4320 1588 4367 eos,
1647 4307 1781 4358 sicut

207 4394 424 4450 pastor,
451 4374 660 4447 gregem
688 4375 1148 4450 deduxitaAuIeit
1185 4384 1241 4450 et
1271 4390 1383 4450 _nos
1435 4374 1703 4435 Dominus,
1736 4378 1778 4450 si

1864 1816 2008 1869 Solet
2030 1814 2168 1868 enim
2194 1814 2426 1867 funiculo
2451 1813 2692 1865 distribui
2723 1813 3019 1872 lite-editas,
3053 1823 3106 1866 et
3138 1812 3235 1865 hoc
3258 1826 3413 1874 sorte,

1867 1886 1915 1936 id
1948 1895 2049 1945 est,
2075 1898 2167 1950 per
2203 1892 2424 1937 sortem.
2467 1881 2746 1947 Similiter,
2779 1892 3053 1949 postquam
3086 1883 3285 1935 induxit
3323 1899 3414 1936 nus

1865 1971 1956 2022 per
1980 1968 2126 2016 spem
2153 1955 2200 2004 in
2226 1954 2494 2022 cmlestem
2517 1951 2836 2012 Jerusalem,
2855 1953 2998 2022 ejecit
3018 1964 3208 2021 gentes,
3237 1953 3285 2004 id
3312 1966 3412 2012 est,

1863 2021 2132 2084 centilium
2158 2037 2384 2084 errores,
2417 2021 2514 2074 hoc
2541 2031 2638 2082 est,
2683 2022 2898 2087 spiritus
2950 2021 3263 2082 immundos,
3329 2025 3415 2086 qui

1866 2103 2122 2157 praeerant
2154 2092 2304 2143 nobis
2333 2105 2360 2143 a
2385 2091 2709 2142 facienmtra
2735 2091 2989 2151 interiori,
3026 2092 3073 2142 id
3099 2101 3197 2152 est,
3223 2092 3287 2143 ab
3307 2093 3417 2143 aui-

1865 2178 1967 2213 ma.
1999 2161 2060 2213 Et
2087 2159 2271 2212 dividit
2298 2159 2448 2211 nobis
2467 2159 2613 2225 quasi
2634 2159 2687 2209 in
2713 2160 2938 2226 funiculo
2957 2161 3340 2225 distributiouii,
3368 2161 3418 2213 id

1864 2241 1964 2290 est,
1991 2233 2052 2281 ad
2096 2243 2392 2281 mensuram
2427 2228 2617 2291 pariter
2643 2230 2790 2279 nobis
2815 2237 3029 2294 terram,
3058 2230 3106 2282 id
3136 2241 3236 2294 est,
3261 2235 3418 2284 caele-

1866 2312 1998 2353 stem
2022 2299 2259 2365 patriam.
2283 2297 2412 2362 Quia
2435 2297 2486 2349 in
2502 2296 2650 2347 domo
2671 2295 2842 2349 Patris
2873 2301 2963 2349 mei
2989 2300 3272 2353 mansiones
3291 2302 3422 2352 mul-

1868 2381 1928 2418 tt'
1964 2379 2097 2421 sunt.
2135 2366 2227 2420 Vel
2269 2381 2460 2419 terram
2501 2367 2644 2418 illam
2693 2366 2760 2419 de
2789 2383 2887 2434 qua
2919 2373 3199 2435 pascimur,
3236 2372 3282 2420 id
3314 2379 3418 2433 est,

1867 2436 2157 2504 spiritualia
2186 2438 2320 2489 dona
2378 2435 2561 2507 dividit
2593 2436 2650 2507 in
2684 2437 2853 2507 nobis,
2895 2437 3012 2504 quia
3063 2440 3421 2507 unusquisque

1870 2503 2133 2575 proprium
2161 2507 2355 2557 donum
2386 2504 2544 2575 habet
2567 2503 3156 2575 aDeoAadimensuraui
3180 2503 3349 2562 suam.

1941 2574 2244 2627 Ethabitare
2269 2576 2384 2642 fecit
2408 2573 2562 2625 tribus
2589 2573 2770 2625 Israel.
2809 2574 3157 2630 Ilistorialiter
3182 2579 3234 2631 in
3263 2580 3424 2633 tuber-

1871 2646 2067 2697 naculis
2096 2661 2288 2708 eorum,
2323 2645 2371 2696 id
2403 2651 2503 2706 est,
2537 2643 2771 2764 gentium
2800 2643 3085 2711 ejectarutn
3114 2662 3142 2700 a
3175 2647 3306 2700 facie
3336 2665 3424 2702 en-

1873 2732 2007 2764 rum.
2041 2713 2238 2764 Eodem
2282 2715 2438 2764 modo
2468 2714 2532 2764 tri
2571 2729 2624 2763 us
2651 2710 2831 2764 Israel.
2861 2713 2908 2764 id
2959 2727 3060 2764 est.
3094 2717 3208 2764 illus
3241 2733 3424 2764 omnes

1873 2732 2007 2767 rinn.
2041 2713 2238 2769 Eodem
2282 2715 2438 2766 modo
2468 2710 2624 2764 tribus
2651 2710 2840 2772 Israel,"
2861 2713 2908 2765 id
2959 2727 3060 2774 est,
3094 2717 3208 2769 illus
3241 2733 3426 2772 omnes

1869 2784 1958 2850 qui
1983 2784 2044 2834 ad
2077 2787 2174 2837 hoc
2205 2785 2440 2842 tendunt,
2477 2791 2532 2834 nt
2563 2781 2724 2852 Deum
2771 2797 2926 2846 quem
2959 2799 3060 2837 non
3094 2786 3294 2852 vident,
3326 2790 3425 2841 lide

1870 2854 2082 2906 videant
2122 2862 2177 2906 et
2212 2868 2355 2919 spem
2386 2852 2500 2922 fecit
2526 2852 2631 2919 jam
2664 2851 2887 2922 habitare
2926 2867 3018 2918 per
3066 2870 3213 2914 Spelit
3261 2858 3311 2910 in
3345 2868 3425 2909 ta-

1872 2923 2176 2976 bernacnlis
2205 2936 2410 2993 eorum,
2461 2921 2510 2973 id
2563 2921 2744 2993 estpin
2775 2921 2901 2974 locis
2932 2925 3073 2986 cte'i,
3107 2926 3243 2977 unde
3266 2926 3423 2993 ejecti

1871 3003 1992 3045 sunt
2046 2992 2477 3058 prmvaricatores
2524 2991 2715 3058 angeli,
2758 3006 2875 3058 qua:
2920 2991 3309 3055 quodaminodo
3351 3007 3420 3049 ta-

1876 3061 2159 3115 beruacula
2203 3063 2303 3132 dici
2348 3069 2585 3128 possunt,
2642 3071 2893 3130 quantum
2944 3063 3009 3116 ad
3067 3063 3326 3132 ipsos-qui
3357 3069 3421 3119 ad

1879 3141 2084 3194 tempus
2110 3132 2178 3183 lbi
2208 3131 2437 3184 fuerunt.

1941 3201 2008 3253 Et
2041 3210 2347 3252 tentaverunt
2401 3211 2443 3251 et
2474 3201 2910 3252 exacerbavei'uul.
2971 3199 3182 3254 Induxit
3210 3220 3312 3264 eos,
3348 3204 3423 3256 iti-

1870 3286 2050 3338 quani,
2088 3270 2141 3323 in
2192 3279 2430 3331 montem,
2462 3280 2507 3322 et
2534 3271 2675 3337 ejecit
2716 3278 2883 3339 gentes
2912 3287 2941 3322 a
2972 3272 3101 3339 [acie
3144 3287 3345 3336 eorum;
3377 3285 3425 3326 et

1874 3337 2048 3393 tamen
2104 3340 2272 3392 adhuc
2313 3348 2625 3391 laniaverant
2658 3337 2901 3406 petendo,
2956 3337 3054 3393 non
3123 3343 3426 3405 credendo;

1870 3412 1962 3463 sed
1987 3419 2293 3463 tentaiierunt
2320 3412 2500 3471 Deum,
2525 3409 2760 3475 quamvis
2785 3412 3056 3465 excelsum.
3079 3410 3140 3463 Et
3164 3411 3262 3465 hoc
3288 3411 3426 3477 ideo,

1911 3481 1990 3531 uia
2016 3496 2114 3532 non
2135 3479 2469 3533 custodierunt
2497 3479 2799 3542 testimonia,
2825 3477 2874 3530 id
2898 3490 2997 3540 est,
3024 3491 3275 3548 priscepta
3299 3486 3426 3548 ejus.

1911 3547 1940 3598 .‘t
1985 3557 2267 3601 averterunt
2288 3563 2339 3600 se
2366 3549 2432 3600 ab
2451 3558 2609 3617 eo,et
2643 3565 2742 3600 non
2780 3561 3092 3602 servaverunt
3123 3547 3344 3617 pactum,
3379 3554 3426 3604 id

1872 3626 1954 3669 est
1983 3617 2355 3683 promissiones
2382 3631 2510 3682 quas
2542 3616 2775 3670 fecerunt
2800 3619 2846 3671 ei
2876 3619 3108 3672 dicentes
3126 3616 3144 3672 ⁷;
3174 3621 3431 3684 Quincun-

1873 3703 1967 3758 que
1989 3688 2274 3758 pra’cepcrit
2305 3686 2445 3737 nobis
2483 3684 2752 3750 Dominus,
2802 3689 3071 3752 faciemus;
3113 3693 3432 3758 quemadmo-

1874 3757 1994 3834 dum
2020 3760 2177 3809 etiam
2209 3756 2442 3834 fecerunt
2487 3766 2654 3834 patres
2683 3772 2876 3834 eorunt,
2910 3773 3010 3811 non
3054 3756 3191 3834 quod
3226 3761 3431 3829 Moyses

1875 3834 1931 3878 et
1960 3830 2157 3890 Aaron,
2181 3833 2237 3879 et
2263 3825 2347 3877 alii
2378 3825 2522 3888 honi,
2555 3826 2646 3877 sed
2669 3826 2735 3878 de
2755 3826 2942 3893 quibus
2975 3827 3281 3893 praedictum
3306 3825 3387 3881 est
3417 3849 3426 3881 :

1876 3893 2145 3946 Generatio
2197 3911 2348 3963 prava
2370 3905 2416 3946 et
2454 3909 2771 3962 exasperatis.
2806 3893 2869 3945 Et
2900 3895 3017 3948 ideo
3042 3896 3162 3949 dico
3191 3914 3290 3950 non
3318 3913 3428 3950 ser-

1877 3973 2108 4016 vaverunt
2136 3976 2351 4029 pactum,
2386 3965 2501 4031 quia
2534 3963 2754 4034 conversi
2780 3973 2893 4015 sunt
2925 3965 2973 4016 in
3006 3981 3176 4016 arcum
3197 3983 3427 4034 pravum.

1879 4038 2044 4085 Arcus
2071 4036 2209 4103 enim
2243 4048 2432 4098 pravus
2462 4044 2560 4093 est,
2608 4033 2692 4103 qui
2749 4033 3214 4098 cntnlintcnditur,
3244 4046 3299 4088 ut
3340 4051 3432 4103 per

1877 4119 1997 4154 enm
2047 4101 2243 4168 aliquid
2302 4103 2533 4170 iiiittattir
2583 4103 2631 4152 in
2663 4101 2888 4164 hostem,
2944 4105 3244 4166 remittitur,
3290 4101 3426 4170 quod

1880 4173 2006 4223 nihil
2057 4186 2148 4240 i-er
2175 4187 2295 4224 eum
2325 4169 2583 4233 mittitur;
2620 4172 2749 4222 tales
2792 4182 2843 4224 et
2883 4171 2966 4224 isd
2992 4184 3132 4236 sunt,
3164 4173 3251 4238 qui
3281 4169 3429 4240 quasi

1880 4241 2072 4294 iniensi
2103 4239 2329 4302 fuerunt,
2365 4240 2714 4306 promittendo
2743 4255 2799 4294 se
2827 4241 3000 4294 omnia
3049 4244 3273 4294 tacturos
3300 4239 3431 4309 qua:

1881 4312 2309 4378 praciperentur,
2353 4319 2406 4362 et
2434 4325 2552 4361 mox
2583 4312 2787 4363 remissi
2820 4309 2940 4363 facti
2970 4319 3112 4374 sunt,
3141 4313 3259 4378 quia
3295 4312 3424 4365 lliIIlI

1885 4380 2139 4434 iecerunt.
2203 4379 2292 4434 Vel
2343 4379 2409 4431 ita
2447 4381 2539 4430 :Si
2564 4378 2752 4445 aliquis
2784 4381 2849 4431 ita
2893 4393 3082 4444 pravus
3113 4395 3265 4434 arcus
3311 4396 3431 4435 esse

205 4442 418 4506 {minus
449 4442 668 4516 populus
710 4461 855 4510 suus,
905 4444 955 4497 id
986 4454 1100 4518 est,
1146 4443 1452 4518 obedientes
1505 4447 1777 4518 praeceptis
1810 4442 1859 4502 υ
1885 4460 2081 4512 posset,
2110 4452 2246 4518 quod
2277 4465 2394 4503 eum
2418 4449 2534 4515 (pro
2564 4442 2761 4518 aliquo)
2791 4442 3006 4501 deberet
3031 4465 3185 4517 agere
3212 4453 3423 4502 initten-

205 4522 356 4581 suis,
404 4513 470 4572 de
519 4513 778 4585 potestate
827 4523 878 4565 et
919 4513 1370 4585 spiritualiuni_et
1420 4513 1772 4585 corporalium

207 4578 457 4644 basi-ium
480 4578 779 4639 nostrorum
805 4580 1064 4648 pascendo
1087 4595 1183 4632 nos
1213 4578 1572 4646 spiritualibns
1600 4597 1774 4635 sacra-

206 4656 442 4720 mentis,
472 4655 605 4708 sicut
635 4654 744 4721 pius
774 4663 950 4719 paStor
975 4666 1100 4703 oves
1130 4665 1250 4721 suas
1287 4651 1472 4718 pascit,
1505 4661 1556 4702 et
1595 4654 1644 4703 in
1683 4655 1774 4706 de-

205 4738 377 4787 serto,
410 4724 459 4778 id
487 4735 588 4789 est,
618 4720 670 4775 in
709 4724 803 4774 hac
842 4724 968 4784 vita,
1015 4736 1130 4788 quin
1176 4720 1441 4772 desertum
1488 4731 1566 4773 est
1597 4738 1773 4788 ωερε-

207 4812 313 4853 csa
366 4794 721 4854 futuris-vitai,
769 4791 834 4843 ad
889 4793 1220 4843 securitatem
1272 4803 1360 4854 per
1407 4792 1632 4856 speciem
1683 4808 1774 4844 nus

210 4868 652 4932 ducit,tauquam
690 4875 896 4930 gregem
917 4859 1099 4932 factos,
1131 4859 1178 4932 id
1212 4868 1313 4932 est,
1341 4858 1388 4908 in
1422 4875 1578 4932 unum
1611 4875 1700 4910 cor
1725 4871 1778 4913 et

212 4927 457 4990 animum
476 4927 628 4986 unam
651 4927 1012 4997 congregatos.
1038 4927 1100 4979 Et
1123 4929 1326 4978 diduxit
1355 4943 1435 4978 eos
1457 4929 1505 4978 in
1526 4945 1611 4996 spe
1626 4941 1777 4981 terra:

217 5000 856 5075 promissionisLdeducit
898 5007 948 5050 et
988 5014 1082 5075 nos
1115 5000 1182 5075 iii
1212 5011 1323 5075 spe.
1353 4997 1466 5075 ’δρα
1485 5013 1544 5047 en
1570 5013 1615 5046 in
1654 4999 1778 5049 salvi

214 5067 353 5148 iacti
377 5086 566 5124 sumus.
595 5068 659 5120 Et
682 5085 778 5148 non
815 5070 1086 5146 timuerunt
1114 5067 1185 5117 illi
1222 5067 1456 5144 mimico:
1477 5081 1644 5148 suos;
1677 5084 1776 5118 nun

216 5136 482 5200 iimcmus
525 5147 577 5190 et
623 5152 718 5189 nos
760 5139 994 5189 inimicos
1027 5148 1255 5199 nostros,
1285 5136 1403 5202 quia
1445 5136 1487 5185 si
1523 5139 1655 5188 Dens
1689 5152 1780 5201 pr')

221 5214 410 5272 nobis,
443 5211 559 5276 quis
601 5217 779 5259 contra
823 5204 957 5256 nos?
1002 5203 1065 5255 Et
1099 5206 1215 5257 ideo
1246 5207 1319 5257 illi
1351 5204 1529 5257 hostes
1561 5222 1587 5276 ξι
1620 5206 1783 5259 ιυιετο

218 5273 564 5337 incurrentes
584 5279 661 5329 vel
685 5283 1020 5328 occurrentes
1046 5289 1144 5325 non
1171 5277 1459 5337 timuerunt,
1490 5273 1608 5339 quia
1639 5289 1784 5328 mare

217 5351 441 5419 operuit
460 5361 642 5419 siones
664 5345 1062 5419 subsequentes.
1086 5341 1284 5397 Eodem
1306 5344 1481 5419 modo,
1508 5354 1780 5411 postquam

223 5413 282 5476 isi
311 5420 471 5483 mari,
503 5418 553 5469 id
584 5427 684 5478 est,
718 5418 766 5466 in
815 5413 1146 5483 baptismate,
1188 5429 1372 5466 omnes
1406 5417 1783 5483 subsequentes

223 5492 418 5544 hostes
446 5480 630 5550 nostri,
662 5484 710 5538 id
742 5494 840 5544 est,
871 5480 1044 5531 omnia
1074 5482 1341 5546 originalia
1373 5494 1425 5535 et
1446 5482 1664 5534 actualia
1695 5486 1784 5536 de-

222 5567 534 5620 struuntur,
565 5549 770 5608 Sicanii
817 5566 931 5605 esse
964 5549 1233 5615 volumus,
1284 5552 1522 5620 inimicos
1564 5556 1785 5618 amplius

226 5642 340 5679 non
365 5626 687 5677 timebimus.
720 5625 779 5674 Iit
809 5621 1009 5693 indusit
1037 5631 1127 5670 eos
1157 5620 1222 5693 de
1242 5619 1526 5693 _1Egyplo,
1573 5623 1786 5690 eductus

225 5696 284 5747 in
315 5704 533 5748 montem
578 5689 983 5758 sanctiﬁcationis
1030 5700 1152 5750 sutc,
1205 5687 1254 5742 id
1284 5687 1383 5754 est,
1409 5687 1468 5744 iu
1499 5687 1786 5746 Jcrualeiu

363 5806 378 5819 -
438 5781 703 5836 I’sruoL.
756 5778 966 5835 XCIII.

1876 4519 1945 4570 do
1985 4517 2141 4571 telum
2173 4520 2222 4571 iu
2253 4519 2478 4579 hostem,
2529 4517 2698 4582 potius
2725 4526 2906 4569 contra
2942 4517 3108 4583 ipsum
3139 4528 3317 4584 ageret
3347 4536 3428 4572 re-

1881 4588 2169 4652 torquendo
2191 4591 2347 4639 telum
2375 4585 2424 4637 in
2449 4600 2586 4637 eum.
2619 4586 2852 4637 Illiarcui
2885 4599 3062 4642 essent
3084 4587 3179 4653 ipsi
3209 4601 3425 4654 compa-

1879 4657 2092 4717 rabilcs,
2145 4658 2231 4717 qui
2284 4671 2399 4708 cum
2453 4669 2545 4719 pro
2586 4655 2690 4706 Deo
2721 4656 2977 4708 deberent
3004 4669 3177 4720 agere.
3219 4668 3427 4722 pactum

1878 4725 1991 4792 ejus
2042 4726 2326 4791 impleuto,
2375 4727 2544 4790 potius
2594 4734 2772 4777 coiitra
2816 4726 2983 4790 ipsum
3009 4735 3256 4790 egerunt,
3285 4726 3425 4778 aliud

1879 4805 2084 4857 pactum
2103 4804 2283 4845 contra
2296 4811 2412 4846 eum
2430 4795 2742 4859 recipiendo.
2764 4794 2823 4844 Et
2844 4795 3206 4844 concitaverunt
3228 4809 3342 4845 cum
3377 4797 3429 4846 in

1878 4864 1974 4924 ira,
1988 4863 2328 4914 sacriﬁcando
2350 4863 2534 4930 singuli
2551 4865 2601 4914 in
2617 4863 2824 4914 collibus
2837 4867 2960 4922 suis,
2979 4871 3024 4912 et
3036 4873 3429 4929 provocaveruut

1878 4949 1989 4982 eum
2010 4933 2076 4982 ad
2099 4935 2463 4984 (1"tliuluIiOItt'tlt
2486 4934 2535 4984 in
2561 4932 2870 4998 sculptilibus
2890 4933 3012 4983 suis.
3033 4931 3261 4999 Quisque
3288 4931 3429 4985 enim

1880 5016 2060 5054 eorum
2088 5002 2282 5053 idolum
2315 5002 2414 5054 sibi
2447 5003 2680 5064 sculpsit,
2708 5013 2760 5054 et
2788 5007 3014 5066 aliquem
3043 5001 3344 5054 umbrosum
3376 5016 3431 5053 ei.

1880 5071 2239 5122 delectabilem
2269 5071 2452 5122 collem
2507 5071 2678 5139 elegit,
2738 5071 2821 5122 tibi
2873 5073 3036 5135 ipsum
3067 5072 3327 5133 adoraret,
3376 5082 3425 5124 et

1881 5155 1927 5192 ei
1983 5140 2327 5190 sacriliCaret.
2384 5140 2579 5191 Eodem
2633 5141 2788 5191 modo
2839 5151 2890 5191 et
2956 5154 3093 5199 nos,
3155 5152 3428 5207 postquam

1882 5210 2038 5261 etiam
2058 5207 2166 5274 jam
2198 5223 2292 5273 spe
2318 5209 2368 5261 in
2405 5218 2591 5261 terram
2625 5210 3008 5277 promissionis,
3042 5207 3090 5259 id
3118 5217 3219 5273 est,
3252 5209 3303 5261 in
3329 5225 3432 5262 cte-

1886 5279 2069 5328 lestem
2105 5281 2320 5341 patriam
2356 5275 2707 5343 pervenimus,
2740 5277 2909 5328 adhuc
2939 5275 3100 5329 Deum
3141 5287 3426 5339 teutamus,

1888 5351 2122 5413 petentes
2150 5347 2216 5396 ab
2242 5363 2305 5399 eo
2334 5363 2450 5412 qua:
2489 5364 2592 5399 non
2643 5355 2818 5398 essent
2848 5346 3089 5412 petenda.
3121 5345 3187 5398 Et
3211 5361 3424 5398 exacer-

1887 5420 2073 5466 banius
2117 5429 2257 5477 eum,
2304 5431 2422 5482 quia
2455 5413 2772 5478 testimOuia,
2804 5416 2851 5468 id
2884 5424 2984 5478 est,
3029 5427 3284 5482 praecepta
3315 5416 3429 5480 ejus

1887 5499 1989 5536 non
2016 5484 2362 5536 custodimus.
2397 5485 2456 5535 Et
2495 5486 2780 5536 avertimur
2825 5484 2893 5536 ab
2929 5499 3010 5544 eo,
3060 5491 3430 5539 convertentes

1893 5566 1990 5604 nos
2017 5550 2079 5602 ad
2104 5549 2285 5602 alium.
2319 5554 2382 5603 Et
2407 5567 2508 5604 non
2541 5568 2810 5606 servamus
2839 5564 3067 5618 pactum,
3100 5552 3147 5604 id
3178 5559 3278 5616 est,
3309 5567 3429 5616 pro-

1889 5620 2211 5682 missionem,
2243 5637 2394 5686 quam
2420 5621 2469 5672 in
2499 5624 2806 5686 baptismate
2827 5625 2871 5673 ei
2905 5620 3142 5685 fecimus,
3169 5622 3251 5672 ubi
3281 5622 3430 5687 quasi

1894 5701 2094 5749 pactum
2120 5704 2236 5742 cum
2266 5705 2328 5744 eo
2353 5691 2694 5756 instituimus,
2718 5694 3077 5758 promittentes
3104 5707 3196 5746 nos
3224 5691 3276 5744 isi
3302 5706 3420 5742 enzn

2938 5783 3011 5840 '2')
