3898 6226
518 319 618 370 907

964 314 1160 371 BEDE
1207 314 1650 371 VENERMMJS
1690 316 1835 371 OPP.
1880 315 2052 370 PARS
2094 316 2151 369 ll.
2197 316 2380 372 SEC'I.
2427 317 2487 371 ll.
2520 347 2586 357 —
2626 317 2823 373 DUBIA
2869 319 2949 373 ET
2990 320 3261 376 SPURIA.

3628 322 3725 374 908

520 432 827 491 credituros,
880 440 941 481 ει·
980 413 1171 482 mundo
1225 443 1342 482 cum
1394 431 1633 481 omnibus
1682 431 1890 494 pompis
1944 425 2056 494 eius
2090 434 2130 487 Α
2164 443 2191 479 a
2242 430 2413 491 nobis,
2446 445 2473 481 a
2506 431 2716 483 diabolo
2743 440 2796 483 et
2824 430 3073 483 ministris
3097 434 3231 496 ejus,
3275 444 3366 495 per
3408 445 3542 496 quos
3573 446 3718 493 sape

522 500 988 555 abrenuntiaturos.
1049 499 1111 552 Et
1161 499 1277 551 ideo
1323 498 1442 551 dico
1492 498 1627 564 quod
1691 506 1899 561 pactum
1953 512 2054 549 non

520 572 811 630 servamus,
841 568 959 634 quia
992 570 1343 619 convertimur
1381 567 1434 618 in
1474 581 1645 617 arcum
1670 581 1897 633 pravum.
1927 566 2053 618 Nam

520 654 639 693 cum
686 652 779 705 pro
802 638 927 705 Deo
969 652 1121 703 agere
1152 638 1427 695 debemus,
1460 640 1629 701 potius
1658 646 1838 687 contra
1884 636 2054 700 ipsum

521 709 743 780 agimus.
773 704 863 780 vel
888 705 1463 780 quamvisintendimur
1485 715 1541 756 ut
1565 706 1903 780 arcus_tn_ult.a
1935 719 2053 772 pro-

519 772 794 834 niittendo,
831 776 898 825 ita
945 784 1119 827 tamen
1163 776 1477 828 remittimur
1506 783 1563 827 ut
1603 773 1731 826 nihil
1780 772 2051 827 faciamus.

521 848 584 902 Et
612 847 663 901 in
703 842 944 908 collibus,
982 846 1030 895 id
1075 853 1175 906 est,
1212 845 1261 895 in
1304 845 1491 897 timore
1521 851 1575 895 et
1602 842 1827 895 elatione
1866 843 2055 896 mentis

518 932 637 970 cum
667 914 719 969 in
749 916 820 966 ira
845 917 1185 975 concitamus,
1218 915 1335 979 quia
1367 913 1731 965 inobedientes
1752 924 1955 963 sumus.
1988 913 2053 964 Et

519 986 709 1041 deinde
737 984 953 1050 quisque
997 993 1229 1036 nostrum
1276 982 1373 1034 sibi
1406 981 1625 1050 sculpsit
1676 983 1825 1050 quasi
1855 980 2052 1034 idolum

518 1056 656 1125 quod
700 1049 911 1125 adoret,
964 1053 1083 1125 quia
1131 1051 1263 1125 alius
1307 1049 1697 1125 elegiiuveneri
1733 1049 2009 1125 inservire
2037 1090 2051 1113 ,

522 1118 650 1178 alius
679 1122 929 1183 ava‘ritim,
967 1123 1100 1173 alius
1139 1122 1255 1183 hoc,
1288 1120 1423 1173 alius
1456 1118 1603 1171 illud.
1639 1118 1704 1171 Et
1733 1118 1785 1171 in
1818 1119 1918 1172 hoc
1946 1134 2049 1188 po-

523 1194 779 1248 tissimum
810 1191 872 1241 ad
904 1190 1219 1242 iracundiam
1244 1202 1361 1243 eum
1390 1202 1751 1255 provocamus.

589 1262 789 1317 Audiri:
820 1258 969 1314 Deus.
997 1269 1040 1311 et
1074 1258 1273 1324 sprevit.
1304 1256 1381 1311 Illi
1407 1258 1615 1325 quidem
1648 1258 1807 1310 Deum
1830 1258 1881 1309 in
1912 1257 2055 1309 colli-

514 1334 606 1386 bus
645 1342 691 1384 et
729 1331 784 1381 in
826 1330 1134 1395 sculptilibus
1175 1331 1241 1379 ad
1285 1330 1411 1380 iram
1444 1327 1827 1388 concitaverunt,
1856 1326 2055 1395 ethoc

518 1404 646 1456 illud
669 1400 922 1453 iecerunt.
948 1397 1013 1449 Et
1046 1396 1177 1449 Deus
1204 1398 1413 1459 audivit,
1438 1396 1487 1449 id
1509 1404 1609 1457 εει,
1632 1395 1877 1459 cognovit
1901 1394 2051 1458 illud,

516 1481 565 1523 et
592 1468 771 1538 spreuit
797 1464 990 1538 Israel,
1021 1482 1130 1538 non,
1152 1466 1235 1538 qui
1274 1480 1406 1538 nunc
1436 1475 1597 1527 esset,
1626 1465 1717 1518 sed
1756 1466 1844 1531 qui
1875 1466 2053 1538 debuit

518 1535 653 1601 esse,
672 1536 787 1606 quia
816 1536 955 1606 dedit
978 1548 1096 1606 eum
1122 1537 1170 1587 in
1196 1535 1416 1587 hostium
1450 1542 1756 1606 poiestatem
1780 1544 1856 1606 ;et
1886 1536 2048 1595 valde,

520 1608 568 1661 id
614 1603 703 1661 est
737 1604 912 1669 nimis,
956 1605 1143 1675 redegit
1186 1620 1305 1656 eum
1349 1604 1692 1675 advniltilum,
1742 1603 1945 1675 scilicet
2000 1614 2055 1656 ut

518 1678 646 1731 nulli
694 1676 827 1728 hosti
878 1672 1126 1727 resistere
1171 1682 1363 1741 posset.
1408 1672 1909 1741 Similiterquando
1958 1688 2052 1726 nos

522 1748 681 1801 Deum
710 1746 759 1797 in
787 1742 1030 1807 collibus,
1062 1742 1109 1795 id
1137 1740 1235 1804 est,
1269 1740 1320 1793 in
1352 1741 1543 1794 mentis
1569 1740 1795 1794 elatione
1824 1743 2052 1795 concita-

520 1831 634 1870 mus
658 1856 672 1878 ,
702 1812 820 1879 quia
852 1812 1022 1864 anima
1054 1812 1159 1865 Deo
1188 1812 1437 1877 loquitur,
1479 1811 1624 1863 audit
1655 1811 1780 1862 illud
1814 1810 1970 1875 Deus,
2002 1824 2053 1864 et

523 1885 725 1951 spernit
771 1894 865 1933 nos
892 1882 977 1951 qui
1008 1882 1316 1934 deberemus
1360 1894 1477 1951 esse
1524 1880 1699 1943 Israel,
1740 1880 1919 1951 dando
1962 1896 2056 1951 nos

524 1949 574 2005 in
615 1960 920 2021 potestalelll
970 1950 1195 2021 hostium
1225 1950 1551 2021 interiorum,
1582 1962 1634 2003 ct
1659 1949 1823 2021 valde
1865 1950 2049 2021 redigit

521 2018 630 2077 nos
668 2020 729 2074 ad
782 2019 995 2071 nihilum
1026 2059 1040 2081 ,
1086 2019 1285 2071 scilicet
1331 2027 1384 2070 ut
1432 2020 1586 2072 nullis
1626 2018 1763 2072 vitiis
1810 2020 2055 2072 resistere

520 2093 633 2145 vale
652 2104 801 2143 imus.
1899 2095 1901 2098 ‘

590 2160 653 2213 Et
684 2157 862 2224 repulit
902 2156 1295 2210 tabernaculum.
1325 2157 1474 2222 Quod
1521 2164 1634 2210 erat
1670 2156 1720 2207 in
1766 2155 1895 2219 Silo,
1930 2172 2053 2223 per-

523 2232 770 2284 mittendo
812 2229 934 2279 illud
984 2226 1051 2279 ab
1089 2228 1366 2293 allophylis
1409 2228 1555 2291 capi,
1601 2234 1653 2279 et
1696 2240 1894 2288 arcam,
1925 2241 2049 2288 etc.,

517 2316 632 2367 quite
672 2300 719 2350 itt
750 2297 861 2367 ipso
881 2365 887 2367 Α
907 2305 1019 2347 erat
1045 2295 1249 2347 abduci.
1280 2294 1674 2367 Taberuaculurn
1714 2311 1885 2367 suum,
1907 2296 2049 2358 dico,

518 2364 599 2421 tibi
630 2371 737 2433 ipse
780 2365 1021 2433 habitavit
1042 2379 1141 2415 non
1175 2377 1314 2427 vere,
1341 2365 1458 2431 quia
1491 2379 1590 2415 non
1620 2364 1671 2414 in
1712 2364 1910 2433 templis
1936 2380 2048 2433 rma-

518 2432 733 2500 nuractis
773 2434 961 2484 habitat
992 2432 1123 2485 Deus
1150 2448 1166 2493 ;
1198 2434 1289 2485 sed
1318 2433 1455 2500 quod
1489 2448 1581 2497 per
1609 2432 1886 2496 quamdam
1920 2432 2048 2500 ligu-

520 2522 627 2559 ratn
652 2505 720 2557 ibi
752 2502 1028 2565 habitavit,
1056 2504 1153 2553 hoc
1179 2501 1299 2554 fecit
1321 2513 1373 2555 ut
1398 2509 1539 2553 esset
1570 2502 1618 2553 itt
1650 2501 1967 2563 hominibus,
2002 2504 2049 2554 id

516 2583 620 2639 est,
670 2580 880 2639 prepter
922 2570 1181 2623 homines.
1237 2570 1345 2623 Hoc
1396 2570 1537 2631 fecit,
1582 2571 1813 2639 scilicet,
1854 2579 1911 2623 ut
1954 2574 2049 2638 ipsi

519 2638 853 2696 attenderent
897 2638 961 2691 ad
999 2639 1118 2705 qttid
1152 2639 1542 2692 tabernaculum
1574 2638 1769 2692 factum
1812 2648 1972 2703 esset,
1997 2650 2049 2693 et

517 2712 637 2780 quid
677 2724 735 2763 ea
768 2724 882 2776 quae
912 2710 960 2760 itt
992 2709 1103 2773 ipso
1129 2718 1278 2761 erant
1308 2708 1653 2780 spiritualiler
1676 2706 2046 2780 signiﬁcarent,

520 2776 575 2833 et
604 2781 733 2833 tales
760 2794 816 2831 se
840 2788 1207 2845 praepararent,
1240 2779 1325 2844 qui
1356 2785 1595 2830 sanctum
1627 2776 1717 2830 Dei
1750 2779 2049 2830 tabernacu-

521 2852 626 2901 lum
654 2856 847 2901 essent.
880 2846 931 2899 ln
955 2847 1148 2899 sanctis
1170 2850 1307 2899 enim
1337 2846 1635 2915 hominibus
1661 2847 1815 2915 digne
1844 2847 2043 2899 habitat

522 2916 678 2981 Deus,
729 2917 862 2969 unde
897 2917 1175 2981 Apostolus
1207 2934 1218 2967 :
1248 2915 1510 2982 Templum
1550 2914 1641 2967 Dei
1674 2914 1905 2967 sanctum
1939 2927 2045 2981 est,

520 2990 653 3051 quod
678 2985 790 3038 estis
826 3000 926 3038 vos.
952 2985 1076 3048 Quin
1105 2994 1277 3037 antem
1309 2985 1544 3035 homines
1574 2984 1699 3036 illud
1743 2999 1846 3035 nun
1876 2993 2047 3035 atten-

517 3055 727 3118 derunt,
760 3068 855 3107 nec
882 3068 939 3107 se
964 3053 1352 3105 tabernaculum
1383 3053 1489 3104 Deo
1518 3051 1772 3115 fecerunt,
1804 3053 1920 3104 ideo
1949 3053 2042 3106 Do-

2166 498 2375 560 quidam
2406 499 2728 551 devocantur
2755 515 2767 561 ;
2798 508 2850 551 et
2888 499 3325 566 pulchritudinem
3359 510 3594 554 nostram
3619 540 3638 563 ,
3670 502 3715 551 id

2160 576 2259 629 est,
2291 566 2373 619 illa
2411 566 2595 621 cadent
2637 570 2686 619 in
2732 568 2921 635 quibus
2970 584 3065 621 nos
3113 569 3454 633 contplacere
3486 569 3715 635 debere-

2160 648 2297 699 mus,
2342 637 2497 697 tradit
2543 637 2593 689 in
2625 630 2831 697 manus.
2873 637 2921 689 id
2953 648 3051 693 est.
3090 640 3139 689 in
3197 630 3457 703 potestate
3515 630 3714 693 inimici

2160 702 2379 758 diaboli.
2408 705 2480 774 Et
2520 716 2798 772 postquam
2846 707 2921 757 sic
2966 708 3132 772 gratia
3185 702 3299 774 ejus
3340 722 3438 759 nus
3484 707 3713 772 deserit,

2163 782 2287 825 tunc
2313 773 2541 841 undique
2579 775 2775 827 claudit
2813 790 2924 839 nos,
2959 777 3078 841 quia
3113 773 3342 843 undique
3383 788 3711 843 consurgunt

2160 845 2493 912 tentatiu‘nes,
2548 843 2778 909 undique
2823 847 2981 895 varia:
3038 845 3327 907 illusiones,
3372 856 3423 896 et
3476 846 3573 897 hoc
3622 862 3714 912 per

2156 910 2406 975 gladium,
2445 913 2493 963 id
2535 923 2634 973 est,
2678 926 2770 979 per
2796 912 3047 965 victorem
3071 912 3486 966 devastationent
3521 910 3712 967 laetam

2157 982 2223 1029 ab
2281 981 2531 1043 inimico;
2577 991 2631 1033 et
2690 983 2895 1048 spernit
2941 996 3035 1034 nos
3064 1020 3079 1045 ,
3133 984 3219 1049 qui
3266 984 3549 1035 debuimus
3596 999 3715 1035 esse

2158 1050 2433 1100 hzereditas
2475 1064 2597 1115 sua,
2630 1050 2751 1117 quia
2795 1050 2991 1119 patitur
3029 1066 3123 1103 nos
3161 1066 3190 1103 a
3220 1051 3545 1118 quibuslibet
3574 1053 3715 1107 vitns

2154 1120 2389 1180 superari
2418 1134 2430 1180 ;
2468 1119 2687 1184 juvenes
2714 1121 2853 1171 enim
2873 1158 2887 1181 ,
2916 1120 2964 1171 id
2994 1130 3077 1170 est
3102 1160 3116 1179 ,
3149 1123 3375 1172 lascivos
3398 1162 3413 1181 ,
3444 1130 3498 1171 et
3534 1123 3699 1174 irrelio

2154 1187 2301 1250 giose
2326 1200 2382 1239 se
2411 1187 2663 1239 habentes
2690 1189 2954 1239 consumit
2995 1188 3129 1254 ignis
3157 1190 3550 1243 ittcentivorum
3573 1230 3587 1249 ,
3622 1197 3703 1244 vel

2157 1255 2311 1325 iurari
2333 1256 2422 1308 iraa
2454 1255 2568 1308 Dei.
2601 1256 2755 1309 Tales
2783 1260 2923 1308 enim
2954 1266 3105 1317 erant
3132 1259 3199 1311 de
3239 1261 3433 1323 quibus
3473 1260 3676 1323 Aposte

2153 1322 2235 1373 lus
2266 1324 2390 1376 dicit
2422 1342 2433 1374 :
2477 1325 2625 1377 Video
2651 1326 2897 1391 quosdam
2927 1327 3212 1379 inordinate
3240 1322 3313 1380 ire
3350 1329 3482 1379 inter
3508 1322 3615 1381 eos.
3654 1332 3711 1385 Et

2156 1394 2405 1459 virgittes,
2437 1394 2485 1446 id
2514 1404 2615 1455 est,
2645 1393 2851 1463 steriles
2900 1392 2950 1447 in
2994 1396 3145 1449 bonis
3186 1397 3443 1463 cperibus
3484 1412 3589 1449 non
3631 1400 3707 1448 la-

2154 1471 2471 1514 mentantur.
2497 1464 2622 1515 Nam
2652 1462 2976 1525 sacerdotes,
3018 1464 3065 1517 id
3096 1475 3197 1526 est,
3228 1462 3455 1532 ιιι-πειτα,
3487 1468 3576 1531 qui
3609 1466 3697 1517 de-

2161 1532 2347 1601 berent
2370 1532 2447 1583 eis
2473 1533 2723 1598 compati,
2753 1535 2807 1584 et
2836 1547 2925 1584 eas
2952 1534 3247 1596 lamentari,
3285 1536 3419 1601 lapsi
3462 1543 3587 1586 sunt
3617 1550 3704 1599 per

2153 1598 2379 1665 gladium
2421 1601 2746 1662 interiorem,
2789 1602 3013 1665 scilicet,
3044 1605 3161 1668 quia
3205 1598 3434 1656 interius
3462 1598 3691 1656 destituti

2160 1677 2287 1720 sunt
2314 1670 2457 1722 omni
2489 1671 2701 1723 virtute.
2741 1668 2805 1723 Et
2830 1670 3014 1732 viduae,
3047 1672 3097 1723 id
3129 1679 3225 1735 est,
3262 1672 3519 1725 Ecclesia:
3548 1674 3611 1724 ab
3636 1676 3707 1725 eis

2159 1736 2384 1791 viduata
2420 1754 2519 1792 n0n
2553 1740 2917 1806 plorabantur,
2948 1740 3066 1806 quia
3108 1756 3210 1793 non
3260 1742 3487 1795 relictus
3516 1744 3702 1795 estali-

2158 1810 2274 1879 quis
2302 1809 2467 1860 bonus
2492 1809 2579 1873 qui
2612 1808 2783 1874 ploret
2808 1822 2917 1860 eas.
2948 1810 3120 1862 Omne
3146 1825 3376 1879 namque
3410 1818 3569 1876 caput
3604 1812 3706 1863 lan-

2155 1876 2403 1949 guidum,
2422 1885 2476 1929 et
2501 1890 2659 1931 omne
2684 1892 2777 1930 cur
2807 1890 3033 1931 maerens
3062 1894 3090 1930 a
3133 1876 3307 1947 planta
3356 1880 3509 1947 pedis
3547 1894 3702 1949 usque

2161 1944 2228 1995 ad
2275 1946 2545 2009 verticem,
2570 1954 2621 1998 et
2650 1960 2750 1998 non
2776 1955 2862 2000 est
2888 1951 3083 2001 sanitas
3114 1944 3160 1999 iit
3193 1965 3275 2001 eo.

2227 2011 2289 2065 Et
2315 2016 2553 2067 excitatus
2576 2025 2666 2067 est.
2702 2016 2883 2069 Nullus
2922 2017 3017 2069 huc
3053 2022 3117 2071 de
3148 2016 3372 2071 Domino
3410 2024 3593 2070 nostro
3620 2033 3703 2069 au-

2155 2082 2305 2135 deret
2330 2086 2530 2147 dicere,
2559 2086 2657 2137 nisi
2682 2086 2909 2151 Spiritus
2935 2097 3151 2139 sanctus
3175 2089 3241 2139 de
3263 2102 3330 2140 eo
3356 2088 3488 2138 talia
3516 2101 3699 2139 annon-

2157 2154 2329 2222 tiaret,
2362 2164 2535 2222 potest
2566 2166 2738 2206 tamen
2766 2170 2857 2221 per
2894 2159 3170 2222 quamdam
3202 2156 3608 2209 similitudinem
3635 2160 3696 2209 de

2154 2234 2216 2292 eo
2254 2221 2377 2273 dici.
2424 2221 2586 2292 Quasi
2635 2225 2865 2276 dormire
2915 2221 3138 2283 videtur.
3189 2227 3405 2292 quando
3455 2240 3556 2278 non
3603 2236 3699 2277 tam

2152 2291 2258 2364 cito
2288 2291 2551 2364 subvenit,
2588 2306 2743 2364 quam
2775 2292 2876 2364 cito
2904 2291 3259 2364 necessarium
3298 2295 3515 2346 videtur
3538 2292 3584 2346 ei
3611 2295 3692 2359 qui

2158 2359 2369 2423 patitur,
2400 2361 2531 2411 sicut
2555 2359 2678 2413 tunc
2706 2363 2914 2427 quando
2944 2363 3134 2427 popqu
3166 2363 3237 2413 illi
3279 2378 3404 2427 cum
3442 2364 3516 2414 sic
3538 2364 3697 2428 capti-

2155 2439 2385 2490 varetur,
2410 2443 2527 2480 cum
2550 2444 2627 2482 sic
2653 2432 3076 2494 concluderetur,
3107 2442 3161 2483 ut
3183 2445 3345 2497 supra
3376 2432 3575 2483 dictum
3596 2443 3693 2495 est,

2155 2512 2253 2568 non
2285 2498 2642 2552 subveniebat.
2672 2502 2828 2563 Quasi
2865 2514 2989 2552 vero
3026 2515 3145 2553 eum
3175 2501 3408 2568 quodam
3446 2500 3619 2554 lurore
3646 2515 3697 2555 et

2153 2566 2346 2632 impetu
2376 2570 2633 2619 excitatus
2674 2582 2775 2632 est,
2813 2568 3020 2635 quando
3052 2584 3169 2621 cum
3195 2566 3347 2621 tanta
3384 2573 3611 2636 potentia
3639 2585 3689 2623 et

2154 2636 2433 2701 majestate
2465 2636 2869 2706 illoshliberavit,
2897 2647 2950 2688 et
2994 2640 3171 2692 hostes
3194 2653 3381 2691 eorum
3406 2650 3512 2691 tam
3535 2641 3695 2706 gravi-

2155 2712 2231 2754 ter
2264 2706 2538 2771 percussit.
2578 2704 2641 2757 Et
2671 2708 2787 2758 ideo
2817 2707 2945 2760 dicit
2970 2724 2981 2757 :
3010 2706 3255 2759 Dominus
3293 2709 3445 2775 prius
3469 2704 3695 2772 tanquam

2152 2774 2407 2844 dormiens
2437 2778 2679 2827 excitatus
2707 2785 2778 2827 est
2808 2792 2839 2827 α
2862 2777 2991 2838 vino,
3031 2786 3272 2844 tanquam
3296 2774 3495 2842 ipotens
3523 2793 3698 2841 crapu-

2150 2840 2304 2911 latus,
2350 2844 2400 2894 id
2430 2854 2528 2905 est,
2565 2844 2713 2911 quasi
2744 2858 2862 2896 cum
2904 2847 3076 2899 lurore
3112 2840 3191 2899 est
3236 2840 3526 2906 excitatus,
3569 2840 3696 2899 sient

2154 2910 2243 2963 ille
2274 2915 2359 2979 qui
2403 2927 2431 2963 ει
2472 2910 2658 2965 somno
2686 2913 2788 2965 vini
2819 2916 3095 2973 excitatur,
3141 2930 3245 2967 non
3291 2916 3691 2981 quttltscttnque,

2152 2981 2243 3042 sed
2274 2990 2456 3045 potens
2496 2982 2683 3047 aliquis
2713 2984 3045 3047 crapulatus,
3080 2983 3129 3034 id
3158 2994 3267 3046 est,
3315 2991 3453 3037 bene
3483 2984 3691 3045 cibatus,

2155 3048 2220 3099 de
2242 3063 2345 3114 quo
2382 3061 2587 3103 constat
2611 3051 2735 3117 quia
2763 3052 2985 3103 multum
3018 3051 3166 3115 bibit,
3196 3064 3249 3104 et
3282 3052 3403 3105 ideo
3438 3066 3553 3105 cum
3592 3070 3696 3103 nia-

520 3096 1632 3187 "minié'iﬁéiitévréiﬁii't',"€t"i§t{em§cnlinit
1663 3096 1772 3174 Dee
1790 3096 2045 3187 fecerurii,
2078 3096 2121 3155 (ἶ
2150 3096 2462 3187 λοι-ι’[υιοιυθ
2501 3096 2755 3186 θιειῖτςιι.
2788 3119 3042 3174 Similiter
3079 3096 3227 3187 quasi
3263 3120 3503 3175 dormire
3530 3136 3695 3187 quao-

518 3206 571 3249 ct
598 3192 898 3263 ipsos.il‘er
930 3191 1319 3263 tabernaculum
1350 3189 1475 3263 illud
1502 3190 1862 3243 ecclesiastica
1897 3192 2047 3263 insti-

520 3258 633 3316 tuta
656 3262 1034 3330 signiﬁcantur,
1078 3259 1183 3330 Silo
1212 3269 1413 3330 autem,
1434 3258 1805 3330 interpretatur
1832 3260 2049 3330 convul-

519 3335 617 3395 sio,
647 3326 728 3383 vel
757 3331 1010 3396 abreptio.
1043 3330 1103 3379 Et
1147 3329 1197 3379 iit
1228 3328 1355 3391 Silo,
1404 3327 1454 3379 id
1492 3337 1597 3396 est,
1630 3328 1681 3396 in
1708 3326 1829 3396 illis
1857 3326 1945 3394 qui
1985 3328 2050 3379 ab

521 3404 633 3466 ipso
658 3414 716 3452 se
742 3394 972 3451 avellant
1003 3406 1057 3450 et
1084 3397 1429 3466 abrumpunt,
1463 3394 1667 3466 repellit
1704 3394 1831 3448 illud
1877 3396 2049 3448 taber-

522 3463 788 3529 naculum,
821 3468 869 3519 id
902 3474 1002 3527 est,
1028 3464 1379 3516 ecclesiastica
1412 3463 1671 3526 instituta,
1702 3474 1952 3529 quantum
1984 3466 2047 3519 ad

522 3540 619 3590 hoc
639 3538 775 3603 quod
799 3536 919 3586 facit
945 3536 1022 3585 eis
1046 3532 1262 3583 inutilia.
1286 3532 1701 3585 Tabernacuium
1728 3545 1879 3603 suum
1906 3531 2045 3603 dico,

525 3604 611 3657 ubi
656 3602 763 3671 ipse
807 3618 909 3654 non
961 3615 1083 3654 vere
1128 3603 1344 3666 habitat,
1395 3602 1486 3655 sed
1534 3611 1747 3670 propter
1788 3602 2044 3668 homines,

518 3685 653 3727 sicut
680 3670 730 3727 et
760 3674 810 3724 in
842 3670 996 3736 priori
1027 3674 1299 3722 sententia.

590 3743 655 3797 Et
703 3741 927 3794 tradidit.
958 3739 1265 3805 Enequitur
1308 3739 1655 3805 repulsionem
1703 3739 2047 3805 tabernaculi,

518 3816 695 3865 dicens
723 3829 734 3862 :
764 3811 893 3875 Quia
940 3809 1188 3861 Dominus
1233 3809 1436 3859 tradidit
1483 3810 1716 3861 virtutem
1760 3823 1953 3874 eorum,
2000 3813 2047 3862 id

520 3894 616 3941 νει,
652 3882 773 3934 illud
809 3882 859 3931 in
883 3893 987 3945 quo
1014 3877 1108 3945 ipsi
1134 3878 1463 3931 conlidebam
1483 3917 1497 3939 ,
1528 3888 1577 3931 et
1606 3879 1829 3930 victores
1859 3888 2008 3931 erant
2030 3918 2045 3942 ,

520 3965 691 4003 arcam
738 3949 934 4001 scilicet
984 3947 1276 4000 testamenti
1334 3947 1541 4000 tradidit
1586 3950 1636 3999 in
1684 3946 2042 4012 captivitatem,

524 4027 581 4070 ut
616 4019 812 4082 captiva
851 4016 1124 4067 duceretur
1152 4030 1178 4067 a
1208 4014 1502 4069 l’hilistasis.
1532 4015 1597 4068 Et
1620 4016 2046 4084 pulchritudinem

522 4101 712 4150 eorum,
746 4086 793 4136 id
816 4084 1175 4153 est,_eatndem
1200 4099 1393 4147 arcam,
1426 4086 1475 4137 itt
1501 4099 1601 4153 qua
1626 4085 1725 4136 sibi
1756 4085 2048 4149 complacu-

523 4160 666 4217 liant,
698 4148 902 4205 tradidit
922 4148 973 4204 in
997 4168 1193 4221 manus,
1225 4154 1271 4202 id
1308 4164 1406 4216 est,
1438 4155 1485 4205 in
1516 4148 1829 4216 potestatem
1861 4148 2046 4204 inimici

523 4228 715 4292 pupult.
745 4222 809 4274 Et
850 4220 1113 4292 ldeotltox
1142 4220 1401 4286 conclusit,
1427 4223 1475 4272 id
1503 4230 1603 4282 est,
1632 4222 1853 4292 undique
1875 4222 2045 4292 claudi

520 4289 573 4347 et
595 4289 753 4359 afﬂigi
789 4289 1022 4359 permisit
1054 4290 1297 4341 Dominus
1337 4291 1577 4356 populum
1601 4304 1748 4359 suum
1778 4289 1831 4339 in
1876 4290 2046 4354 gladio

522 4358 873 4423 inimicerum,
921 4370 967 4411 et
1015 4359 1351 4410 hwreditalrm
1406 4372 1521 4425 qua:
1571 4358 1748 4409 debuit
1790 4372 1906 4409 esse
1950 4371 2041 4409 sua

2157 3186 2357 3257 tum
2391 3201 2486 3238 nos
2516 3189 2720 3239 videtur
2748 3188 3018 3251 Dominus,
3050 3186 3167 3241 cum
3201 3197 3465 3257 permittit
3496 3186 3554 3242 de
3578 3194 3698 3240 vnio

2154 3253 2203 3305 in
2247 3254 2426 3307 vitium
2475 3270 2569 3308 nos
2617 3257 2949 3321 praecipitari.
2996 3253 3216 3323 Quando
3255 3273 3385 3311 vero
3432 3274 3548 3311 cum
3590 3274 3693 3324 tam

2158 3336 2292 3387 pene
2322 3324 2373 3376 in
2411 3326 2723 3390 prolundum
2762 3324 3051 3393 iniquitatis
3080 3327 3393 3391 cecidimus,
3427 3342 3523 3382 nos
3546 3343 3682 3382 revu-

2158 3399 2263 3452 cat,
2294 3396 2440 3459 quasi
2470 3393 2676 3446 videtur
2702 3395 2943 3447 excitari.
3628 3410 3631 3413 ‘

2223 3460 2288 3513 Et
2330 3462 2590 3529 percussit.
2620 3463 2752 3516 Vere
2789 3462 3039 3518 Dominus
3078 3466 3338 3519 excitatus
3369 3475 3454 3519 est
3481 3479 3591 3519 cum
3620 3466 3698 3518 lu-

2153 3543 2288 3601 rore,
2320 3530 2441 3601 quia
2484 3532 2720 3585 inimicos
2745 3533 2923 3598 pepuli
2961 3536 3059 3593 sui,
3089 3545 3144 3587 et
3188 3552 3283 3601 per
3307 3540 3408 3588 hoc
3435 3551 3579 3599 suos,
3604 3551 3699 3589 κι-

2153 3600 2292 3659 ltcet,
2328 3600 2600 3651 Phtlistiitn
2631 3602 2871 3667 percussit
2899 3604 2949 3653 in
2980 3600 3334 3670 posterioribus
3361 3605 3507 3671 plaga
3549 3608 3698 3669 turpi,

2150 3670 2272 3739 quia
2302 3681 2477 3720 mures
2502 3680 2837 3739 corroserunt
2860 3685 2987 3724 anos
3006 3688 3209 3725 eorum.
3240 3674 3304 3724 Et
3326 3674 3377 3724 iu
3410 3670 3508 3725 hoc
3530 3688 3698 3739 appro-

2152 3737 2308 3807 brium
2330 3740 2685 3803 sempiternum
2712 3738 2848 3789 dedit
2873 3739 2995 3803 illis,
3026 3746 3148 3807 quia
3180 3745 3232 3793 in
3271 3744 3466 3793 uuliam
3500 3737 3568 3795 se
3588 3737 3695 3793 am-

2153 3803 2285 3871 plius
2308 3818 2514 3872 gentem
2538 3807 2818 3860 vindicavit
2842 3810 2929 3861 ita.
2966 3803 3162 3863 Eodem
3212 3813 3371 3864 modo
3405 3826 3691 3875 persecutor

2150 3888 2236 3928 res
2268 3884 2329 3953 et
2363 3876 2702 3959 devocattires
2735 3878 2838 3930 veri
2872 3880 3042 3959 populi
3086 3882 3165 3933 sui
3186 3919 3210 3959 ,-
3254 3881 3309 3959 id
3358 3892 3478 3945 est,
3528 3882 3697 3959 popu‘i

2149 3944 2329 4017 graiitn
2360 3946 2585 4010 percutit
2609 3945 2659 3997 in
2695 3944 3086 4013 pOSIeriortbus,
3122 3952 3243 4017 quia
3279 3952 3371 4001 dat
3401 3944 3493 4002 eos
3528 3944 3694 4004 iure-

2150 4012 2366 4077 probum
2396 4027 2629 4075 sensum,
2655 4024 2709 4066 nt
2734 4018 3043 4083 posteriora,
3078 4012 3194 4083 quis
3220 4020 3395 4084 potius
3421 4024 3695 4086 repatanda

2148 4091 2265 4131 sunt
2320 4089 2375 4152 ut
2420 4091 2672 4145 stercora,
2722 4093 3027 4152 praeponam
3070 4088 3470 4152 auterioribus,
3523 4098 3694 4140 contra

2149 4151 2455 4223 Apostulttsn
2484 4152 2741 4204 dicentem
2777 4168 2788 4204 :
2826 4151 3023 4213 Eorum,
3048 4172 3159 4223 qua:
3198 4167 3330 4208 retro
3358 4151 3476 4207 sunt
3500 4158 3695 4215 oblitus,

2147 4219 2197 4267 in
2227 4234 2285 4268 ea
2313 4233 2422 4281 qua:
2450 4231 2565 4273 ante
2611 4231 2727 4271 sunt
2768 4233 3014 4274 extentus.
3060 4219 3127 4275 in
3181 4226 3303 4277 inde
3350 4228 3442 4277 dat
3490 4228 3605 4277 illos
3650 4243 3696 4277 ut

2147 4299 2524 4359 sctrttptternum
2555 4290 2911 4355 opprobrium,
2961 4294 3007 4341 itl
3039 4302 3144 4354 est,
3186 4295 3237 4344 itt
3268 4303 3497 4347 :eternas
3529 4309 3699 4359 που

2149 4354 2357 4416 inl'erni,
2388 4370 2504 4421 quos
2535 4354 2807 4410 eis’cruut
2847 4362 3166 4425 sempiterno
3214 4362 3483 4415 dedecori.
3520 4354 3694 4416 Scien-

522 4434 667 4501 qnasi
700 4419 902 4501 sprevit,
933 4431 1140 4501 quando
1168 4419 1519 4501 conculcaria
1558 4426 2041 4501 cunctispcrmisit.
2079 4419 2125 4479 D
2149 4426 2270 4501 dum
2292 4419 2429 4501 quod
2458 4440 2578 4501 cum
2603 4425 2846 4480 Philisttei
2873 4419 3128 4495 cap-tivam
3156 4432 3501 4485 abduxissent
3531 4449 3693 4484 arcam

523 4494 755 4569 ﬁamque
781 4499 935 4569 ignis,
967 4498 1014 4548 td
1044 4504 1141 4569 est,
1174 4494 1317 4569 furor
1348 4495 1552 4569 hostilis
1587 4496 1797 4546 comedit
1816 4496 2045 4561 juvenes,

527 4575 575 4624 id
607 4566 720 4632 est,
766 4566 1089 4631 consumpsit
1116 4574 1166 4615 et
1205 4566 1417 4617 abstulit
1456 4566 1733 4616 bellatores
1778 4580 1969 4626 eorum,
2002 4578 2047 4615 et

520 4641 731 4708 virgines
758 4634 1015 4708 eorunt__in_
1032 4633 1376 4698 captivitatem
1406 4634 1571 4708 ductae
1595 4641 1836 4708 ⁵ηοηειρηι
1859 4636 2045 4708 lamen-

526 4700 640 4760 tata:
668 4721 757 4773 pro
786 4703 956 4757 hostili
981 4702 1199 4773 timore;
1235 4702 1661 4773 metuebat-enim
1679 4700 1779 4773 sibi
1806 4702 2043 4773 quisque.

528 4768 821 4830 Sacerdotes
864 4784 1068 4838 quoque
1105 4770 1309 4821 illorum
1359 4770 1526 4835 Uphni
1572 4783 1625 4822 et
1679 4769 1919 4838 Phinees
1954 4768 2044 4823 lilii

526 4846 637 4899 Ileli
676 4837 954 4895 ceciderunt
986 4837 1042 4889 in
1083 4840 1251 4908 gladio
1283 4838 1667 4891 l’bilistinorum
1688 4878 1700 4900 ,
1730 4842 1845 4906 quia
1876 4837 1941 4891 ab
1967 4842 2045 4893 cis

526 4912 683 4969 occisi
732 4918 873 4961 sunt.
912 4908 1058 4971 Quod
1089 4907 1317 4961 audiens
1362 4917 1507 4974 pater
1550 4909 1788 4970 illorum,
1824 4910 1889 4960 de
1918 4911 2045 4961 selza

532 4997 622 5035 Sua
654 4993 808 5044 super
831 4978 985 5029 limen
1013 4978 1222 5038 cec.dit,
1244 4986 1318 5038 et,
1351 4977 1529 5029 lractis
1551 4977 1848 5030 cervicibus
1865 5013 1882 5039 ,
1906 4992 2046 5028 mor-

528 5065 646 5105 tuus
694 5049 807 5101 luit.
869 5047 933 5097 Et
984 5055 1127 5113 tanta
1177 5048 1347 5097 clades
1413 5048 1672 5113 oppressit
1725 5058 1855 5107 eos,
1911 5048 2045 5110 quod

528 5124 684 5175 vidule
719 5132 888 5169 eorum
932 5130 1031 5165 non
1079 5111 1400 5178 plorabantur
1448 5111 1665 5167 funerali
1708 5130 1885 5175 more,
1930 5129 2047 5179 pro-

529 5203 643 5259 pter
671 5197 864 5241 metum
904 5184 1147 5259 hostium.
1178 5183 1427 5236 Similiter
1448 5198 1653 5250 quoque
1681 5184 1847 5259 sinos
1870 5185 2044 5236 eccle-

529 5252 735 5313 siastica
777 5270 878 5307 non
908 5254 1226 5307 attendimus
1254 5264 1597 5315 sacramenta,
1633 5262 1687 5303 ut
1713 5252 1925 5320 dignum
1969 5262 2047 5304 ta-

531 5325 861 5382 bernaculum
903 5324 1007 5376 Deo
1037 5336 1417 5390 praeparemus;
1454 5322 1542 5376 sed
1585 5324 1753 5387 potius
1782 5324 1847 5374 ab
1867 5332 1931 5373 eo
1954 5336 2049 5373 nos

532 5396 903 5463 abrumpimus,
935 5392 1240 5445 concitando
1268 5407 1387 5463 eum
1412 5393 1475 5444 ad
1507 5394 1636 5444 iram
1665 5391 1717 5443 in
1747 5393 1967 5443 collinus
1998 5401 2049 5463 et

536 5470 587 5517 in
640 5460 965 5531 sculptttihus
992 5502 1005 5525 ,
1064 5464 1172 5527 ipse
1198 5462 1382 5533 ‘tradit
1420 5464 1662 5533 virtutem
1711 5469 1942 5533 nostram
1973 5460 2046 5533 Ain

536 5529 901 5600 captivitatem,
946 5534 994 5584 id
1043 5540 1142 5591 est,
1191 5529 1343 5600 (idem
1374 5540 1426 5583 et
1463 5529 1649 5585 cetera
1698 5530 2046 5583 ecclesiastica

536 5598 785 5663 instituta,
834 5618 923 5667 per
964 5616 1079 5669 qua:
1121 5613 1213 5651 nos
1260 5598 1420 5652 fortes
1464 5610 1516 5652 et
1560 5604 1783 5653 victores
1825 5601 2046 5652 hostium

532 5688 649 5729 esse
677 5673 1001 5733 deberemus,
1039 5669 1288 5737 permittit
1313 5671 1568 5737 captivari
1591 5710 1605 5735 ,
1640 5671 1689 5723 id
1719 5680 1817 5734 est,
1856 5670 2049 5721 auferri

2156 4494 2359 4570 Domini
2391 4495 2459 4547 de
2487 4495 2620 4570 Silo,
2654 4494 2948 4563 posuerunt
2966 4514 3079 4552 eam
3112 4504 3161 4552 in
3209 4504 3405 4568 templo
3444 4516 3539 4554 suo
3560 4501 3697 4570 juxta

2149 4562 2344 4612 idolum
2373 4577 2554 4615 eorum
2591 4562 2801 4631 Dagon;
2832 4582 2983 4619 mane
3012 4576 3187 4621 autem
3220 4562 3468 4624 iuventus
3496 4562 3580 4623 esi
3604 4571 3697 4624 ο.-

2145 4646 2245 4696 gon
2275 4632 2565 4704 cervicibus
2592 4634 2787 4694 tractis,
2816 4644 2868 4686 et
2892 4637 3131 4689 manibus
3160 4641 3463 4704 et'pedtbus
3494 4652 3695 4692 trunca-

2149 4710 2212 4749 tts
2236 4714 2393 4765 super
2421 4700 2575 4773 limen
2606 4704 2797 4770 templi.
2844 4704 3041 4767 Quibus
3072 4700 3449 4772 comparantur
3479 4710 3549 4759 illi
3590 4710 3693 4773 qui,

2147 4780 2359 4835 aecepta
2390 4772 2636 4832 novitate,
2670 4776 2897 4823 retinent
2926 4786 3239 4827 vetustatem
3269 4777 3466 4837 adhuc,
3495 4791 3589 4828 nec
3610 4772 3693 4827 tu-

2149 4848 2289 4904 tcgre
2338 4842 2516 4891 volunt
2563 4855 2679 4892 eam
2725 4844 3021 4907 deponere;
3069 4849 3160 4896 sed
3218 4857 3394 4897 tamen
3447 4845 3579 4897 nihil
3625 4866 3695 4897 Cl:

2148 4914 2381 4973 prodest,
2403 4912 2519 4975 quia
2545 4909 2839 4963 destruetur
2863 4922 3112 4964 vetustas.
3145 4916 3328 4963 Omnia
3352 4924 3517 4965 autem
3539 4925 3693 4967 trans

2145 4979 2303 5039 ibunt,
2333 4982 2530 5028 verbum
2558 4990 2720 5029 autem
2751 4979 2953 5032 Domini
2978 4992 3141 5032 manet
3170 4983 3221 5032 in
3251 4991 3516 5033 tetanum.

2219 5044 2281 5093 Et
2312 5047 2509 5117 repulit,
2544 5048 2594 5099 id
2624 5058 2724 5109 est,
2752 5049 2990 5101 inimicos
3016 5050 3227 5117 quidem
3255 5064 3531 5117 percussit,
3561 5064 3613 5105 et
3637 5056 3694 5104 ad

2148 5113 2508 5185 liberationem
2542 5122 2713 5183 populi
2744 5122 2924 5185 repulit
2953 5113 3351 5183 tabernaculum,
3379 5123 3429 5173 id
3458 5113 3559 5185 est,
3603 5138 3699 5172 nou

2148 5183 2305 5249 elegit
2326 5185 2515 5257 irinum
2537 5189 2754 5257 lasepb,
2787 5183 2840 5239 et
2868 5204 2968 5239 non
3004 5190 3161 5257 elegit
3193 5191 3386 5241 tribum
3430 5183 3696 5255 prraittt,

2150 5264 2267 5328 qua:
2294 5253 2485 5320 aliquid
2516 5254 2824 5312 videbamur
2850 5270 2965 5311 ease
2992 5253 3281 5310 secundum
3316 5253 3601 5311 humanum
3621 5258 3700 5328 ja-

2148 5322 2362 5395 dtcium,
2410 5332 2463 5395 et
2510 5333 2723 5389 prepter
2764 5329 2969 5390 generis
3016 5328 3365 5388 nobilitatem,
3397 5338 3451 5379 et
3499 5322 3700 5395 propis:

2153 5392 2418 5465 nominum
2448 5394 2956 5465 interpreiationetn.
2990 5396 3183 5462 Josepb
3216 5397 3357 5447 enim
3402 5392 3699 5465 augmenta-

2152 5460 2221 5509 tiu
2249 5462 2645 5526 interpretatur;
2688 5463 2933 5525 Ephraim
2976 5480 3098 5516 vero
3120 5460 3499 5517 lructiticatio.‘
3530 5466 3699 5531 Quae.

2149 5542 2305 5600 quam
2353 5541 2524 5583 tamen
2570 5532 2622 5583 in
2665 5534 2698 5583 ii
2725 5532 2768 5584 is
2813 5549 2915 5585 non
2956 5545 3100 5585 esset
3128 5544 3474 5600 augmentum
3502 5550 3695 5598 veruta,

2150 5599 2230 5649 vel
2260 5595 2591 5653 fructiﬁcatio
2614 5613 2767 5670 vera;
2802 5606 2893 5654 sed
2927 5605 3097 5668 potius
3140 5595 3304 5670 elegit
3333 5607 3523 5658 tribum
3546 5595 3693 5667 Iuda,

2150 5682 2264 5737 qua:
2291 5677 2458 5722 tamen
2492 5671 2555 5721 ad
2585 5667 2695 5727 eius
2720 5667 2987 5737 aspectum
3032 5667 3556 5741 aliquid'videbatur,
3583 5682 3697 5746 quia
