3898 6226
582 428 683 494 9m

1030 440 1230 495 BEDzE
1277 442 1711 497 VENERABILIS
1749 444 1896 498 UPP.
1941 445 2117 499 PARS

2262 444 2450 501 secr.
2493 430 2653 500 tt.'.—
2691 447 2887 502 unum
2930 448 3013 518 er
3052 442 3314 502 suntin.

3692 450 3782 503 9l6

590 557 703 633 sub
728 557 865 633 nube
903 558 1075 610 carnis
1116 558 1630 633 latebas_,.intende_,
1670 557 1720 633 _id
1770 567 1891 621 est,
1948 558 2032 633 l'ae
2080 569 2129 613 te
2148 534 2202 617 Ἀ
2237 561 2733 633 carnisobtcxisti,
2780 562 2899 628 quia
2947 578 3048 615 non
3098 562 3365 618 videbaris
3391 565 3542 629 ipse,
3580 568 3786 633 Quando

586 626 735 679 nobis
762 627 1022 680 iutensum
1045 667 1057 687 ,
1080 629 1367 681 revelando
1395 630 1547 681 nobis
1577 629 1807 681 divinam
1839 631 2125 693 potentiam

588 710 765 754 tuam.
800 707 848 748 et
879 698 1053 749 lumen
1094 699 1279 759 gratim
1320 709 1440 751 tute.
1486 700 1560 750 'l‘u
1600 698 1753 761 dico,
1796 700 1883 765 qui
1924 699 2127 749 deducis

586 784 681 836 per
720 767 982 820 desertum
1026 767 1179 832 hujus
1211 770 1329 823 vita:
1366 768 1591 837 Ioseph,
1638 769 1684 820 id
1727 777 1834 830 est,
1880 771 2126 835 pepulttm

588 839 913 903 designatum
946 851 1037 902 per
1066 837 1257 903 Juseph
1284 878 1296 899 ,
1332 836 1593 905 pascendo
1624 854 1740 890 eum
1774 836 2130 900 Spiritnalibns

591 906 841 959 institutis
872 915 1028 972 atque
1059 910 1323 974 mySteriis
1350 920 1586 974 tanquam
1620 924 1749 967 oves.
1784 907 2017 959 intende.
2051 908 2129 959 ln-

590 986 806 1029 vocatur
838 983 891 1027 ιιι
919 978 1132 1040 veniat,
1164 989 1495 1040 CXSIICClaiUl‘
1524 986 1579 1029 ut
1610 979 1819 1039 veniat,
1852 977 2125 1031 desidera-

594 1060 677 1099 tur
707 1057 761 1099 ιιι
791 1048 1003 1111 veniat,
1041 1061 1165 1108 ergo
1194 1046 1478 1112 dirigentes
1517 1048 1765 1099 inveniat.
1802 1047 1916 1111 lpse
1947 1056 2126 1099 autem

588 1116 782 1181 Jnseplt
813 1125 894 1168 est
924 1132 1069 1169 oves.
1116 1116 1175 1168 Et
1216 1118 1448 1183 intelligc
1490 1133 1579 1182 ter
1608 1115 1798 1182 Joseph
1842 1115 2023 1169 lideles
2063 1117 2128 1170 de

592 1188 854 1255 gentibus,
880 1185 1024 1254 juxta
1054 1186 1280 1241 nominis
1308 1185 1788 1254 interpretationem
1813 1202 1825 1249 ;
1855 1200 1947 1252 per
1972 1186 2127 1239 lsrael

594 1254 719 1309 vero
751 1255 927 1309 ﬁdeles
956 1257 1021 1308 de
1049 1256 1243 1309 Judaeis
1264 1297 1277 1317 ,
1304 1258 1481 1309 audito
1505 1254 1695 1321 Joseph
1718 1298 1730 1317 ,
1762 1264 2005 1319 tanquam
2036 1271 2127 1307 no-

593 1327 746 1378 minis
796 1326 1156 1392 interpretatio
1202 1327 1419 1379 multum
1462 1328 1638 1394 jttvct,
1688 1324 1939 1392 signiﬁcat
1985 1330 2126 1377 enim

590 1406 927 1463 augmentum.
980 1395 1043 1447 Et
1093 1395 1217 1447 illud
1251 1396 1430 1463 utique
1460 1410 1675 1463 granum
1718 1394 1907 1446 cecidit
1937 1394 1986 1447 in
2018 1403 2126 1447 ter-

592 1482 701 1517 ram
753 1464 1142 1526 mortiliratum,
1174 1475 1229 1516 ut
1276 1473 1571 1531 resurgeret
1622 1464 2042 1531 multiplicatum,
2075 1463 2125 1515 id

592 1546 699 1596 est,
733 1544 786 1585 ut
816 1544 1092 1601 angeretur
1122 1534 1341 1600 p0pulus
1368 1533 1459 1587 Dei
1486 1552 1499 1594 ;
1534 1543 1705 1585 tamen
1752 1534 2125 1585 attendendum

596 1615 676 1657 est
706 1605 857 1655 nobis
886 1604 1023 1671 quod
1055 1603 1105 1655 in
1140 1605 1253 1670 ipso
1281 1603 1477 1669 Joseplt
1517 1604 1752 1668 contigit.
1792 1604 1843 1655 Α
1875 1601 2127 1656 fratribus

599 1674 789 1741 quippe
820 1684 901 1727 est
930 1674 1205 1736 venditus,
1235 1688 1261 1725 a
1292 1674 1399 1725 suis
1430 1674 1771 1725 inhonoratus
1792 1713 1805 1734 ,
1836 1673 1970 1737 apud
2001 1673 2127 1725 alie~

600 1744 814 1808 nigenas
861 1743 1157 1805 exaltatus;
1199 1753 1251 1797 et
1291 1742 1639 1809 intelligamus
1679 1744 1727 1794 itt
1771 1742 1917 1807 cujus
1969 1755 2127 1809 grege

594 1827 712 1865 esse
749 1811 1063 1875 debeamus,
1105 1828 1220 1865 cum
1260 1811 1343 1866 his
1380 1816 1465 1879 qui
1503 1812 1610 1881 jam
1652 1813 1879 1879 dirigunt
1930 1826 2020 1873 se,
2072 1822 2126 1863 ut

2233 631 2566 695 praecedebas
2616 633 2666 684 in
2710 646 2900 693 cruce,
2948 633 3089 700 quod
3132 636 3238 699 jam
3284 634 3484 687 factum
3518 631 3628 687 est.
3661 634 3783 699 Quia

2230 716 2334 752 non
2364 701 2611 768 cognovit
2641 702 2814 767 Asaph
2850 702 3128 756 Dominum
3165 704 3213 755 in
3247 713 3390 757 terra
3423 713 3781 770 praesentem.

2232 771 2482 841 miracula
2531 771 2847 841 iacientem,
2899 775 3210 825 morientem
3243 790 3269 841 ;_
3318 784 3609 841 postquam
3666 790 3781 827 vero

2230 840 2453 893 Surrexit
2483 856 2509 892 a
2541 841 2762 894 mortuis
2792 840 3044 894 Dominus
3064 883 3078 905 ,
3111 852 3161 895 et
3189 840 3425 896 ascendit
3451 840 3469 903 ,
3504 854 3636 897 tunc
3669 860 3780 899 curs

2228 911 2471 975 agitavit,
2505 920 2557 963 et
2586 921 2958 977 compunctum
2988 914 3147 965 corde
3178 912 3277 965 hoc
3321 914 3697 966 testimoaium
3728 916 3786 967 de

2228 993 2291 1028 eo
2319 980 2469 1031 dixit.
2504 979 2582 1033 llli
2616 995 2740 1033 vero
2766 981 2955 1047 quibus
2992 981 3101 1035 hoc
3147 981 3509 1035 testimonium
3545 984 3711 1048 dicit,
3742 988 3783 1037 id

2228 1058 2310 1119 est
2330 1089 2343 1111 ,
2376 1052 2610 1119 Assyrii,
2642 1052 2906 1116 quomodo
2929 1054 3250 1116 agnoscent?
3275 1052 3406 1117 Quia
3430 1054 3691 1106 ostendet
3718 1054 3781 1109 eit

2231 1116 2414 1189 lactem
2445 1116 2589 1189 suam
2612 1158 2627 1179 ,
2658 1132 2710 1173 et
2740 1120 2868 1173 salvi
2901 1130 3077 1174 erunt.
3112 1122 3176 1175 Et
3207 1116 3338 1187 εει(
3362 1124 3514 1189 quasi
3550 1123 3699 1175 dicat
3729 1126 3741 1185 )
3768 1139 3780 1176 :

2229 1187 2487 1261 Dbtexisti
2536 1188 2717 1241 faciem
2770 1201 2939 1261 tuam.
2985 1198 3040 1243 et
3094 1187 3511 1261 :egrotavinius:
3573 1196 3777 1245 ostende

2229 1256 2404 1323 [aciem
2436 1268 2573 1309 luam
2592 1300 2603 1320 ,
2634 1267 2681 1311 et
2710 1260 2835 1311 salvi
2862 1261 3065 1312 erimus.

2303 1327 2543 1390 Domine,
2594 1327 2730 1381 Deus
2775 1329 3041 1381 virtutum.
3086 1329 3353 1392 Ostende,
3400 1331 3625 1397 inquam
3652 1373 3667 1394 ,
3717 1337 3782 1383 la-

2227 1394 2361 1466 cicm
2413 1408 2570 1449 luant.
2608 1399 2734 1449 Nam
2770 1399 2972 1466 videris,
2994 1400 3140 1464 quasi
3176 1401 3374 1464 iratus,
3406 1394 3652 1466 quandiu
3693 1400 3782 1453 dif-

2230 1464 2335 1517 fers
2380 1466 2659 1519 03tendere
2685 1484 2699 1528 ;
2726 1467 2817 1519 sed
2840 1507 2855 1531 ,
2885 1480 2917 1519 ο
2948 1465 3161 1519 Domine
3194 1468 3358 1527 Deus,
3389 1464 3556 1521 etiam
3601 1485 3780 1532 super-

2228 1536 2517 1587 cmlestium
2549 1537 2787 1588 uirtutum
2814 1576 2827 1595 ,
2858 1551 3115 1603 quousque
3141 1538 3377 1589 irasceris
3417 1552 3577 1600 super
3606 1541 3782 1589 oratio-

2229 1620 2375 1667 nem,
2410 1604 2458 1657 id
2491 1613 2602 1665 est,
2643 1607 2874 1671 quandiu
2917 1605 3028 1657 haec
3064 1604 3136 1659 ira
3190 1616 3275 1659 tua
3325 1607 3429 1658 erit
3470 1621 3641 1671 super
3669 1623 3779 1659 ora-

2231 1677 2460 1734 tionem,
2513 1675 2632 1740 quia
2680 1674 2804 1727 facit
2853 1685 2908 1727 ιιι
2956 1673 3199 1730 eliectum
3234 1692 3338 1729 noti
3386 1676 3586 1728 habeat
3616 1680 3775 1730 oratio

2227 1744 2353 1795 servi
2383 1744 2455 1795 tui
2480 1744 2501 1795 ?
2531 1744 2686 1809 Quasi
2718 1744 2895 1798 dicet:
2930 1744 2985 1798 Si
3017 1745 3327 1798 irasceliaris
3378 1746 3644 1807 inimicis,
3690 1746 3780 1799 ira-

2226 1814 2391 1865 sceris
2421 1814 2589 1895 adhuc
2618 1814 2785 1893 servis
2817 1813 3302 1895 tui.s.n(3‘onvertisti
3336 1829 3453 1892 nos,
3488 1826 3543 1867 et
3575 1820 3778 1895 agnovi:

600 1883 729 1951 lapis
756 1882 1201 1958 ali-adiﬁcantibus
1226 1880 1539 1958 reprobatus,
1570 1884 1656 1958 ﬁat
1684 1884 1732 1933 in
1763 1890 1908 1958 caput
1935 1883 2124 1958 anguli,
2162 1894 2203 1952 Β
2236 1896 2377 1942 mus,
2412 1892 2464 1934 et
2490 1881 2660 1958 adhuc
2687 1882 2970 1958 irasceris?
3000 1880 3160 1958 Plane
3188 1885 3366 1958 utique
3392 1880 3665 1944 irasceris,
3694 1885 3776 1936 sed

602 1962 784 2005 tenens
812 1954 941 2004 duos
974 1958 1199 2017 parietes
1228 1970 1257 2005 e
1287 1954 1496 2005 diverso
1530 1954 1828 2009 venientes.
1862 1952 1910 2003 in
1940 1952 2129 2016 angulo

595 2032 772 2074 tamen
803 2023 1194 2075 convenientes.
1226 2023 1471 2089 Sequitur
1498 2040 1508 2072 :

671 2093 770 2156 Qui
794 2092 932 2144 sedes
959 2108 1106 2159 super
1131 2092 1388 2145 cherubin.
1410 2090 1670 2145 Cherubin
1698 2090 1955 2157 plenitudo
1978 2090 2135 2143 scien—

600 2162 684 2212 tim
722 2163 1115 2228 interpretatur.
1158 2161 1325 2215 liabet
1363 2170 1535 2214 autem
1577 2161 1663 2212 ille
1695 2162 1927 2213 scientia:
1958 2161 2135 2225 pleni-

600 2230 833 2282 tudinem
856 2271 870 2293 ,
905 2232 990 2297 qui
1024 2232 1181 2291 habet
1207 2232 1511 2294 charitatem
1535 2272 1549 2293 ,
1580 2232 1697 2297 quia
1728 2230 1983 2288 plenitudo
2014 2231 2136 2295 legis

601 2310 673 2352 est
703 2301 943 2353 charitas.
978 2298 1051 2353 Νε
1078 2315 1203 2367 ergo
1232 2316 1325 2368 per
1352 2301 1512 2353 multa
1544 2300 1916 2361 distrahantur,
1952 2313 2016 2350 ne
2048 2314 2139 2363 per

606 2372 765 2421 multa
813 2385 1097 2438 vagemttr,
1147 2370 1189 2421 si
1240 2370 1479 2425 volumus
1526 2369 1718 2422 habere
1756 2368 1991 2438 scientjaz
2031 2370 2135 2434 ple-
2175 2396 2180 2400 τ

604 2437 927 2507 ttitudittem,
977 2439 1259 2494 habeamus
1302 2441 1630 2493 charitatem.
1685 2438 1816 2503 Quid
1858 2437 1992 2489 enim
2038 2453 2132 2489 lle-‘-

607 2519 706 2562 scit
745 2511 829 2577 qui
871 2509 1177 2563 charitateni
1218 2511 1361 2563 scit?
1401 2510 1592 2574 Utique
1630 2511 1803 2559 omnia
1843 2517 1977 2568 scit,
2018 2508 2137 2572 quia

606 2576 769 2631 licunt
814 2582 931 2632 scit.
966 2578 1221 2643 Scriptum
1268 2589 1347 2632 est
1390 2580 1529 2632 enim
1577 2578 1694 2645 quia
1743 2576 1876 2629 Deus
1919 2578 2139 2627 charitas

600 2656 692 2698 est.
738 2649 798 2701 Et
838 2660 915 2701 est
951 2648 1166 2701 dicere:
1208 2649 1282 2700 Tu
1320 2650 1405 2717 qui
1443 2651 1580 2700 sedes
1619 2662 1767 2717 super
1792 2646 2053 2706 cherubin,
2088 2645 2137 2697 id

602 2726 718 2782 est,
750 2718 835 2785 qui
875 2719 1027 2771 sedes
1056 2717 1105 2768 iit
1136 2717 1235 2771 illis
1265 2716 1348 2785 qui
1391 2729 1511 2771 sunt
1548 2716 1797 2771 cherubin
1821 2757 1833 2780 ,
1876 2725 1933 2767 ut
1975 2728 2138 2785 supe—

610 2783 950 2849 rius-{anima
984 2790 1125 2841 enim
1152 2783 1291 2856 justi
1320 2790 1469 2842 sedes
1509 2799 1589 2842 est
1630 2786 1919 2852 sapientiae.
1964 2783 2135 2836 Muni-

600 2856 808 2922 {estare.
841 2860 996 2923 Quasi
1036 2858 1215 2910 dicat:
1264 2859 1592 2919 Erravimus,
1627 2858 1745 2923 quia
1788 2864 1837 2907 te
1877 2863 2137 2921 pastorem

605 2943 704 2977 non
737 2929 1043 2994 agnovimus
1072 2944 1083 2988 ;
1114 2936 1166 2980 et
1196 2927 1310 2981 ideo
1342 2926 1615 2980 manifesta
1650 2940 1697 2977 te
1728 2924 1881 2976 nobis
1902 2964 1915 2984 ,
1947 2933 2001 2975 ut
2030 2938 2139 2975 am-

600 2997 733 3059 plius
766 3013 867 3049 non
901 3011 1155 3050 erremus.
1190 2996 1549 3063 Manifestum,
1581 2997 1721 3058 dico,
1754 3002 1809 3047 ut
1835 2994 2099 3063 sisicorant
2122 3035 2134 3058 ,

600 3066 648 3135 id
681 3074 795 3130 est,
820 3076 874 3119 ut
896 3081 1148 3135 appareas
1175 3062 1412 3134 Ephraim
1432 3105 1447 3129 ,
1478 3065 1744 3135 Beujamin
1766 3106 1780 3127 ,
1810 3072 1855 3115 et
1883 3062 2135 3116 Hammo.

602 3134 853 3189 Videntur
882 3134 1047 3205 majus
1079 3136 1322 3201 quiddam
1354 3138 1464 3189 haec
1492 3134 1700 3187 nomina
1728 3134 1945 3186 alterm"
1974 3137 2140 3205 altero

606 3216 807 3269 nutare,
840 3210 930 3261 sed
964 3203 1134 3259 tamen
1182 3207 1395 3260 eosdem
1438 3206 1762 3274 signiﬁcant,
1804 3204 1884 3255 vel
1937 3203 2140 3274 scilicet

605 3274 921 3328 illuminatos
962 3287 1013 3328 et
1044 3284 1331 3329 correctus.
1374 3272 1789 3341 Interpretatttur
1816 3281 1995 3324 autem
2028 3272 2139 3324 sic:

611 3344 859 3409 Epitratm
902 3345 1252 3411 fructiﬁcatio,
1292 3345 1561 3411 Benjamin
1601 3344 1736 3409 ﬁlius
1776 3342 2001 3405 dextras,
2041 3342 2147 3393 Ma-

610 3428 792 3467 nasses
817 3416 1014 3469 oblivio.
1059 3415 1123 3466 Et
1155 3429 1333 3467 revera
1385 3415 1463 3467 his
1511 3413 1595 3480 qui
1626 3413 1998 3465 lrttctilirautes
2024 3423 2149 3465 sunt

608 3483 657 3534 in
691 3484 840 3538 bonis
870 3484 1119 3553 operibus
1140 3524 1153 3545 ,
1185 3492 1239 3537 et
1269 3485 1355 3552 qui
1387 3484 1475 3537 ﬁlii
1506 3484 1704 3537 dextras
1736 3489 1888 3543 sunt,
1936 3482 1983 3533 id
2031 3489 2143 3543 est,

606 3554 691 3619 qtti
726 3555 921 3619 potiora
952 3555 1230 3615 insistunt,
1261 3565 1312 3608 et
1341 3556 1425 3623 qui
1456 3568 1638 3607 eorum
1690 3567 1806 3620 quae
1854 3562 1993 3623 retro
2028 3560 2149 3601 sunt

606 3623 1035 3688 obliviscuntur;
1083 3624 1133 3677 in
1180 3640 1239 3677 ea
1286 3619 1410 3679 veio
1453 3640 1567 3691 quae
1606 3619 1728 3676 anie
1771 3619 2146 3691 extenduntur,

609 3694 977 3747 manil'eSIatur
1007 3695 1291 3759 Dominus,
1320 3694 1438 3763 quia
1472 3689 1635 3762 inagis
1665 3704 1717 3746 et
1759 3692 1925 3757 magis
1965 3690 2029 3741 ab
2071 3689 2149 3742 eis

604 3774 955 3827 cognoscuttr.

680 3831 892 3895 Eccita,
927 3833 1171 3895 Domine,
1203 3834 1473 3902 potentiam
1510 3842 1676 3893 tuam,
1721 3842 1766 3884 et
1815 3829 1942 3881 veni.
1972 3829 2148 3902 Quasi

610 3900 750 3954 dicat
776 3917 789 3953 :
825 3902 888 3955 Et
918 3914 973 3957 ut
1000 3900 1351 3958 manifeSteris
1371 3943 1386 3969 ,
1418 3906 1537 3958 ideo
1557 3941 1572 3967 ,
1606 3902 1845 3961 Domine,
1875 3900 2035 3950 exrita
2064 3916 2149 3967 po-

606 3974 813 4042 tentiam
846 3983 983 4025 tuam
1004 4015 1017 4037 ,
1046 3990 1161 4040 qua:
1189 3976 1333 4041 prius
1358 3977 1527 4042 sopita
1556 3982 1669 4025 erat
1696 3988 1813 4023 cuni
1841 3986 1868 4042 a
1896 3970 2152 4033 discipulo

611 4040 890 4111 ίτθδβνετίδ
912 4084 925 4107 ι
958 4039 1074 4095 εὶυηῖ
1111 4039 1470 4111 ﬂagellareris,
1502 4039 1906 4111 cruciligereris,
1935 4048 1988 4111 _et
2021 4053 2149 4111 pen-

608 4109 752 4165 denti
787 4111 835 4163 in
867 4126 1023 4165 cruce
1052 4108 1317 4165 diceretur
1344 4129 1355 4162 :
1391 4108 1463 4165 Si
1494 4112 1630 4178 ﬁlius
1661 4110 1754 4162 Dei
1786 4126 1864 4170 es,
1911 4108 2153 4178 descende

612 4182 674 4233 de
720 4196 883 4234 cruce.
930 4182 1079 4234 Tunc
1124 4180 1263 4236 enim
1309 4181 1439 4235 nihil
1482 4177 1654 4235 valere
1696 4178 1984 4241 videbaris,
2033 4177 2153 4243 quia

618 4252 888 4316 praevaluit
934 4253 1025 4304 tibi
1074 4262 1403 4317 persecutor,
1450 4251 1587 4317 quod
1630 4250 2057 4318 prmliguraveras
2101 4246 2152 4318 in

618 4315 850 4373 luctante
877 4320 1040 4375 Iacob
1070 4315 1120 4371 et
1150 4323 1358 4388 angelo.
1391 4315 1798 4386 Angelus-enini
1819 4334 1851 4388 _a
1883 4317 2043 4369 Jacub
2077 4315 2153 4366 vi-

617 4401 732 4441 ctus
760 4399 877 4452 est,
906 4390 1000 4443 sed
1031 4388 1152 4455 quia
1184 4385 1387 4453 voluit;
1420 4385 1495 4442 sic
1541 4402 1593 4444 et
1640 4399 1695 4442 tn
1739 4401 1767 4439 a
1805 4385 2023 4440 Judaico
2064 4401 2155 4452 po-

620 4460 743 4522 pulo
775 4459 941 4512 victus
970 4473 1028 4513 es
1048 4498 1065 4525 ,
1095 4460 1215 4525 quia
1262 4458 1599 4523 interiectus,
1630 4458 1722 4512 sed
1763 4457 1880 4524 quia
1925 4455 2153 4525 voluisti.

616 4528 763 4583 Unde
794 4539 847 4581 et
872 4524 1055 4581 dixisti
1081 4524 1247 4580 {Non
1278 4528 1483 4581 haberes
1512 4530 1563 4580 in
1591 4544 1669 4580 me
1698 4533 2031 4594 potestatem,
2060 4524 2156 4575 nisi

2237 1967 2338 2003 non
2388 1963 2442 2004 ut
2483 1952 2641 2019 judex
2685 1952 3036 2017 dominando,
3069 1953 3159 2004 sed
3195 1954 3369 2017 potius
3403 1963 3458 2004 ut
3492 1964 3645 2017 pater
3671 1958 3776 2006 coro

2235 2022 2474 2089 rigendo.
2524 2020 2685 2075 Plane
2729 2022 3003 2086 irasceris,
3034 2024 3155 2088 quia
3196 2023 3454 2088 scriptum
3486 2033 3607 2075 est:
3645 2020 3774 2083 Fati,

2234 2092 2471 2143 accedens
2515 2091 2582 2141 ad
2625 2093 2906 2143 servitutem
2951 2094 3106 2158 patris
3154 2092 3226 2141 tui
3250 2132 3263 2153 ,
3307 2102 3384 2143 sta
3432 2090 3482 2143 in
3529 2092 3704 2143 timore
3739 2104 3778 2143 et

2236 2170 2469 2224 tremore,
2499 2170 2547 2213 et
2574 2176 2804 2229 praepara
2832 2161 3051 2211 animum
3082 2169 3221 2211 tuum
3250 2162 3316 2213 ad
3344 2162 3689 2214 tentatiossem.
3718 2161 3780 2214 .Ve

2236 2244 2485 2296 putemus.
2529 2230 2655 2281 iram
2701 2229 2791 2281 Dei
2835 2228 3119 2291 transisse,
3154 2232 3275 2295 quia
3322 2244 3623 2283 conversus
3668 2241 3776 2291 est;

2238 2299 2469 2371 ιιιιιδὶιι,
2498 2298 2591 2371 sed
2618 2313 2683 2352 ne
2713 2301 2769 2371 in
2789 2309 3043 2371 internum
3071 2300 3271 2365 puniat.
3307 2298 3565 2371 _Flagellat
3591 2311 3770 2363 autem,

2235 2380 2286 2421 et
2319 2368 2434 2421 non
2458 2369 2652 2432 parcit,
2686 2368 2802 2436 quia
2833 2368 3036 2435 corrigit
3066 2384 3261 2421 omnem
3287 2368 3457 2435 ﬁlium
3485 2384 3635 2433 quem
3664 2374 3770 2421 reci-

2238 2440 2330 2502 pit.
2363 2439 2416 2492 Si
2444 2452 2572 2503 ergo
2602 2436 2802 2506 ﬂagella
2834 2436 3124 2498 detrectas,
3162 2437 3433 2506 quomodo
3477 2440 3641 2502 recipi
3685 2442 3766 2490 des

2236 2509 2478 2561 sideias?
2516 2508 2741 2575 llagellat
2783 2511 2921 2561 enim
2965 2522 3177 2560 omnem
3221 2523 3379 2575 quem
3428 2509 3651 2573 recipit,
3696 2507 3771 2573 qui

2240 2594 2335 2631 nec
2375 2579 2584 2644 preprio
2625 2576 2755 2630 Filio
2795 2591 2894 2629 suo
2940 2580 3207 2644 pepercit,
3254 2586 3307 2629 et
3356 2578 3409 2629 in
3457 2575 3556 2628 hoc
3596 2585 3673 2629 est
3710 2578 3772 2628 ira

2237 2648 2370 2714 ejus.
2418 2647 2717 2699 Orationem
2761 2656 2934 2699 autem
2982 2647 3047 2701 de
3092 2660 3192 2713 qua
3236 2645 3385 2708 dicit,
3420 2646 3603 2711 accipe
3650 2646 3772 2697 illam

2238 2733 2353 2785 quin
2413 2717 2649 2783 proxime
2703 2716 2985 2783 praecedit,
3044 2715 3290 2779 scilicet,
3348 2717 3558 2767 ostende
3613 2715 3773 2781 fama

2241 2784 2405 2843 tuam.
2451 2798 2503 2837 et
2543 2784 2739 2838 similes
2786 2786 2837 2838 in
2887 2785 3112 2850 psalmo.
3159 2785 3253 2837 Cui
3304 2786 3532 2837 oratioiti
3584 2788 3771 2837 Videtur

2241 2855 2527 2923 pnevalere
2557 2855 2666 2918 ira,
2712 2854 2941 2921 quandiu
2984 2857 3049 2905 ab
3080 2855 3307 2906 inimicis
3355 2854 3688 2919 ﬁageliamur
3728 2864 3771 2904 et

2238 2925 2539 2992 allligimur.
2591 2924 2651 2976 Et
2694 2937 2811 2977 cum
2857 2923 3026 2976 dicit:
3062 2923 3333 2993 Quousque
3378 2925 3614 2975 irasceris
3636 2940 3771 2993 super

2240 2998 2522 3049 orationem
2552 2993 2679 3046 servi
2716 2994 2819 3055 tui,
2852 2994 2920 3046 ita
2950 2994 3149 3059 accipe,
3198 2991 3350 3061 quasi
3396 2993 3536 3046 dicat
3564 3011 3578 3043 :
3621 2991 3774 3056 Quan-

2240 3068 2328 3119 diu
2359 3077 2505 3119 certe
2535 3063 2887 3116 necessarium
2917 3062 3019 3115 erit
3050 3064 3226 3116 nobis.

2313 3135 2512 3189 Cibabis
2552 3150 2641 3185 nos
2675 3149 2801 3199 pane
2840 3135 3199 3199 lacrymarunt.
3240 3131 3404 3196 Quasi
3450 3133 3625 3185 dicat:
3660 3130 3775 3182 Vere

2244 3205 2485 3259 irasceris
2527 3202 2699 3254 nobis.
2745 3200 2871 3253 Nam
2916 3202 3101 3254 cibabis
3132 3218 3221 3254 nos
3249 3216 3380 3267 pane
3426 3202 3771 3268 lacryntorsm,

2249 3276 2296 3328 id
2330 3283 2409 3328 est
2431 3312 2445 3336 ,
2478 3270 2833 3325 reﬁcientibus
2864 3271 3131 3339 lacrymis.
3165 3271 3319 3322 Ponit
3344 3267 3487 3322 idem
3520 3267 3611 3335 per
3638 3270 3769 3321 aliis;

2246 3343 2659 3397 similitudinem.
2715 3340 2777 3393 Et
2824 3342 2965 3393 dabis
3015 3340 3157 3392 nobis
3185 3348 3381 3407 potum
3436 3340 3489 3389 in
3537 3341 3771 3407 tacturus.

2248 3416 2441 3468 Panem
2492 3415 2877 3478 lacryiuarum,
2926 3420 2977 3463 et
3019 3420 3195 3473 potum
3242 3410 3597 3477 lacrymosunt
3642 3418 3773 3460 vocat

2249 3483 2611 3537 tribulationes
2642 3491 2695 3533 et
2726 3480 2923 3548 llugella
2950 3520 2963 3541 ,
2995 3494 3111 3546 quae
3138 3480 3305 3532 sancti
3335 3481 3387 3529 in
3423 3480 3521 3532 hac
3550 3478 3653 3548 vita
3679 3479 3775 3548 _do-

2249 3554 2446 3605 luribus
2478 3551 2627 3617 plena
2660 3546 2944 3615 patiuntur.
2979 3548 3031 3601 ltt
3061 3550 3250 3617 quibus
3278 3549 3371 3599 dat
3415 3548 3499 3617 eis
3544 3546 3773 3600 Dominus

2250 3635 2436 3687 panem
2481 3615 2536 3673 et
2578 3629 2790 3686 potum,
2835 3619 2885 3671 id
2937 3628 3049 3681 est,
3082 3615 3362 3685 integram
3408 3615 3768 3671 refectionem.

2248 3694 2491 3751 srilteet,
2523 3700 2576 3743 ut
2606 3704 2707 3743 noti
2752 3689 2920 3741 Solum
2967 3688 3306 3749 tribuleutur,
3352 3688 3445 3739 sed
3493 3697 3648 3741 etiam
3687 3689 3775 3754 gie-

2252 3762 2452 3815 rientur
2497 3759 2547 3812 in
2597 3758 3049 3819 tribulationibus,
3102 3760 3333 3811 scientes
3379 3770 3501 3823 quia
3547 3757 3774 3808 mutatio

2252 3831 2542 3899 patientiam
2570 3839 2824 3898 aperatur,
2852 3828 3090 3899 patientia
3116 3827 3495 3899 probationem,
3518 3836 3569 3878 et
3589 3836 3773 3878 caetera.

2254 3896 2315 3954 Et
2338 3902 2422 3951 dat
2443 3900 2512 3951 eis
2533 3900 2584 3953 in
2602 3896 2856 3958 mensura,
2884 3898 2928 3950 id
2955 3905 3055 3960 est,
3085 3906 3239 3963 prout
3261 3896 3401 3949 ferre
3426 3905 3774 3958 potesteorum

2252 3970 2540 4037 fragilitas,
2581 3968 2786 4037 scilicet
2816 3977 2871 4031 ιιι
2900 3965 3225 4037 erudiuntur,
3273 3980 3378 4017 non
3419 3964 3775 4037 opprimantur.

2254 4039 2318 4092 Et
2342 4035 2401 4091 ἶιι
2430 4052 2533 4090 ιιοιι
2561 4036 2805 4090 deﬁciant
2830 4035 2919 4089 sed
2950 4037 3220 4101 proiiciant
3239 4074 3253 4099 ,
3278 4048 3435 4101 quia,
3468 4046 3525 4084 ut
3554 4035 3624 4087 ait
3653 4038 3773 4095 Apo-

2254 4110 2456 4161 stolus:
2511 4104 2705 4159 Fidelis
2754 4104 2921 4169 Deus,
2962 4106 3048 4173 qui
3088 4121 3185 4157 non
3226 4105 3447 4171 patietur
3489 4118 3574 4156 ros
3624 4112 3777 4154 talari

2252 4194 2407 4247 supra
2433 4178 2485 4228 id
2508 4177 2639 4245 quod
2668 4178 2890 4241 potestis,
2920 4175 3005 4227 sed
3032 4174 3183 4240 faciet
3212 4190 3326 4226 cum
3354 4174 3629 4226 luctatione
3654 4174 3777 4223 etiam

2254 4256 2566 4315 proventum,
2596 4256 2648 4296 ut
2678 4247 2879 4315 possitis
2909 4250 3171 4315 sustinere.

2326 4314 2549 4367 Posuisti
2595 4312 2687 4365 nos
2732 4316 2785 4365 in
2825 4313 3287 4365 contradictionem.
3340 4312 3452 4367 Hoc
3480 4354 3493 4376 ,
3547 4314 3775 4377 inquam.

2256 4388 2413 4440 modo
2441 4382 2637 4437 cihabis
2666 4392 2719 4436 et
2748 4383 2953 4449 potabis
2978 4397 3071 4435 nos
3100 4383 3152 4435 itt
3184 4382 3451 4451 lacrymis,
3481 4382 3603 4450 quia
3634 4397 3777 4444 pes-i-

2256 4456 2319 4507 sti
2348 4469 2437 4507 nos
2470 4454 2520 4506 in
2548 4452 2987 4505 contradictionem
3021 4452 3195 4523 uicinis
3228 4452 3435 4511 nostris.
3466 4452 3517 4523 id
3536 4460 3645 4523 με.
3674 4454 3779 4523 tales

2260 4540 2354 4577 nos
2384 4523 2575 4588 iecisti,
2602 4524 2790 4589 quibus
2824 4522 3281 4589 ,contradiceretur
3323 4536 3353 4573 a
3388 4521 3578 4573 vicinis
3613 4521 3780 4570 nostris

614 4581 702 4650 tibi
730 4598 903 4649 datum
932 4608 1056 4651 esset
1088 4600 1320 4665 desuper.
1369 4598 1435 4651 Et
1481 4600 1558 4652 sic
1602 4581 1765 4652 Jacob
1810 4581 2049 4663 angelum
2081 4594 2157 4645 vi-
2186 4581 2233 4641 Ι)
2259 4594 2327 4649 de
2354 4596 2537 4647 eodem
2562 4581 2779 4665 populo.
2814 4588 2879 4665 Et
2918 4590 3105 4642 inimici
3133 4591 3314 4653 nip.tri,
3347 4591 3534 4665 ide-1,
3568 4602 3779 4665 ραδεςυς

620 4679 759 4721 ctum
788 4666 981 4729 tenuit,
1010 4676 1062 4721 et
1080 4668 1152 4737 _ab
1182 4682 1245 4721 eo
1274 4669 1509 4723 benedici
1538 4668 1770 4737 rogavit,
1800 4669 1895 4737 qui
1917 4664 2156 4737 uilicite-

618 4739 751 4790 dixit
779 4738 824 4789 ei
854 4753 867 4801 ;
899 4746 946 4788 et
982 4734 1205 4804 quodam
1253 4738 1411 4790 modo
1458 4734 1765 4802 maledixit,
1812 4736 1933 4801 quia
1983 4734 2159 4786 latitu-

620 4808 794 4860 dinem
826 4810 1041 4859 lemoris
1068 4806 1184 4875 ejus
1214 4808 1415 4875 tetigit,
1445 4819 1497 4861 et
1527 4810 1825 4862 claudicare
1848 4820 1967 4857 eum
1999 4804 2121 4856 fecit
2141 4807 2169 4866 ;⁴

620 4880 699 4928 sic
724 4886 777 4929 et
808 4879 1031 4943 populus
1056 4874 1301 4931 Judaicus
1329 4888 1379 4929 te
1410 4877 1600 4931 victum
1631 4879 1681 4931 in
1711 4886 1855 4945 parte
1886 4875 2075 4945 tenuit,
2109 4882 2162 4923 et

618 4945 1037 4999 benedictionem
1067 4945 1117 4998 in
1148 4961 1341 5013 genere
1372 4946 1602 5000 lidelium
1632 4946 1829 5012 accepit
1854 4982 1866 5006 ,
1892 4944 2160 5013 claudica-

620 5018 815 5071 tionem
858 5031 986 5069 vero
1014 5018 1065 5070 in
1094 5012 1287 5084 genere
1320 5016 1629 5071 inﬁdelium.
1665 5015 1809 5068 Nune
1838 5012 1901 5063 ad
1932 5012 2159 5063 litteram

611 5088 908 5143 redeamus.
1276 5136 1279 5139 _

697 5158 876 5209 Excitu
922 5161 1190 5226 potentiam
1233 5170 1392 5212 tuam.
1438 5158 1595 5223 Quasi
1625 5156 1765 5209 dicat
1796 5172 1807 5205 :
1845 5152 2077 5226 Mortuus
2107 5162 2163 5201 es

624 5244 685 5281 ex
719 5222 1055 5283 inﬁrmitate.
1090 5246 1300 5295 resurge
1350 5232 1399 5283 in
1449 5222 1662 5282 virtute.
1711 5222 1859 5290 Quod
1909 5231 2160 5298 quantum

622 5298 685 5349 ad
717 5298 1061 5364 cegnitionetn
1097 5292 1421 5351 referendum
1470 5308 1581 5362 est,
1630 5307 1675 5349 et
1722 5298 1820 5347 hoc
1863 5292 2017 5364 tttodo
2052 5292 2158 5341 teni

623 5371 674 5419 in
706 5360 941 5419 nottiam
980 5377 1207 5419 nostrain
1229 5404 1243 5427 ,
1274 5372 1333 5417 ad
1364 5368 1480 5431 hoc,
1506 5360 1743 5435 ut'facias
1772 5377 1862 5415 nos
1888 5360 2165 5413 credentes

626 5439 675 5487 in
710 5448 759 5487 te
786 5438 967 5488 salvos.
1014 5437 1197 5487 Omnis
1240 5436 1377 5488 enim
1408 5442 1491 5503 qui
1521 5438 1687 5491 credit
1717 5439 1768 5489 ιιι
1815 5436 2018 5501 ipsum,
2056 5444 2160 5481 non

624 5507 987 5558 cuntundetur.

696 5572 836 5628 Deus
856 5616 869 5637 ,
900 5584 1123 5629 conuerte
1152 5592 1261 5629 nos.
1294 5578 1451 5645 Quasi
1482 5576 1654 5628 dicat;
1691 5575 1753 5645 Et
1781 5582 1957 5645 utinos
1987 5572 2163 5645 saltos

636 5644 829 5707 iacias,
862 5646 978 5699 ideo
1000 5687 1013 5709 ,
1048 5662 1082 5701 ο
1130 5644 1263 5699 Deus
1285 5638 1451 5713 ,wnnn
1502 5646 1667 5695 solum
1718 5642 1984 5693 hominum
2008 5680 2022 5702 ,
2071 5638 2162 5713 sed

631 5716 784 5765 etiam
833 5716 1079 5770 virtutum
1128 5711 1613 5784 super‘cmlestintn,
1670 5722 1721 5763 tu
1766 5722 2049 5784 comet-sus
2096 5711 2161 5784 ad

625 5798 736 5843 ltus,
772 5790 858 5849 qui
892 5786 1038 5852 prius
1064 5778 1229 5840 aversi
1260 5799 1490 5847 eramus,
1524 5792 1743 5834 converte
1774 5796 1863 5831 nos
1892 5779 1956 5829 ad
1991 5786 2060 5829 te.
2095 5778 2161 5831 Et

619 5865 668 5903 ut
704 5868 996 5922 convertas,
1027 5858 1226 5909 ostende
1251 5857 1398 5912 nobis
1422 5856 1604 5923 faciem
1637 5864 1768 5906 tuam
1790 5889 1817 5915 ,.
1837 5862 1991 5917 quam
2025 5852 2160 5903 nube

2262 4676 2403 4719 tores
2430 4665 2494 4716 de
2521 4661 2760 4729 gentibus
2796 4659 3224 4714 subsauneserunt
3252 4675 3363 4725 uos,
3391 4660 3673 4729 dicentes:
3704 4659 3781 4729 Qui

2262 4743 2381 4788 sunt
2404 4733 2486 4786 isti
2514 4726 2745 4785 colentes
2768 4739 3049 4793 mortuum,
3072 4731 3355 4783 credentes
3385 4730 3435 4781 in
3463 4726 3781 4782 cruciﬁxum?

2258 4804 2372 4857 lloc
2400 4814 2521 4856 vere
2568 4800 2759 4854 factum
2804 4808 2906 4854 est.
2958 4798 3240 4866 Postquam
3282 4800 3431 4853 enim
3483 4800 3705 4855 surrexit
3742 4806 3784 4850 et

2263 4872 2498 4933 ascendit
2526 4871 2800 4933 Dominus,
2828 4869 3213 4937 praedicabatur
3244 4868 3546 4929 novaviu.
3575 4882 3783 4921 rm

2262 4948 2365 4995 ctio
2408 4955 2553 5004 vera,
2600 4954 2683 4992 res
2721 4943 2933 5004 quidem
2972 4938 3263 5000 credibilis,-
3310 4940 3355 4993 si
3403 4939 3481 4989 rei
3520 4940 3767 4991 unum

2264 5009 2511 5063 miracula
2544 5008 2699 5061 ﬁdem
2732 5006 3011 5062 faciebant.
3046 5007 3583 5074 Qontndicebatura
3607 5006 3765 5058 multis

2261 5082 2353 5133 sed
2404 5077 2758 5131 contradictor
2805 5078 3147 5140 vincebatur,
3199 5088 3255 5130 et
3302 5090 3369 5129 ex
3416 5075 3783 5128 instudiosus

2267 5150 2433 5202 ﬁdelis
2469 5148 2811 5201 eliiciebatur.
2861 5147 3058 5201 Tamen
3100 5146 3312 5199 ﬂamma
3353 5155 3478 5198 erat
3518 5148 3698 5203 luta.
3741 5148 3780 5194 ut

2264 5228 2365 5290 est,
2401 5218 2810 5290 tribulatioerat
2852 5219 3036 5290 multa.
3086 5216 3149 5290 Et
3176 5215 3345 5267 sancti
3361 5221 3641 5290 μυκτῆρες
3670 5226 3779 5280 psus

2266 5289 2613 5357 lacrymarum
2640 5288 2822 5351 cibati,
2855 5284 2915 5341 εί
2940 5286 3180 5356 laeryntis
3214 5284 3416 5357 putati;
3452 5287 3549 5337 sed
3580 5288 3633 5336 in
3654 5298 3780 5357 meg-

2263 5349 2404 5422 Sura',
2439 5360 2537 5411 hoc
2567 5367 2670 5422 est,
2711 5349 2967 5425 quantum
3010 5349 3234 5423 quisque
3265 5355 3407 5408 terre
3438 5361 3635 5420 passu.
3665 5349 3787 5406 scii-

2263 5439 2366 5491 ret,
2398 5435 2453 5481 ut
2484 5442 2574 5492 per
2614 5440 2915 5491 titensuram
2958 5425 3356 5479 tribulationum
3382 5434 3692 5493 aequm
3712 5433 3785 5473 co-

2266 5513 2391 5551 rona
2417 5496 2765 5568 gaudiorum.
3167 5564 3193 5568 _g
3307 5561 3323 5568 Δ
3381 5562 3394 5568 Α

2337 5555 2467 5623 Deus
2488 5556 2998 5630 υἱτίἆᾘιυιίτοηοετιε
3024 5578 3138 5619 nos.
3166 5561 3397 5618 Posuisti
3427 5572 3551 5623 oss,
3578 5555 3783 5624 ψ.

2264 5636 2734 5691 contradictionem
2772 5642 2825 5690 et
2863 5636 3365 5698 subsannationem;
3409 5638 3783 5695 unum

2266 5710 2363 5761 hoc
2404 5718 2702 5772 avertamur
2741 5722 2770 5760 a
2800 5715 2869 5767 te,
2900 5710 2935 5773 ο
2958 5704 3096 5776 Deus
3125 5705 3403 5776 rvis-tum,
3429 5710 3709 5776 eum

2266 5793 2383 5841 nos,
2412 5786 2639 5845 conuerte
2664 5792 2777 5839 nos,
2809 5786 2911 5831 etc.
2956 5774 3235 5845 Repetitio,
3266 5784 3373 5826 non
3401 5783 3469 5823 cl
3499 5774 3783 5825 me

2267 5850 2545 5913 narrantis,
2577 5841 2666 5902 sed
2696 5846 2969 5902 atiectioue
2995 5841 3214 5898 orantis.
