3898 6226
226 445 339 498 917

907 440 977 494 1N
1018 442 1423 496 PSALMORUM
1468 440 1718 494 LIBRUM
1760 436 2101 491 EXEGESIS.
2137 465 2196 476 -ο-
2245 434 2479 489 l'SAL“.
2522 433 2748 487 LXXIX.
2806 464 2817 476 ο

3290 429 3410 482 illis

315 551 522 604 Vineam
549 550 609 602 de
631 548 853 619 rEgyplo
895 553 1211 604 transtulisti.
1263 552 1520 604 Hactenus
1559 552 1626 605 de
1667 554 1760 605 ad-
1792 549 1840 604 Α
1867 544 1998 596 hanc
2028 554 2080 597 et
2108 524 2313 597 causam
2343 544 2608 619 agendam
2643 553 2740 619 {et
2770 543 2844 619 sic
2873 555 2937 594 ne
2966 541 3098 619 «quid,
3125 540 3290 619 sintne
3330 541 3403 591 in-

222 617 400 675 v'eatu
429 620 710 674 Salvatoris
737 617 864 688 egit,
894 621 1110 681 scilicet,
1141 634 1244 688 quo
1272 621 1501 687 quotidic
1529 624 1671 674 venit
1709 623 1758 674 in

228 691 511 750 notitiam;
552 702 688 740 nunc
717 701 890 741 autem
922 688 1026 754 agit
1052 689 1118 742 de
1146 691 1294 741 vinea
1324 690 1458 750 ejus.
1494 690 1554 740 Et
1584 690 1762 754 incipit

225 773 258 824 a
296 756 579 824 principio;
611 773 629 807 s
661 759 826 822 prima
857 758 992 810 enim
1016 771 1164 824 gens,
1193 766 1247 808 ut
1272 759 1584 823 Augustinus
1607 760 1759 812 dicit:

226 823 422 880 Iudaea
465 836 545 893 est
590 827 894 892 principium
921 823 1079 893 hujus
1109 826 1292 878 vineze.
1327 842 1345 876 ο
1403 826 1464 878 Et
1507 836 1588 878 est
1616 829 1766 893 quasi

227 894 380 947 dieat
413 911 427 946 :
456 892 690 946 Converte
723 910 831 956 nos,
872 892 1101 958 inquam,
1134 893 1284 952 Deus,
1317 902 1366 946 et
1396 895 1545 948 bonis
1574 892 1768 960 princi-

229 964 345 1030 piis
390 963 545 1030 iunge
594 963 835 1015 meliores
862 963 1050 1016 exitus.
1097 960 1349 1029 Namque
1378 964 1508 1014 bene
1536 965 1764 1027 coepisti,

230 1031 364 1095 quia
394 1032 583 1082 vineam
624 1041 763 1083 tuam
792 1031 1106 1090 transtulisti.
1139 1045 1229 1096 per
1256 1033 1490 1099 carnales
1516 1045 1689 1099 patres
1717 1045 1767 1088 et

230 1099 403 1167 etiam
433 1113 524 1167 per
561 1099 813 1166 quosdam
857 1100 1171 1167 spirituales,
1202 1102 1262 1150 de
1282 1097 1528 1167 Egypto,
1564 1100 1649 1156 tibi
1678 1115 1768 1167 0p-

233 1165 603 1237 primebantur
625 1168 894 1229 servitute,
923 1165 1244 1237 transtulisti.
1281 1168 1342 1220 Et
1360 1165 1551 1237 eiecisti
1579 1182 1607 1221 a
1637 1165 1769 1224 facie

231 1236 372 1305 ejus
385 1244 573 1303 gentes.
593 1251 718 1305 quae
750 1236 1106 1302 promissionis
1136 1247 1330 1290 terram
1361 1236 1764 1305 occupaverant,

233 1315 285 1356 et
318 1304 561 1370 plantastt'
589 1303 657 1356 ibi
688 1319 816 1356 eam.

323 1371 437 1424 Dux
474 1373 667 1425 itineris
712 1374 873 1442 fuisti.
921 1372 1226 1426 Praecedens
1255 1387 1436 1427 versus
1476 1382 1675 1427 tantum
1705 1375 1769 1429 ad

237 1441 722 1509 litt'eramiaccipit,
765 1442 864 1495 iste
901 1456 1024 1494 vero
1070 1442 1133 1495 ad
1183 1453 1492 1509 utrumque,
1548 1444 1770 1506 scilicet,

236 1508 511 1588 etiamnad
552 1511 875 1588 mysterium.
917 1510 1212 1588 liamsicut
1259 1508 1476 1577 przebuit
1521 1513 1594 1564 illi
1637 1513 1774 1588 plebi
1827 1570 1846 1588 .

236 1577 530 1630 carnaliter
571 1577 810 1630 ducatum
862 1580 912 1630 in
944 1578 1139 1632 lumine
1187 1589 1443 1633 nocturno
1487 1590 1539 1636 et
1568 1577 1777 1635 umbra-

236 1647 371 1699 culo
395 1645 601 1709 diurno,
632 1647 698 1699 ita
727 1649 882 1700 etiam
927 1647 1048 1700 huic
1077 1648 1240 1701 vineae.
1268 1647 1608 1712 spiritualiter
1639 1663 1772 1712 pra:-

235 1713 338 1767 bet
365 1715 631 1779 ducatum,
676 1714 1013 1768 illuminando
1059 1729 1178 1769 eum
1226 1712 1579 1782 spiritualibus
1625 1712 1777 1771 donis

236 1782 378 1847 suis,
407 1783 455 1836 id
478 1791 577 1846 est,
607 1783 659 1837 iu
686 1784 974 1852 ignorantia
1000 1784 1154 1852 hujus
1178 1789 1318 1848 vit:e,
1343 1793 1396 1837 et
1420 1784 1776 1840 obumbrando

237 1865 365 1903 eam
393 1852 459 1904 ab
507 1853 780 1907 incentivis
811 1854 1050 1914 vitiorum
1099 1855 1147 1906 in
1177 1855 1325 1907 nobis
1354 1858 1695 1921 protectione,
1726 1857 1774 1910 id

239 1931 350 1999 est,
386 1935 478 2000 per
507 1921 1220 2002 mysterium”lucsrn§tionis
1246 1936 1370 2001 sum.
1407 1922 1470 2002 Et
1502 1923 1666 2002 lact_us
1694 1937 1771 1979 est

241 1989 363 2050 ipse
391 1990 469 2041 via
497 1989 580 2058 qui
606 1990 674 2059 de
700 2003 756 2043 se
783 1989 917 2043 dixit
945 2006 957 2059 ;
1003 1989 1109 2059 Ego
1146 2007 1258 2044 sum
1287 1992 1388 2054 via,
1420 1999 1467 2044 et
1510 1995 1713 2053 veritas,
1739 2003 1784 2046 et

241 2059 375 2120 vita,
401 2057 525 2126 quia
553 2057 650 2111 nisi
673 2059 781 2125 ipse
811 2060 888 2110 via
909 2058 1020 2126 ejus
1044 2057 1202 2119 esset,
1222 2059 1372 2112 aliter
1397 2061 1530 2126 quod
1551 2063 1786 2128 sequitur

240 2139 374 2196 esse
409 2142 511 2196 non
551 2138 746 2194 posset,
791 2128 1015 2196 scilicet,
1043 2128 1180 2195 quod
1230 2127 1340 2196 ipse
1388 2138 1545 2182 totam
1592 2127 1783 2184 terram

244 2165 1180 2317 ῖεῖιῖιοὲεζὲεἴῗὲἷ’ὶτὲῖίὲἆᾜίἓ’Ἠ
1215 2165 1545 2268 ﬁniuit?

244 2277 372 2317 cum
437 2275 564 2317 101ιὲ
731 2285 734 2287 λ
845 2279 849 2284 ’

238 2277 372 2317 cum
400 2275 524 2318 αιοιι
550 2279 564 2318 2
731 2285 734 2287 λ
845 2279 849 2284 ’

323 2329 391 2386 ει
417 2333 656 2407 plantosts'
682 2336 873 2388 radices
902 2352 1029 2407 ejus.
1074 2336 1476 2407 Radicesghujus
1502 2338 1666 2391 vineta
1697 2355 1789 2392 vo-

244 2411 340 2457 cat
366 2405 705 2469 patriarchas,
738 2419 868 2471 quos
893 2405 1142 2470 plantavit
1173 2420 1262 2473 per
1290 2405 1443 2458 ﬁdem
1485 2407 1534 2460 in
1565 2408 1788 2474 posteris

245 2487 435 2526 eorum
466 2474 842 2536 spiritualibus,
870 2485 924 2527 et
954 2476 1005 2526 in
1035 2474 1339 2539 quibusdam
1368 2475 1526 2528 etiam
1556 2477 1784 2529 carnali-

249 2542 376 2611 bus.
412 2540 472 2592 Et
499 2542 598 2611 hoc
626 2541 778 2594 modo
798 2543 1015 2610 implevit
1040 2552 1242 2606 terram,
1277 2559 1377 2595 non
1409 2558 1499 2611 per
1527 2545 1788 2598 carnalem

250 2610 480 2682 prolem,
514 2610 617 2682 sed
641 2624 731 2677 per
767 2611 1111 2682 spiritualem.
1144 2612 1206 2664 Et
1235 2610 1420 2664 umbra
1446 2613 1572 2682 ejus,
1605 2613 1654 2666 id
1685 2622 1785 2678 est,

251 2679 545 2748 umbratica
590 2681 725 2733 dicta
764 2681 829 2734 de
877 2681 1022 2734 vinea
1074 2681 1171 2735 hac
1216 2679 1534 2748 operuerunt
1577 2689 1786 2734 montes.

251 2747 462 2801 Montes
504 2760 652 2801 vocat
694 2748 778 2801 hic
825 2749 1098 2815 prophetas
1151 2747 1426 2803 virtutibus
1469 2751 1787 2815 eminentes,

251 2817 348 2882 qui
382 2824 583 2868 montes
619 2818 787 2884 operti
826 2827 967 2880 sunt,
999 2818 1047 2870 id
1078 2826 1191 2882 est,
1231 2818 1437 2872 obscuri
1467 2828 1521 2871 et
1547 2821 1787 2872 nebulosi

251 2884 384 2956 tacti
423 2894 559 2956 sunt,
584 2887 724 2956 quia
752 2887 1054 2951 umbratice,
1086 2887 1134 2939 id
1161 2897 1260 2952 est,
1292 2888 1508 2956 mystice
1538 2888 1696 2940 multa
1727 2888 1794 2942 de

252 2955 359 3006 hac
388 2954 534 3004 vinea
563 2953 824 3008 dixerunt.

331 3021 397 3073 Et
446 3023 647 3073 arbusta
698 3025 804 3090 ejus
850 3023 1036 3076 cedi-os.
1094 3023 1318 3078 Arbusta
1367 3034 1515 3078 vocat
1563 3025 1792 3079 minores

242 3090 567 3157 prapbetas,
597 3090 782 3144 cedrus
809 3106 932 3145 vero
958 3092 1204 3153 sublimes
1232 3104 1284 3146 et
1323 3102 1560 3160 potentes
1593 3095 1644 3146 in
1683 3109 1794 3147 sa:-

253 3163 401 3212 culo.
450 3161 510 3213 Et
551 3169 629 3230 est
678 3160 850 3230 dicere
890 3162 1006 3228 quia
1052 3177 1154 3215 non
1198 3163 1371 3230 solum)
1409 3163 1637 3229 majores
1671 3178 1792 3230 pro-

257 3229 438 3294 phetat
473 3229 789 3294 praefuerunt
818 3223 938 3281 huic
964 3229 1148 3295 vincte,
1182 3233 1272 3283 sed
1301 3223 1458 3284 etiam
1486 3223 1709 3298 arbusta,
1738 3234 1788 3286 id

253 3307 364 3359 est,
399 3298 624 3352 minores
654 3298 919 3366 propheta:
945 3309 1259 3366 operuerunt
1287 3301 1478 3362 cedros,
1515 3300 1564 3354 id
1601 3312 1702 3366 est,
1738 3303 1790 3355 in

257 3375 465 3418 tantum
492 3371 927 3434 Supercreverunt
975 3369 1172 3421 umbris
1213 3369 1378 3430 cedri,
1427 3370 1474 3419 id
1504 3379 1602 3434 est,
1634 3370 1792 3423 subli-

259 3435 437 3488 mibus
468 3433 666 3499 mundi,
701 3443 755 3487 ut
782 3437 1077 3501 operirent,
1127 3437 1177 3490 id
1205 3449 1315 3502 est,
1348 3433 1708 3503 humiliarent,
1738 3447 1794 3492 et

257 3503 594 3555 involverent
633 3503 752 3556 illas
787 3505 993 3567 cedrus,
1043 3514 1096 3559 et
1140 3507 1367 3559 iacerent
1399 3507 1584 3559 cedrus
1616 3509 1790 3560 mundi

256 3575 440 3626 θεάν-οε
466 3570 581 3637 Dei,
610 3573 742 3626 sicut
765 3581 817 3624 et
842 3571 892 3625 in
921 3574 1081 3626 Paulo
1111 3585 1164 3628 et
1192 3574 1436 3642 Dionysio
1469 3574 1660 3629 factum
1690 3585 1789 3630 est.

261 3642 525 3694 Praeterea
579 3643 693 3694 lucc
733 3643 915 3695 eadem
957 3645 1105 3695 vinea
1146 3645 1366 3695 extendit
1407 3645 1634 3709 palmites
1675 3662 1792 3697 suos

259 3726 424 3780 usque
451 3711 516 3761 ad
544 3726 700 3762 mare.
743 3711 987 3764 Palmites
1018 3720 1166 3765 vocat
1195 3713 1314 3764 illos
1342 3715 1526 3780 quibus
1556 3715 1666 3779 ipse
1695 3715 1794 3766 Do-

261 3779 443 3833 minus
470 3779 599 3831 dixit
625 3797 636 3830 :
667 3780 772 3850 Ego
801 3796 910 3832 sum
941 3781 1068 3845 vitis,
1101 3795 1184 3832 vos
1211 3791 1376 3833 autem
1406 3780 1664 3844 palmites,
1698 3785 1796 3836 hoc

260 3857 351 3900 est
389 3861 596 3900 sanctos
624 3850 908 3917 apostolos,
945 3851 1029 3916 qui
1063 3850 1414 3916 principaliter
1440 3850 1507 3902 ab
1553 3851 1662 3917 ipsa
1695 3859 1796 3902 vile

264 3928 655 3985 processerunt,
688 3917 805 3984 quia
852 3932 879 3969 a
910 3918 1130 3972 Domino
1155 3921 1305 3972 electi
1335 3923 1559 3971 luerunt.
1594 3920 1653 3972 lli
1685 3922 1795 3987 pal-

262 3987 424 4039 mites
449 3988 648 4039 extettsi
689 3994 810 4038 suut
844 4000 1006 4054 usque
1032 3988 1095 4040 ad
1126 4003 1285 4052 mare,
1321 3989 1370 4041 id
1409 3999 1508 4051 est,
1540 4004 1701 4054 usque
1732 3992 1794 4040 ad

263 4055 542 4134 gentilium
591 4054 1023 4119 amaritudinem,
1074 4057 1192 4124 quia
1249 4058 1300 4110 itt
1345 4072 1552 4110 omnem
1605 4069 1796 4112 terram

262 4126 429 4179 exivit
452 4137 610 4177 sonus
636 4139 836 4177 eorum.

342 4189 408 4243 Et
451 4195 747 4262 propagines
786 4195 893 4263 ejus
931 4207 1084 4266 usque
1122 4194 1188 4246 ad
1229 4196 1434 4263 ﬂumen.
1484 4195 1799 4266 Propagines

264 4269 793 4332 vocat‘regeueratos
838 4278 886 4315 in
926 4263 1024 4317 lide
1067 4278 1157 4330 per
1187 4266 1444 4330 palmites.
1486 4265 1559 4317 Ex
1593 4263 1801 4332 palmite

264 4331 409 4402 enim
434 4327 489 4381 lit
515 4327 762 4398 prOpago,
786 4346 903 4400 quae
927 4327 1222 4401 propagines
1245 4346 1473 4386 extensrr
1501 4327 1620 4386 Sunt
1647 4351 1798 4402 usque

264 4401 337 4452 ad
356 4401 562 4466 ﬂumen,
591 4401 710 4468 quia
742 4413 832 4469 per
858 4401 1068 4469 illorum
1094 4405 1390 4469 exemplum
1419 4413 1472 4456 et
1499 4402 1801 4454 admonitio-

266 4480 393 4521 nem
422 4470 577 4521 etiam
622 4469 691 4520 illi
737 4468 823 4534 qui
849 4468 1040 4521 ﬂumen
1078 4468 1330 4531 erant,’et
1357 4473 1443 4534 qui
1474 4475 1696 4523 maxime
1746 4474 1795 4524 iit

1867 621 2096 674 currant,
2129 622 2367 665 caveant.
2395 611 2556 664 Causa
2589 613 2725 664 enim
2759 608 3128 661 destructiouis
3159 607 3270 661 haec
3300 623 3399 669 est,

1866 683 1982 747 quia
2011 692 2190 734 contra
2231 681 2484 734 cultorem
2526 695 2674 732 suum
2695 719 2707 740 ,
2750 679 2969 745 superba
3005 677 3213 730 exstitit
3245 697 3257 729 :
3289 681 3403 744 quia

1867 764 2048 803 servos
2081 751 2268 801 missos
2294 748 2357 801 ad
2389 763 2446 802 se
2472 750 2533 800 ad
2565 750 2875 816 exigendam
2909 747 3204 816 mercedem
3235 747 3384 816 colon

1867 819 2076 881 occidit,
2124 819 2244 884 quia
2293 818 2462 882 ipsum
2515 814 2777 870 itairedem
2826 816 2984 884 ejecit
3028 824 3082 869 et
3128 814 3389 868 interfecit

1867 888 1964 951 Qui
1996 899 2166 939 tamen
2195 885 2392 953 eiectus
2422 887 2567 953 plura
2605 887 2832 952 possedit
2858 904 2868 936 :
2899 885 3014 950 quia
3043 899 3104 936 ea:
3126 893 3266 952 parte
3293 899 3410 935 cou-

1869 957 1976 1023 tigit
2005 956 2202 1008 accitas
2226 951 2279 1006 in
2310 951 2493 1020 Israel,
2536 966 2588 1007 ut
2621 955 2876 1018 plenitudo
2919 951 3139 1023 gentium
3178 953 3408 1023 intraret.

1873 1021 1936 1075 Et
1975 1025 2149 1088 accipe
2191 1023 2467 1081 maceriam
2498 1024 2609 1090 ejus
2651 1025 2847 1089 vineae,
2891 1022 3233 1075 munitionem
3274 1021 3410 1086 ejus,

1869 1091 2071 1145 scilicet
2113 1106 2328 1159 regnum
2366 1101 2421 1145 et
2457 1092 2828 1156 sacerdmium,
2877 1099 2927 1153 et
2970 1092 3204 1159 maxime
3242 1100 3413 1156 prote-

1871 1161 2098 1214 ctionem
2132 1158 2483 1222 Dominicam,
2515 1175 2616 1225 qua
2645 1164 2808 1226 magis
2836 1172 2989 1228 quam
3024 1173 3114 1225 per
3143 1158 3281 1212 aliud
3313 1161 3410 1211 ali-

1870 1229 1991 1296 quid
2025 1231 2118 1283 tuti
2146 1237 2294 1282 erant
2327 1247 2337 1280 :
2372 1238 2426 1281 ut
2451 1231 2570 1296 quid
2598 1232 2803 1296 inquam
2833 1229 3116 1281 destruxisti
3147 1229 3412 1279 maceriam

1872 1301 1998 1363 ejus,
2026 1306 2070 1348 et
2095 1311 2188 1352 cur
2215 1299 2517 1351 vindemiant
2550 1314 2659 1350 eam
2688 1315 2854 1352 omnes
2880 1299 2963 1364 qui
2986 1298 3411 1364 pretergrediun-

1873 1376 1952 1417 tur
1996 1367 2164 1417 viam?
2211 1366 2311 1420 hoc
2350 1367 2541 1418 dictum
2586 1378 2662 1419 est
2703 1369 2766 1419 ad
2807 1366 3225 1426 similitudinem.
3271 1366 3415 1418 Sicut

1874 1434 2011 1486 enim
2054 1437 2096 1488 si
2141 1448 2244 1502 qua
2288 1435 2433 1488 vinea
2465 1449 2617 1487 secus
2648 1436 2780 1486 viain
2821 1435 2908 1497 sit,
2942 1444 2994 1486 et
3035 1435 3258 1486 maceria
3301 1435 3415 1500 ejus

1875 1502 2043 1555 diruta
2075 1504 2176 1564 sit,
2207 1516 2234 1554 a
2260 1504 2578 1570 quibuslibet
2608 1501 3091 1570 pertranseuntibus
3124 1503 3411 1555 vindemia-

1879 1580 1962 1624 tur
1991 1589 2001 1622 :
2035 1572 2105 1624 ita
2137 1573 2340 1625 vineam
2371 1573 2509 1624 illam
2542 1573 2828 1625 munitione
2867 1572 2978 1637 ejus
3006 1571 3270 1624 destructa
3305 1573 3414 1623 vin-

1876 1640 2259 1703 demiaveruut,
2290 1641 2387 1694 hoc
2413 1653 2510 1699 est.
2537 1642 2587 1694 in
2609 1642 2841 1697 diversas
2869 1650 3041 1707 partes
3064 1640 3417 1693 distraxerunt

1879 1707 2167 1777 Antiochus
2198 1719 2248 1761 et
2279 1710 2425 1762 multi
2455 1711 2577 1777 alii,
2613 1710 2818 1763 tandem
2862 1725 2985 1763 vero
3025 1709 3285 1775 principes
3316 1707 3415 1760 Ito-

1883 1779 2040 1829 mani.
2073 1775 2571 1845 Przetergredientes
2593 1788 2765 1832 autem
2789 1782 2922 1832 viam
2952 1778 3228 1846 dupliciter
3251 1786 3422 1846 potest

1809 1871 1854 1928 Β
1884 1847 2070 1912 accipi,
2102 1843 2302 1901 scilicet
2327 1847 2408 1928 vel
2437 1862 2612 1926 veram
2643 1850 2804 1909 viam,
2835 1848 2884 1899 id
2912 1843 3283 1928 estochris'tum
3305 1843 3417 1928 non

1887 1925 2232 1980 agnoscentes
2264 1933 2277 1966 :
2309 1916 2390 1968 vel
2422 1930 2448 1968 a
2494 1917 2573 1968 via
2607 1931 2724 1969 vere
2763 1917 3010 1982 regnandi
3042 1915 3420 1977 deorbitautes,

1889 1985 2001 2054 hoc_
2013 1992 2095 2036 est
2124 1986 2479 2052 temporaliter
2506 1995 2801 2054 regnantes.

1957 2051 2318 2122 Exterminavit
2355 2070 2463 2106 eam
2491 2051 2608 2119 aper
2635 2057 2696 2106 de
2722 2056 2876 2122 sylva.
2911 2053 3063 2119 Quasi
3096 2051 3228 2106 dicat
3266 2068 3278 2104 :
3313 2051 3422 2105 Non

1887 2135 1915 2172 a
1966 2121 2290 2190 quibuslibet
2342 2121 2885 2188 praetergredienttbus
2933 2124 3064 2175 viam
3113 2122 3423 2174 vindemiata

1887 2199 1971 2244 est
1991 2231 2005 2255 ,
2044 2191 2136 2244 sed
2166 2193 2232 2245 ab
2270 2193 2366 2245 illis
2395 2206 2526 2255 quos
2557 2192 2653 2258 ipsi
2685 2194 2908 2246 maxime
2930 2191 3255 2262 immundos
3280 2203 3426 2262 puta-

1892 2264 2014 2312 bant
2045 2277 2056 2311 :
2090 2262 2207 2325 quia
2232 2276 2352 2327 aper
2381 2263 2720 2314 exterminavit
2747 2277 2874 2312 eam.
2904 2259 3034 2313 Nihil
3066 2260 3203 2312 enim
3233 2258 3427 2313 Jtidteis

1892 2330 2054 2395 magis
2084 2329 2408 2382 immundum
2436 2330 2512 2382 vel
2541 2331 2856 2382 contrarium
2878 2344 3029 2397 quam
3056 2343 3270 2397 porcus;
3301 2343 3426 2393 aper

1890 2410 2061 2449 autem
2091 2407 2409 2466 estporcus.
2445 2399 2508 2449 Et
2538 2398 2766 2466 iutelbge
2803 2412 2895 2463 per
2934 2413 3114 2465 aprum
3152 2396 3462 2463 Vespasia--

1893 2481 2012 2518 lttllll
2055 2465 2334 2532 gentilem,
2375 2469 2488 2531 quia
2533 2468 2670 2518 nulla
2709 2465 2874 2533 major
2919 2466 3243 2519 itumuudilia
3276 2482 3426 2529 quam
3463 2528 3466 2530 γ

1892 2536 2189 2602 gentilium,
2221 2536 2308 2603 qui
2337 2545 2627 2588 creaturam
2659 2536 2890 2590 Creatori
2924 2544 3335 2603 praeposuerunt.
3368 2536 3431 2586 Et

1892 2615 1972 2657 est
1996 2604 2172 2658 dicere
2201 2622 2213 2656 ε
2251 2605 2381 2673 Aper
2410 2605 2622 2657 veniens
2653 2605 2712 2656 de
2736 2608 2893 2673 sylva,
2927 2605 2976 2657 id
3005 2615 3104 2668 est,
3135 2603 3198 2656 de
3226 2604 3428 2671 gentili-

1894 2683 2019 2734 tate,
2046 2689 2162 2740 qute
2189 2673 2387 2727 inculta
2418 2681 2565 2736 erat;
2595 2676 2711 2739 quia
2743 2688 2836 2726 nec
2864 2678 3049 2742 legem,
3083 2687 3176 2724 nec
3207 2675 3429 2738 prophe-

1894 2749 1972 2794 tas
2011 2751 2313 2809 acceperat,
2351 2744 2722 2804 exterminavit,
2767 2744 2815 2794 id
2853 2757 2959 2804 est,
3000 2752 3144 2794 extra
3184 2742 3433 2794 terminos

1892 2824 2015 2862 suos
2046 2812 2218 2877 posuit
2248 2814 2452 2863 vineam
2485 2813 2626 2863 illam
2657 2826 2670 2863 ;
2700 2812 2817 2876 quia
2849 2813 2935 2878 qui
2967 2825 3067 2862 non
3100 2811 3256 2878 occisi
3287 2821 3430 2871 sunt,

1893 2888 1983 2930 aut
2011 2876 2144 2932 [ante
2173 2881 2468 2947 perierunt,
2498 2890 2586 2930 aut
2617 2882 2804 2944 captivi
2834 2876 2969 2932 ducti
3002 2890 3141 2931 sunt.
3172 2876 3233 2929 Et
3258 2880 3431 2947 singttn

1896 2950 2038 3010 laris,
2060 2949 2108 3000 id
2122 2962 2222 3013 est,
2238 2949 2384 3001 Titus
2402 2950 2536 3000 illius
2553 2948 2878 3015 VeSpasiani;
2896 2952 3051 3016 ferus,
3072 2950 3117 3000 id
3134 2960 3229 3011 est,
3247 2949 3429 3002 crude-

1896 3017 1959 3069 lis
1981 3029 2034 3070 et
2060 3017 2314 3082 superbus
2337 3059 2351 3082 ,
2371 3020 2598 3086 depastus
2626 3030 2713 3080 est,
2751 3021 2796 3070 id
2825 3032 2925 3080 est,
2955 3020 3221 3085 depastum
3254 3019 3432 3070 habuit

1895 3100 2001 3138 eam
2031 3087 2270 3149 vineam;
2305 3091 2422 3154 quia
2456 3089 2551 3136 istc
2591 3088 2816 3139 titaxime
2850 3088 3159 3149 despoliavit
3187 3096 3237 3139 et
3267 3096 3435 3140 tasta-

1899 3155 1970 3205 vit
2014 3168 2148 3207 eam.
2202 3155 2354 3207 Patre
2399 3156 2535 3208 enim
2569 3154 2884 3222 Vespasiano
2929 3156 3142 3207 llomaut
3178 3170 3428 3222 regresso,

1896 3223 1992 3276 iste
2022 3224 2070 3276 in
2111 3225 2381 3277 obsidione
2422 3225 2701 3288 remansit,
2737 3236 2786 3278 et
2817 3226 3023 3278 tandem
3052 3225 3312 3278 civitatem
3345 3242 3433 3279 cc-

1896 3293 1988 3358 pit.
2016 3301 2068 3346 et
2097 3292 2326 3346 funditus
2355 3295 2558 3347 evertit.

1966 3362 2099 3413 Deus
2142 3364 2400 3415 virtutum.
2444 3364 2601 3427 Quasi
2647 3366 2783 3416 dicat
2815 3381 2824 3414 :
2862 3364 2902 3415 si
2936 3366 3007 3416 sic
3042 3363 3295 3431 agendum
3327 3376 3436 3416 erat

1896 3429 1946 3500 iit
1975 3431 2137 3496 paleis
2161 3470 2174 3492 ,
2217 3446 2318 3483 non
2362 3433 2436 3483 sic
2466 3434 2677 3485 Domine
2708 3444 2886 3498 agatur
2917 3435 2968 3485 in
3002 3429 3175 3500 granis
3205 3449 3218 3484 :
3248 3433 3338 3484 sed
3361 3472 3373 3494 ,
3407 3451 3437 3483 υ

1897 3497 2030 3549 Deus
2068 3500 2324 3560 virtutum,
2366 3511 2646 3551 convertere
2677 3497 2759 3551 ad
2790 3515 2903 3562 nos,
2956 3497 3026 3552 ιη’
3048 3501 3121 3552 sic
3164 3512 3435 3553 convertas

1898 3581 2010 3619 nos.
2052 3569 2114 3621 Et
2142 3569 2228 3636 qui
2259 3571 2399 3634 prius
2432 3570 2689 3620 videbaris
2720 3570 3023 3634 dCSpCXlase
3057 3571 3256 3622 tineam
3287 3574 3432 3624 istam

1898 3639 1968 3706 in_
1988 3638 2091 3690 illis
2119 3638 2416 3690 carnalibus
2447 3637 2676 3705 patribus
2698 3679 2711 3700 ,
2744 3640 2931 3706 respice
2960 3654 3074 3690 eam
3109 3639 3434 3693 misericordi

1896 3704 2083 3777 aﬂectu
2112 3707 2173 3759 de
2202 3709 2324 3777 cte§o
2353 3704 2634 3777 editorum,
2678 3708 2724 3760 id
2763 3704 2881 3777 est,
2925 3723 3014 3775 per
3046 3709 3305 3761 hominem
3340 3709 3437 3758 Do-

1899 3775 2148 3828 minicum
2171 3814 2185 3836 ,
2214 3775 2414 3829 scilicet
2445 3778 2695 3829 mittendo
2724 3776 2771 3829 ei
2799 3793 2951 3845 quem
2985 3778 3234 3830 missurus
3262 3794 3335 3830 es.
3373 3777 3436 3828 Et

1897 3846 2038 3908 vide,
2071 3845 2121 3897 id
2151 3854 2258 3908 est;
2280 3859 2396 3914 pra:
2423 3848 2591 3898 oculis
2625 3847 2762 3900 illam
2792 3848 2924 3899 habe
2945 3885 2960 3911 ,
2990 3859 3042 3899 ut
3075 3847 3300 3912 plenarie
3327 3848 3437 3914 ejus

1900 3915 2216 3967 miserearis.
2267 3913 2330 3965 Et
2370 3914 2438 3966 ita
2482 3915 2622 3982 visita
2670 3930 2758 3979 per
2803 3917 3020 3982 gratiam
3067 3927 3204 3968 tuam
3251 3913 3439 3967 vineam

1899 3985 2071 4045 istum,
2111 3994 2355 4051 tanquam
2406 3979 2697 4050 languidam
2741 3979 3196 4051 et'impotentem,
3246 3999 3336 4052 per
3383 4000 3438 4038 se

1900 4067 2132 4121 surgere.
2182 4053 2242 4104 Et
2281 4052 2461 4121 perﬂare
2503 4069 2609 4104 eam
2654 4055 2835 4106 merito
2861 4062 2913 4107 et
2944 4067 3195 4116 numero,
3229 4068 3328 4105 nou
3363 4054 3434 4104 itt-

1900 4132 2057 4174 t-tttue
2097 4122 2250 4173 aliam
2285 4139 2296 4173 :
2338 4126 2460 4190 quia
2503 4123 2570 4175 ibi
2620 4125 2785 4189 (quasi
2833 4122 2995 4187 dicat)
3039 4137 3217 4174 rerum
3257 4135 3437 4174 semen

1902 4193 2125 4242 Abrahae
2165 4201 2264 4242 est.
2311 4193 2380 4242 lbi
2425 4205 2602 4244 semen
2649 4191 2800 4249 illud,
2850 4191 2900 4242 in
2943 4205 3045 4257 quo
3092 4191 3435 4242 benedicentur

1903 4274 2068 4311 omnes
2094 4269 2278 4327 gentes,
2306 4261 2354 4311 id
2385 4270 2464 4313 est
2494 4261 2637 4313 rad.x
2662 4260 2746 4313 illa
2771 4261 2818 4312 in
2843 4274 2940 4327 qua
2966 4270 3186 4311 insertus
3213 4257 3440 4310 oleaster

1905 4338 2122 4394 ponatur
2147 4346 2157 4378 :
2183 4330 2362 4394 perﬁce
2383 4344 2509 4391 eam,
2534 4329 2670 4389 dico,
2695 4344 2809 4396 qua:
2831 4346 2929 4382 nun
2957 4330 3109 4381 habet
3131 4343 3194 4396 ex
3220 4343 3274 4380 sc
3303 4342 3435 4382 esse.

1904 4399 1994 4450 sed
2023 4413 2083 4449 ex
2114 4407 2184 4460 te,
2212 4414 2328 4463 quia
2355 4413 2467 4450 eam
2499 4395 2734 4465 plantavit
2764 4399 2960 4450 dextera
2992 4410 3096 4450 tua.
3135 4395 3194 4449 Et
3229 4408 3291 4448 tta
3323 4403 3441 4450 d.co

1908 4467 2119 4531 perlice,
2167 4479 2216 4518 ut
2258 4469 2323 4519 sit
2367 4469 2576 4520 lundata
2607 4484 2755 4536 super
2782 4471 2942 4536 [ilium
2983 4469 3213 4532 heminis,
3260 4469 3310 4519 itl
3341 4480 3438 4529 est,

267 4538 620 4591 amaricautes
667 4531 853 4590 ﬂuctus
902 4537 1052 4606 hujus
1093 4540 1268 4593 saeculi
1317 4531 1624 4604 inlluebant,
1679 4539 1795 4593 facti
1832 4531 1880 4589 D
1904 4536 2189 4587 Christum.
2217 4536 2349 4589 Dicit
2369 4540 2506 4589 enim
2536 4531 2846 4603 Apostolus:
2876 4531 3276 4589 Fundamentum
3299 4538 3438 4588 aliud

266 4615 396 4676 sunt
435 4606 762 4674 prepagines.
797 4607 859 4659 Et
885 4607 982 4660 hoc
1011 4608 1184 4672 modo,
1217 4609 1415 4662 scilicet
1441 4623 1533 4674 per
1578 4610 1797 4676 prephe-

269 4684 511 4746 tas,_tum
551 4676 940 4746 perpalmites,
986 4685 1095 4728 tum
1137 4691 1230 4744 per
1265 4679 1572 4746 propagines
1612 4680 1799 4731 factum

267 4741 500 4812 esthoc,
531 4742 668 4812 quod
699 4745 810 4795 hac
838 4748 988 4796 vinea
1021 4741 1177 4796 ιυιθίιι
1207 4741 1397 4812 terram
1426 4741 1677 4812 implevit.

351 4807 416 4862 Ut
459 4801 581 4881 quid
625 4809 911 4881 destruxisti
956 4813 1239 4881 maceriam.
1293 4801 1452 4868 Deﬂet
1498 4801 1582 4868 hic
1629 4815 1801 4881 Asaph

268 4877 1190 4953 corporalemdestructionemejus
1229 4884 1438 4950 populi,
1477 4899 1630 4950 quem
1672 4877 1802 4953 prie-

268 4949 503 5018 diximus
535 4947 843 5014 principium
871 4963 990 5002 esse
1017 4947 1342 5015 vinem,'sed
1385 4947 1507 5006 non'
1527 4954 1639 5006 sine
1672 4947 1802 5018 'spe;

269 5016 397 5086 quia
431 5017 677 5081 loquitur,
704 5026 786 5086 fut
817 5018 868 5069 in
909 5019 1056 5086 titulo
1097 5021 1400 5084 praedictum
1426 5033 1525 5084 est,
1557 5026 1623 5076 de
1660 5016 1803 5075 dire-

269 5083 472 5158 étion‘e.
502 5086 566 5158 ξι
596 5088 641 5137 si
671 5085 748 5137 sic
776 5083 826 5135 in
856 5084 1050 5158 paleis,
1094 5083 1196 5158 non
1227 5090 1305 5158 sic
1329 5083 1583 5158 agendum
1611 5093 1805 5144 eraTin
1844 5098 1850 5099 ’

272 5155 474 5226 granis.
509 5153 571 5226 Et
603 5165 714 5226 est,
738 5168 887 5226 quasi
918 5153 1054 5226 dicat
1086 5155 1345 5226 :_Quando
1365 5153 1580 5226 quidem
1601 5199 1616 5221 ,
1644 5174 1675 5209 ο
1709 5159 1806 5210 [to—

276 5221 442 5286 tuine,
703 5222 894 5273 vineam
920 5222 1060 5292 illam
1087 5224 1148 5274 de
1176 5221 1422 5292 Egyplo,
1451 5237 1494 5277 et
1524 5244 1632 5278 eant
1662 5231 1809 5292 plun-

252 5292 420 5362 ‘tasti,
443 5299 494 5362 ut
515 5291 636 5362 quid
657 5305 782 5358 ergo
803 5291 1088 5343 deslmisti
1118 5308 1376 5345 materiam
1402 5297 1544 5362 ejus?
1571 5291 1679 5348 Non
1710 5299 1808 5348 hoc

274 5359 422 5431 dicit
459 5360 774 5431 illuminatus
823 5365 979 5431 atque
1028 5372 1293 5414 correctus
1340 5359 1512 5428 Asaph
1563 5376 1807 5431 tauquam

276 5429 541 5486 nesciens.
568 5426 779 5480 Sciebat
797 5428 934 5478 enim
957 5442 1072 5480 eam
1098 5444 1390 5482 necessario
1412 5426 1804 5498 destruendam,

274 5501 402 5568 quia
447 5497 804 5568 interminatus
843 5504 955 5546 erat
986 5501 1038 5568 ei
1089 5498 1338 5551 Dominus
1381 5516 1473 5567 per
1513 5503 1692 5553 lsaiatu
1732 5497 1811 5553 tli-

275 5565 407 5637 ῥέος
448 5583 462 5620 :
507 5565 766 5637 Destruam
813 5565 1079 5637 maceriam
1123 5569 1250 5634 eius.
1301 5565 1581 5637 itit—adjicit
1629 5585 1806 5637 quare.

280 5634 576 5702 Exspectavi
602 5631 731 5686 enim
760 5641 814 5683 ut
854 5633 1037 5704 faceret
1063 5631 1237 5704 uvam,
1277 5647 1320 5688 et
1358 5631 1488 5704 fecit
1507 5631 1809 5694 labruscam.

280 5705 580 5770 Ετεριεῑαυί
619 5711 670 5753 ut
708 5706 891 5774 faceret
921 5702 1192 5774 judicium,
1238 5717 1281 5757 et
1330 5702 1441 5772 fecit
1483 5708 1808 5774 iniquitalum.

278 5776 387 5830 Sed
443 5789 534 5842 pro
582 5770 811 5842 Assyriis
860 5770 957 5822 hoc
1006 5771 1160 5836 dicit,
1211 5787 1263 5825 ut
1310 5770 1361 5828 et
1406 5770 1812 5831 destructionem

1905 4619 2046 4655 nemo
2069 4621 2249 4672 ponere
2275 4617 2455 4671 potest,
2483 4615 2662 4673 printer
2687 4606 2738 4656 id
2762 4606 2892 4672 quod
2918 4608 3130 4670 positum
3158 4617 3250 4669 est,
3278 4609 3328 4655 id
3357 4618 3447 4669 est,

1905 4674 2150 4725 Christus.
2198 4673 2383 4724 Ftltum
2433 4673 2656 4726 hominis
2701 4676 2817 4726 dteo
2858 4691 3003 4741 quem
3054 4685 3107 4726 tu
3153 4675 3445 4740 specialiter

1903 4743 2214 4808 con/iratam"
2255 4743 2386 4794 inter
2412 4758 2592 4797 omnes
2623 4744 2740 4804 tibi,
2783 4744 2830 4795 id
2859 4753 2938 4796 est
2960 4748 2994 4803 ,'
3017 4745 3080 4796 ad
3112 4755 3253 4795 tuum
3281 4745 3442 4795 hono-

1905 4827 2036 4863 rem.
2069 4814 2233 4864 Adam
2258 4812 2470 4876 quidem
2505 4814 2552 4865 in
2585 4815 2895 4864 abundantia
2928 4815 3168 4865 virtutum
3199 4813 3438 4878 posuisti,

1905 4882 1994 4934 sed
2027 4895 2127 4932 non
2158 4883 2502 4946 conﬁrmasti,
2532 4885 2650 4947 quia
2680 4882 2777 4935 inhi
2810 4883 2992 4946 potuit.

1976 4947 2184 5000 Incensa
2214 4950 2333 5015 igni.
2368 4948 2500 5002 Vere
2529 4951 2763 5015 pet-ticius
2793 4965 2936 5014 eam,
2968 4948 3085 5016 quia
3115 4948 3312 4999 incensa
3340 4951 3445 5015 igni

1907 5028 1950 5071 et
1987 5018 2201 5082 suffossa
2242 5019 2465 5080 peribunt
2513 5019 2561 5069 in
2593 5037 2651 5070 ca
2684 5023 2743 5068 ab
2777 5021 3109 5085 increpatione
3151 5016 3312 5067 vultus
3355 5021 3440 5067 tui.

1911 5081 2087 5137 Vultus
2114 5087 2199 5157 Det
2226 5086 2392 5157 Patris
2423 5098 2503 5139 est
2533 5091 2641 5154 ipse
2661 5081 2921 5148 Christus,
2942 5081 3177 5153 splendor
3207 5099 3250 5138 et
3280 5095 3443 5157 figura

1906 5155 2191 5206 substantia:
2221 5155 2344 5221 ejus,
2383 5166 2437 5207 nt
2466 5157 2537 5209 ait
2566 5158 2866 5222 Apostolus.
2915 5157 3044 5210 Vere
3081 5157 3236 5210 etiam
3277 5155 3439 5208 sim-n

1910 5225 2291 5290 praedicatores,
2328 5226 2377 5275 in
2412 5226 2598 5291 quibus
2626 5236 2838 5292 apparet
2873 5231 3037 5279 vultus
3064 5226 3207 5294 ejus;
3242 5228 3323 5278 hic
3354 5243 3440 5276 au-

1911 5308 2011 5344 teut
2056 5297 2224 5342 vultus
2267 5295 2385 5354 lbet,
2426 5298 2548 5360 quid
2587 5295 2728 5345 aliud
2777 5297 3007 5362 increpat
3049 5297 3146 5348 utsi
3197 5299 3445 5361 peccata?

1911 5362 2007 5414 Per
2047 5363 2158 5430 ejus
2193 5361 2365 5428 utique
2406 5362 2812 5429 increpatiooem
2860 5374 3066 5428 peccata
3106 5377 3277 5418 nostra
3322 5381 3441 5430 per-

1911 5433 2075 5483 ibunt.
2119 5429 2268 5481 Fiunt
2297 5441 2464 5481 autem
2495 5442 2703 5497 peccata
2731 5434 2903 5483 omnia
2934 5449 3048 5499 quae
3083 5446 3264 5500 sponte
3293 5429 3438 5485 clitu-

1911 5502 2165 5552 mittttnus
2187 5538 2200 5561 ,
2244 5509 2329 5550 aut
2358 5501 2492 5550 male
2522 5515 2727 5560 arnore,
2765 5508 2854 5550 aut
2884 5500 3069 5553 titnme
3099 5504 3234 5552 man
3265 5519 3272 5551 :
3310 5513 3444 5556 sicut

1911 5584 1940 5621 e
1960 5580 2137 5619 contra
2167 5586 2320 5621 omne
2346 5583 2474 5632 opus
2514 5570 2704 5620 bonum
2745 5576 2831 5621 aut
2857 5571 2910 5620 lit
2950 5571 3084 5622 bono
3129 5585 3324 5634 amore,
3354 5586 3444 5628 aut

1912 5639 2049 5690 bono
2075 5640 2279 5690 timore.
2309 5637 2372 5691 Ut
2399 5638 2443 5689 si
2469 5637 2652 5703 aliquis
2682 5639 2805 5690 velit
2831 5653 2923 5690 nos
2949 5639 3192 5690 inducere
3221 5640 3285 5689 ad
3319 5641 3440 5704 hoc,

1915 5716 1969 5759 ut
2015 5705 2195 5761 falsum
2239 5709 2589 5772 testimonium
2631 5717 2808 5759 contra
2852 5709 3147 5773 proximum
3186 5706 3444 5773 dicamus,

1915 5786 1999 5828 aut
2029 5775 2220 5850 aliquid
2248 5777 2367 5842 tale,
2397 5777 2645 5844 prosttittit
2672 5777 2818 5830 nobis
2847 5776 3008 5828 multa
3034 5792 3042 5826 :
3071 5777 3256 5846 quibus
3283 5777 3322 5828 si
3357 5790 3453 5830 ttu~
