3898 6226
505 401 607 454 919

964 398 1162 454 ΒΕῡΛΞ
1203 395 1641 453 VENERADILIS
1679 396 1824 450 Ol‘l‘.
1870 394 2041 450 PARS
2080 392 2140 447 11.
2181 392 2365 448 SECT.
2413 394 2473 447 1Ι.
2513 421 2579 433 --
2622 390 2820 448 DUBIA
2860 394 2943 449 ET
2985 395 3249 452 SPURH.

3614 398 3713 453 ε)ξο

507 518 759 571 tectam.“-
788 524 839 569 οι
875 515 1251 575 (σοιιερηιῑηιηε,
1293 527 1416 567 ecce
1459 511 1595 563 malo
1638 523 1837 573 amore,
1881 510 1929 561 id
1972 517 2051 561 est
2081 508 2127 566 Α
2156 511 2413 575 tecosten.
2449 502 2575 553 Item
2604 501 2865 555 Arnobius
2884 503 2942 575 in
2973 505 3366 571 septuagesimo
3405 518 3545 558 nono
3570 510 3711 574 psat.

506 588 750 648 i-upidate
790 600 943 650 prava
985 586 1187 637 accensi
1229 596 1526 651 peccamus.
1574 581 1626 633 Si
1672 590 1858 651 autem,
1885 580 2046 651 gratia

509 647 598 707 Dei
645 664 766 708 tunc
794 647 896 707 nos
935 647 1267 717 impiramur,
1316 661 1369 703 et
1407 649 1695 718 cogitamus
1738 650 1861 702 illttd
1909 647 2047 710 quod

506 726 619 787 ipse
649 724 917 791 proposuit
945 722 1116 783 nubis,
1138 720 1626 787 exemplillrandum
1653 720 1852 791 scilicet
1877 735 1890 771 :
1916 718 2051 780 Quid

502 798 704 856 prodest
737 790 917 846 homini
943 794 985 845 si
1010 800 1165 843 totum
1190 793 1432 843 mundum
1458 790 1698 851 lucretur,
1721 790 1901 840 anima:
1938 805 2052 842 vero

502 879 609 916 tute
634 864 977 916 detrimentum
1005 864 1265 921 patiatur?
1296 862 1428 913 Ecce
1456 874 1547 925 per
1570 863 1701 911 hanc
1729 859 2049 911 Daminicam

504 934 913 997 increpationem
942 932 1159 983 t-ll‘r-ctus
1190 931 1307 981 n~ali
1340 930 1550 991 amoris,
1580 928 1628 980 id
1653 939 1751 987 est,
1782 939 2049 993 peccatum

503 1003 555 1055 in
588 1004 737 1057 nobis
778 1002 929 1067 perit.
960 1001 1110 1054 Tunc
1150 1000 1239 1053 ille
1270 1000 1449 1052 νίιινης
1490 1000 1743 1063 promissa
1788 1014 1880 1051 sua
1921 1014 2049 1051 con-

503 1074 686 1129 temni,
729 1071 943 1124 forsitan
987 1070 1049 1123 ad
1095 1071 1258 1121 minas
1307 1085 1364 1122 se
1409 1069 1687 1129 convertit,
1731 1077 1783 1121 et
1825 1068 2052 1121 minatur

503 1142 654 1193 nobis
701 1156 804 1193 non
855 1149 1052 1193 tantum
1101 1140 1483 1209 espu'sionent,
1530 1139 1621 1190 sed
1674 1140 1839 1209 ipsam
1891 1140 2049 1191 etiam

503 1219 746 1263 mortem.
772 1210 917 1274 Quod
953 1211 995 1262 si
1035 1207 1358 1263 tuuc‘territi
1398 1209 1443 1261 ei
1480 1207 1893 1267 consentiamus,
1927 1224 2052 1263 ecce

501 1278 691 1332 timore
720 1280 855 1331 malo
886 1279 1138 1331 humiliati
1173 1292 1468 1344 peccamus.
1495 1276 1549 1329 Si
1578 1286 1751 1329 autem
1787 1285 1907 1329 tunc
1938 1294 2051 1344 gra-

506 1348 571 1400 tia
600 1349 771 1401 divina
805 1348 1029 1403 interius
1065 1351 1397 1407 roboremur,
1439 1355 1493 1399 et
1529 1348 1667 1408 quod
1710 1347 1824 1414 ipse
1866 1362 2051 1400 exent-

505 1418 750 1483 plandum
794 1418 1089 1483 proposuit,
1133 1418 1181 1471 iu
1226 1428 1400 1471 mente
1443 1416 1748 1478 habeamus,
1806 1419 2049 1471 scilicet:

503 1485 680 1540 Nolite
701 1490 872 1541 timere
898 1490 984 1555 qui
1014 1503 1192 1555 corpus
1215 1488 1476 1547 occidunt,
1509 1486 1729 1537 animam
1759 1499 1923 1538 autem
1953 1504 2050 1540 non

503 1568 710 1622 possunt
753 1560 992 1615 occidere.
1044 1567 1097 1609 et
1140 1558 1449 1620 resistimus,
1497 1564 1549 1610 et
1595 1570 1697 1607 non
1748 1557 2048 1620 peccamus.

502 1624 687 1679 Melius
716 1636 797 1681 est
822 1628 964 1681 enim
990 1640 1055 1678 'tll
1092 1628 1260 1678 aliena
1300 1627 1545 1693 iniquitas
1584 1622 1805 1690 perimat
1838 1639 2049 1680 carnem
2085 1675 2094 1686 ,

503 1704 757 1757 nostram,
787 1712 940 1762 quam
988 1695 1235 1764 injustitia
1276 1696 1497 1762 perimat
1536 1694 1761 1747 animam
1796 1706 2046 1751 nostram.

503 1764 568 1816 Et
598 1776 1053 1833 quantumcmtque
1086 1764 1308 1819 mundus
1350 1766 1603 1833 promittit
1635 1764 1783 1833 nobis
1816 1764 2044 1832 injustis,

497 1832 662 1906 multo
694 1836 806 1906 plus
835 1832 984 1887 dabit
1020 1835 1155 1889 Deus
1182 1832 1359 1901 justis,
1388 1849 1503 1886 cum
1534 1834 1657 1886 dicit
1686 1850 1699 1887 :
1745 1832 1933 1896 Venite,
1964 1837 2049 1889 be-
2086 1850 2126 1906 Β

496 1904 679 1955 πράξειε
730 1904 897 1958 Patris
948 1907 1065 1969 mei,
1116 1916 1171 1957 et.
1214 1914 1422 1957 cmtera.
1478 1907 1539 1955 lit
1584 1913 2046 1971 quantumcunque

496 1976 722 2029 mundus
752 1974 978 2027 minatur
1024 1974 1174 2027 nobis
1217 1975 1391 2039 justis,
1441 1976 1604 2026 multo
1652 1974 1766 2033 plus
1818 1974 2047 2027 minatur

494 2043 646 2095 nobis
677 2045 812 2097 Deus
842 2044 1067 2111 injustis,
1092 2044 1208 2109 quia
1239 2045 1471 2096 dicturus
1497 2054 1575 2095 est
1602 2060 1613 2093 :
1646 2042 1741 2103 Ite,
1770 2042 2041 2103 maledicti,

492 2114 547 2165 iit
586 2115 750 2182 ignem
786 2126 1047 2166 telernum.
1095 2114 1153 2165 Et
1194 2112 1291 2166 hoc
1331 2122 1410 2165 est
1450 2112 1585 2181 quod
1626 2112 1745 2166 dicit
1784 2128 1796 2163 :
1830 2111 2047 2166 Incensa

489 2183 619 2247 igni,
661 2183 711 2235 id
751 2194 831 2236 est
870 2194 1080 2248 peccata
1124 2183 1311 2235 ardore
1353 2198 1523 2249 pravre
1554 2182 1853 2249 cupiditatis
1893 2198 2043 2235 cotu-

493 2255 676 2317 tnissa,
706 2263 751 2305 et
773 2253 1008 2319 suffossa.
1043 2253 1091 2305 id
1116 2262 1211 2312 est,
1242 2254 1323 2304 illa
1354 2252 1508 2305 etiam
1539 2263 1769 2315 peccata,
1805 2268 1919 2317 qua:
1951 2270 2045 2315 per

494 2323 900 2376 humibationem
946 2323 1064 2375 mali
1112 2324 1309 2377 timoris
1354 2323 1768 2376 eummiftuntur.
1819 2323 1881 2372 Et
1928 2323 2045 2375 ideo

489 2391 705 2455 sali-ossa
742 2393 1003 2458 dicuntur,
1044 2396 1159 2458 quia
1205 2408 1383 2443 murus
1410 2394 1495 2459 qui
1528 2392 1824 2453 sullnditur,
1874 2394 2045 2443 humi-

491 2462 673 2531 liatur;
699 2473 939 2531 utraque,
965 2465 1196 2526 inquam,
1224 2465 1333 2514 ha‘c
1358 2477 1546 2529 genera
1575 2470 1905 2528 peccatorum
1932 2478 2042 2526 per-

488 2529 626 2601 ibunt
655 2536 717 2583 ab
746 2529 1081 2601 increpatione
1105 2548 1197 2598 per
1223 2534 1419 2583 vultum
1447 2543 1588 2583 tuum
1619 2534 1774 2601 facta,
1805 2545 1836 2579 o
1866 2532 1999 2601 Deu~
2026 2547 2042 2584 :

490 2599 600 2652 haec
637 2602 846 2665 quidem
876 2599 1131 2655 sententia
1158 2602 1292 2654 beati
1324 2612 1401 2652 est
1435 2600 1704 2665 Augustini
1735 2612 1783 2651 et
1820 2600 2040 2652 aliorum

487 2672 854 2734 ratupltirium.
897 2671 1241 2724 Cassiodorus
1281 2687 1403 2723 vero
1442 2670 1649 2722 incensa
1702 2668 1805 2736 igni
1855 2674 2040 2722 endem

488 2739 645 2791 modo
680 2742 887 2807 accipit,
924 2740 1124 2794 scilicet
1164 2752 1374 2808 peccata
1414 2740 1496 2792 illa
1540 2756 1652 2805 qua!
1693 2740 1882 2789 ardore
1922 2742 2041 2792 ntali

486 2809 679 2861 amoris
718 2811 865 2871 liuut,
915 2810 1131 2862 sull‘ossa
1175 2826 1299 2863 vero
1338 2827 1396 2862 ea
1440 2820 1647 2875 pecs-uta
1690 2820 1857 2865 vocat.
1900 2824 2043 2874 qure-

485 2890 693 2998 fiunque
740 2893 831 2945 per
889 2879 1103 2933 insidias
1146 2890 1234 2931 aut
1294 2894 1384 2946 per
1429 2879 1607 2930 dolum
1655 2879 1799 2945 quasi
1846 2878 2041 2933 infossa

525 2958 633 2998 unt.

525 2958 633 3001 unt.

559 3015 680 3071 Fiat
728 3035 905 3072 manus
956 3028 1058 3073 tua.
1094 3019 1314 3083 Quando
1364 3018 1571 3085 quidem
1625 3028 1726 3069 tam
1770 3018 1914 3069 utilis
1955 3027 2041 3071 est

489 3087 777 3155 increpatio
798 3100 905 3150 tua,
933 3091 1017 3152 ﬁat
1046 3106 1169 3153 ergo
1198 3105 1373 3140 manus
1398 3100 1502 3148 tua,
1532 3103 1564 3138 0
1600 3087 1838 3147 Domine.
1865 3089 1912 3139 id
1936 3098 2036 3151 est,

490 3172 699 3223 semper
744 3160 1009 3212 adbmrcat
1038 3161 1298 3213 COI‘l‘t'CliO
1344 3169 1426 3209 tua
1456 3173 1605 3221 super
1633 3159 1793 3208 virum
1839 3162 2039 3209 consti-

489 3230 761 3291 tuendum,
812 3229 860 3278 id
906 3238 1003 3290 est,
1054 3239 1108 3280 tit
1150 3230 1500 3280 Ctittsli‘ttalltr
1546 3242 1680 3277 unus
1728 3228 1807 3277 vir
1860 3225 2035 3290 perie-

488 3304 624 3359 rtus,
654 3300 701 3350 id
727 3306 830 3359 est,
860 3296 1116 3360 Christus,
1147 3305 1303 3361 caput
1330 3296 1525 3347 scilicet
1551 3304 1604 3346 et
1629 3309 1839 3361 corpus.
1870 3295 2037 3353 Super

486 3367 647 3417 virum
699 3370 815 3419 dico
866 3368 1081 3419 dextera?
1124 3377 1239 3423 tum.
1294 3366 1475 3425 idest,
1511 3364 1560 3415 in
1608 3380 1713 3431 qua
1759 3364 2035 3429 apparebit

487 3436 808 3497 destera,.id
837 3445 937 3499 est,
986 3437 1215 3501 potentia
1250 3445 1352 3487 tua.
1407 3435 1467 3487 Et
1495 3448 1648 3500 quem
1682 3435 1849 3485 virum
1893 3436 2033 3487 acci-

489 3505 615 3570 piat,
665 3507 980 3560 determinat
1007 3507 1186 3559 dicens
1218 3523 1229 3558 :
1268 3505 1331 3557 Et
1379 3520 1525 3569 super
1559 3501 1749 3553 Filium
1790 3502 2029 3556 hominis.

490 3575 686 3627 Omnes
733 3578 872 3629 enim
928 3586 1197 3639 portantes
1256 3575 1534 3641 imaginem
1588 3572 1703 3623 Filii
1764 3572 2031 3641 homini_s,

490 3646 635 3724 quasi
663 3662 803 3724 unus
832 3645 991 3724 [filius
1025 3645 1250 3724 hominis
1280 3639 1541 3724 cum-ipso
1570 3648 1723 3719 sunta
1755 3642 1911 3724 Quem
1948 3639 2031 3719 Ei-

490 3710 613 3769 lium
662 3714 888 3767 hominis
936 3715 1244 3779 conﬁrmasti
1293 3712 1503 3777 quidem
1558 3710 1920 3774 principaliter
1978 3710 2030 3779 in

489 3786 663 3851 capite
696 3802 708 3835 :
737 3784 1049 3837 secundario
1093 3797 1216 3835 vero
1243 3784 1397 3834 etiam
1435 3782 1483 3830 in
1515 3780 1771 3851 membris
1820 3779 1930 3851 lilii,
1969 3778 2029 3851 id

489 3848 590 3913 est,
622 3855 683 3904 ad
718 3865 861 3905 tuum
903 3856 1099 3904 honore
1124 3871 1172 3903 n.
1211 3852 1300 3904 Vel
1330 3851 1480 3901 aliter
1506 3849 1678 3915 (quasi
1724 3848 1885 3915 dicat)
1920 3865 1930 3897 :
1968 3848 2033 3900 Et

489 3932 545 3972 tit
577 3924 873 3986 perﬁciatur
920 3926 1067 3973 vinea
1117 3922 1341 3985 plantata
1394 3934 1420 3969 a
1475 3921 1687 3971 dextera
1720 3926 1828 3977 tua,
1876 3926 1931 3967 et
1978 3926 2033 3967 ttt

487 4002 709 4056 pereant
741 3994 789 4043 itt
816 4006 875 4044 ea
906 3994 1106 4041 incensa
1138 3992 1237 4057 igni
1267 4001 1311 4039 et
1354 3987 1608 4050 suffossa;
1651 4002 1777 4057 ergo
1810 3987 2032 4037 Domine

492 4063 580 4125 ﬁat
610 4077 784 4113 manus
814 4072 918 4123 tua,
952 4062 999 4110 id
1027 4072 1128 4119 est,
1160 4056 1415 4125 protectio
1445 4067 1529 4105 tua
1556 4056 1891 4125 superivirum
1916 4056 2033 4103 dex-

492 4143 612 4183 tera:
642 4142 757 4192 tute,
787 4130 837 4183 id
869 4141 967 4191 est.
1000 4124 1393 4195 superetnuetu
1424 4125 1568 4176 illum
1600 4126 1685 4190 qui
1714 4124 1810 4176 hoc
1839 4124 2029 4195 virium

493 4202 628 4266 quod
657 4191 811 4255 habet
852 4191 1139 4252 exert-et'in
1187 4197 1427 4259 dextera,
1461 4208 1570 4266 non
1607 4195 1656 4246 in
1685 4194 1918 4266 sinistra.
1968 4191 2032 4266 Et

493 4261 815 4336 specialiter,
849 4269 937 4320 liat
967 4284 1149 4320 manus
1183 4278 1263 4318 tua
1296 4282 1443 4336 super
1468 4261 1660 4336 Filium
1685 4264 1919 4323 hominis,
1940 4262 2031 4336 qui

488 4333 573 4390 est
601 4350 754 4405 caput
782 4352 986 4390 eorum.
1016 4339 1125 4387 Non
1154 4334 1469 4405 enim_dedit
1496 4334 1543 4385 ei
1596 4333 1845 4405 Dominus
1875 4333 2032 4396 spiri-

495 4419 603 4460 tum
630 4402 691 4459 ad
720 4421 1041 4460 mensuram.
1078 4406 1242 4468 Super
1272 4402 1461 4454 Filium
1494 4403 1706 4454 hominis
1736 4404 2032 4467 dico,quem

492 4488 547 4530 tu
578 4478 886 4545 conﬁrmasti
916 4476 1023 4536 tibi,
1052 4484 1107 4526 tit
1136 4474 1512 4545 supta_dtetnm
1540 4480 1640 4522 est.

566 4547 631 4600 Et
674 4538 770 4598 non
799 4546 1103 4597 discedimus
1128 4560 1157 4595 a
1188 4538 1250 4594 te.
1288 4542 1403 4594 Fiat
1428 4554 1612 4592 manus
1656 4548 1760 4600 tua,
1798 4538 2030 4602 inquam,

493 4632 654 4683 super
686 4631 852 4667 Vtrum
882 4615 1111 4667 dexterae
1152 4622 1275 4675 tum,
1307 4620 1357 4683 et
1386 4624 1543 4677 super
1574 4608 1757 4661 Filium
1786 4608 2033 4659 hominis.

496 4688 561 4739 Et
603 4697 669 4739 tta
699 4700 793 4751 nos
828 4685 915 4751 qui
962 4684 1103 4745 prius
1146 4682 1483 4734 discessimus
1511 4689 1640 4741 ate,
1670 4693 1787 4751 cum
1831 4689 1882 4730 te
1924 4692 2041 4744 pro-

492 4770 609 4821 pter
648 4746 789 4809 aliud
819 4746 1155 4811 colebamus,
1183 4768 1283 4801 non
1314 4751 1533 4815 amplius
1560 4750 1861 4821 discedimus
1891 4762 1922 4797 a
1960 4756 2036 4821 te,

492 4817 728 4878 colentes
763 4835 975 4891 propter
1002 4831 1080 4881 te;
1110 4821 1229 4886 quia
1253 4828 1311 4891 tu
1336 4835 1429 4870 nos
1450 4817 2043 4891 mortificatosinterius

495 4897 544 4944 in
580 4882 829 4961 peccatis,
860 4882 1138 4957 viviﬁcabis
1160 4904 1268 4952 nos,
1304 4890 1352 4939 in
1384 4887 1744 4952 spiritualibus
1772 4887 1945 4961 donis.
1972 4882 2043 4961 lit

494 4952 615 5017 ideo
641 4952 887 5027 deinceps
919 4952 1096 5012 nomen
1146 4968 1286 5010 tuum
1319 4967 1537 5027 tantum,
1570 4965 1621 5006 et
1647 4970 1753 5027 non
1780 4954 1924 5027 aliud
1965 4952 2054 5003 irt-.

497 5034 799 5083 vocabimus.
832 5021 900 5086 Ut
950 5039 1122 5082 autem
1170 5031 1267 5081 hoc
1308 5030 1416 5088 liat,
1471 5024 1685 5075 Domine
1716 5021 1851 5072 Deus
1880 5022 2043 5071 virtu-

498 5116 602 5153 tum
628 5114 911 5153 conversus
938 5104 1145 5163 ad'nos,
1173 5109 1400 5151 converte
1427 5097 1492 5146 ad
1517 5109 1627 5153 nos,
1658 5102 1761 5145 etc.

948 5233 1009 5285 IN
1053 5232 1362 5287 PSALMUM
1408 5228 1611 5283 LXXX.

500 5345 553 5396 lu
586 5344 741 5399 linem
775 5354 870 5413 pro
907 5338 1511 5461 torcularibuisbl‘saimus
1540 5338 1633 5404 ipsi
1663 5336 1837 5402 Asaph
1867 5335 2044 5403 quinta

1162 5423 1216 5461 sa
1240 5432 1253 5459 i
1295 5419 1383 5460 ςιιι.

1162 5419 1383 5461 sabball.

1076 5513 1444 5555 ΑιιουκεΜ-υη.

572 5598 815 5650 Raditum
848 5595 1018 5661 populi
1052 5595 1116 5646 de
1142 5591 1403 5661 Babylone
1428 5588 1737 5661 ptued'tcens,
1767 5600 1951 5640 omnes
1978 5586 2041 5661 ad

506 5670 782 5731 gratiarum
829 5658 1078 5731 pro-vocat
1117 5658 1398 5734 aetiu'uem.
1441 5658 1732 5734 l'orﬂtlaria
1764 5666 1935 5734 autem
1982 5658 2046 5708 ti-

505 5726 611 5785 tulo
643 5726 968 5801 prasuoiavit,
1011 5734 1198 5800 quibus
1242 5733 1320 5783 vel
1357 5729 1452 5793 ipsi
1499 5726 1699 5801 amicti,
1753 5727 2045 5801 veleqruut

507 5794 841 5856 snnt'bostcs
866 5794 1048 5855 attriti.
1083 5803 1246 5853 Aliter
1277 5813 1371 5852 vox
1403 5797 1756 5863 apostolorum
1791 5794 1853 5847 ad
1909 5795 2037 5847 l’cu-

2063 3189 2110 3251 C

2154 588 2259 635 mo,
2298 572 2453 624 Vinea
2482 580 2771 641 reparatur,
2801 582 2853 624 et
2884 572 2935 641 in
2963 576 3321 638 oa'tuagesimo
3354 589 3451 641 pro
3478 572 3708 629 torcula-

2153 643 2295 696 ribus
2338 643 2508 709 agitur
2560 658 2572 693 :
2611 639 2871 693 Ersttltate
2916 640 3039 700 Deo.
3069 646 3191 709 quia
3234 639 3511 696 resurrexit
3563 648 3705 698 vinea

2155 714 2303 781 ejus,
2334 712 2566 763 surrexit
2614 711 2775 774 enim,
2806 725 2959 775 quem
2992 714 3368 765 exterminavit
3400 714 3706 768 incredulus

2155 780 2375 854 populus
2407 794 2426 843 ι
2468 780 2633 845 ipsum
2668 781 2845 845 utique
2870 782 3257 844 exterminavit,
3284 783 3372 850 qui
3402 782 3567 836 dixit:
3598 784 3707 854 Ego

2152 866 2261 900 sum
2292 851 2401 902 vitis
2429 865 2565 901 vera.

2751 956 3098 995 EXPLANATIO.

2221 1032 2411 1094 Quinta
2454 1032 2677 1093 sabbati,
2704 1041 2785 1085 est
2830 1033 3007 1099 quinta
3030 1033 3141 1085 dies
3186 1048 3213 1084 a
3244 1032 3489 1095 sabbato,
3515 1049 3631 1099 qu:
3680 1048 3708 1087 ι

2150 1103 2429 1169 gentilibus
2455 1102 2567 1154 dies
2598 1102 2763 1163 lovis,
2794 1118 2821 1153 a
2856 1103 3004 1154 nobis
3033 1105 3207 1168 quinta
3235 1104 3360 1155 feria
3395 1114 3627 1163 vocatur,
3658 1106 3703 1154 in

2154 1187 2254 1239 qua
2284 1172 2414 1223 dixit
2442 1170 2617 1223 Deus:
2651 1171 2948 1223 Producaut
2977 1186 3123 1239 aqua:
3172 1171 3375 1235 reptilia
3413 1176 3700 1225 animarum

2152 1243 2408 1303 vivarum,
2439 1248 2492 1293 et
2516 1240 2745 1292 Volatilia
2776 1242 3003 1293 voluntte
3041 1245 3137 1293 sub
3182 1240 3517 1295 ﬁrmamento
3545 1246 3662 1296 εει·ιί
3691 1264 3701 1295 :

2153 1311 2373 1378 mystice
2394 1309 2692 1379 signiﬁcans
2713 1309 2942 1363 diversae
2966 1311 3169 1361 virtutis
3197 1310 3337 1363 viros
3360 1326 3423 1363 ex
3452 1314 3599 1376 aquis
3624 1315 3701 1363 ba-

2154 1381 2414 1445 ptismatis
2454 1378 2575 1431 esse
2605 1380 2919 1432 nasciturus.
2955 1378 3113 1431 Tituli
3144 1394 3269 1440 ergo
3301 1380 3456 1446 hujus
3484 1382 3700 1433 intentio

2158 1449 2277 1502 talis
2302 1458 2404 1509 est,
2449 1459 2505 1500 ut
2532 1452 2582 1501 in
2611 1447 2770 1500 linem
2821 1450 3058 1517 designet
3090 1448 3366 1501 Dominum
3398 1450 3697 1511 Christum;

2153 1532 2248 1583 pro
2278 1518 2645 1580 torcularibue,
2680 1517 2967 1571 Ecclesiam
3010 1518 3472 1583 persecutionibus
3501 1533 3696 1571 exami-

2157 1598 2363 1648 natam;
2397 1588 2593 1656 Asaph,
2624 1587 3111 1656 congregationem:
3140 1588 3319 1655 quinta
3352 1588 3583 1648 salutati,
3618 1589 3697 1639 ba-

2152 1658 2422 1723 ptismum.
2454 1655 2601 1709 Unde
2624 1654 2887 1724 colligitur
2926 1654 3182 1722 psalmtuu
3216 1658 3265 1708 in
3310 1656 3551 1709 Ecclesia
3601 1656 3696 1710 Do.

2153 1727 2283 1779 mini
2315 1727 2382 1779 de
2432 1736 2735 1793 regenerata
2778 1726 3182 1793 congregatione
3221 1740 3344 1778 esse
3375 1728 3690 1781 locuturum.

2158 1797 2250 1849 llic
2277 1800 2418 1848 enim
2448 1796 2620 1859 Asaph
2653 1794 2717 1847 ad
2752 1794 3024 1846 historiam
3071 1795 3279 1859 quidem
3339 1795 3574 1861 loquitur
3612 1796 3695 1847 Ju-

2152 1864 2299 1922 daeis.
2334 1865 2425 1919 sed
2473 1864 2661 1917 melius
2695 1862 3038 1928 spiritualitcr
3079 1863 3390 1929 intelligitur
3436 1878 3464 1914 a
3514 1867 3695 1931 populo

2148 1936 2454 1987 christiano.
2481 1933 2534 1985 In
2566 1936 2729 1998 prima
2760 1944 2904 1997 parte
2933 1932 3119 1985 l‘salmi
3152 1933 3379 2000 loquitur
3407 1932 3585 1996 Asapb
3627 1938 3682 1983 ri-

2147 2004 2374 2064 delibus,
2404 2014 2458 2055 ut
2483 2018 2574 2069 per
2604 2017 2799 2070 organa
2829 2003 3035 2055 diversa
3062 2003 3384 2054 mmicurum
3420 2016 3692 2065 personent

2150 2074 2330 2126 laudes
2364 2073 2583 2124 Domino
2613 2087 2705 2136 pro
2735 2072 2992 2138 perceptis
3021 2086 3160 2137 saepe
3206 2070 3502 2123 beneficiis.
3537 2074 3589 2123 ln
3619 2089 3693 2126 se-

2145 2143 2313 2195 cunda
2334 2182 2348 2204 ,
2375 2142 2531 2194 verba
2555 2150 2676 2193 sunt
2709 2140 2913 2193 Domini
2952 2141 3319 2193 comminantis
3352 2155 3419 2192 ne
3452 2140 3586 2192 idola
3616 2159 3693 2194 co-

2147 2212 2278 2273 lant,
2311 2212 2399 2263 sed
2429 2212 2541 2277 ipse
2568 2212 2711 2264 solus
2735 2212 3012 2270 adoretur,
3040 2212 3125 2274 qui
3147 2224 3489 2261 remunerare
3512 2211 3687 2264 soleat.

2148 2281 2200 2333 In
2233 2282 2380 2334 tertia
2411 2282 2585 2345 Asaph
2610 2280 2919 2346 teloquitur,
2950 2294 3176 2345 arguens
3211 2278 3461 2331 inﬁdeles
3487 2294 3577 2331 cur
3603 2288 3688 2331 tat—

2148 2354 2285 2405 laces
2310 2350 2624 2413 exstiterint,
2650 2350 2838 2416 quibus
2881 2350 3019 2401 dona
3065 2348 3269 2401 Domini
3322 2350 3432 2401 sint
3486 2352 3689 2419 copiose

2144 2422 2350 2473 col'ata.

2705 2501 3132 2542 CDNIENTAMUS.

2219 2603 2480 2657 Exsultate
2511 2600 2615 2655 Deo
2643 2602 2866 2671 udjntori
2895 2611 3085 2653 nostro.
3110 2600 3317 2653 Titulus
3349 2610 3431 2653 est
3456 2602 3567 2653 talis
3595 2620 3607 2653 :
3635 2603 3685 2655 In

2144 2674 2297 2740 ﬁnem
2346 2689 2436 2739 pro
2468 2674 2805 2724 torcularibus
2850 2672 3022 2739 quinta
3067 2672 3282 2732 sabbati,
3336 2673 3559 2733 psalmus
3602 2675 3686 2740 ipsi

2144 2744 2317 2808 Asaph
2343 2759 2362 2797 :
2391 2744 2477 2809 qui
2506 2743 2582 2794 sic
2610 2741 2913 2809 exponitur.
2951 2741 3070 2792 llzec
3096 2741 3254 2792 verba
3304 2741 3600 2794 referuntur
3637 2761 3681 2797 in

2146 2815 2322 2875 linem,
2354 2828 2469 2879 qua).
2499 2820 2620 2862 sunt
2668 2812 3184 2879 psaltnusrcautaius
3238 2811 3334 2875 ipsi
3393 2814 3587 2875 Asaph,
3635 2814 3681 2865 id

2143 2892 2225 2933 est
2274 2878 2557 2933 Dominiea:
2625 2878 3017 2946 congregationi
3073 2893 3166 2945 pro
3241 2880 3589 2931 torcularibus
3635 2883 3679 2933 in

2143 2950 2320 3016 quinta
2350 2950 2573 3003 sabbati.
2612 2950 2666 3002 ltt
2708 2950 2953 3001 torculari
2987 2959 3109 3000 sunt
3142 2948 3266 3007 duo,
3310 2950 3519 3013 pondus
3547 2951 3675 3003 scili-

2144 3028 2247 3083 cet,
2294 3028 2345 3073 et
2384 3034 2663 3086 pressura;
2719 3029 2769 3072 et
2799 3019 2865 3072 de
2916 3033 3159 3084 pressura
3209 3018 3317 3069 duo
3367 3019 3678 3081 procedunt.

2146 3091 2316 3142 oleum
2348 3090 2550 3143 scilicet
2571 3100 2626 3143 et
2650 3103 2883 3141 amurca.
2912 3092 3094 3139 Uteum
3132 3087 3336 3139 scilicet
3364 3089 3417 3139 in
3442 3092 3677 3151 apotheca

2144 3160 2561 3221 recondendum,
2590 3167 2642 3211 et
2682 3172 2891 3210 amurca
2922 3158 2970 3207 iu
3002 3158 3190 3222 plateis
3218 3158 3600 3208 conculcatida.
3631 3161 3677 3211 ln

2140 3234 2318 3295 quinta
2371 3242 2495 3281 vero
2552 3227 2756 3280 sabbati
2804 3228 2999 3280 creavit
3055 3226 3192 3295 D_eus
3254 3224 3432 3275 titnnia
3493 3227 3677 3287 reptilza

2134 3293 2385 3364 aquarum
2411 3312 2427 3350 :
2456 3299 2573 3363 quia
2597 3297 2775 3364 quinta
2789 3296 2875 3349 die
2890 3296 3044 3364 distt,
3068 3293 3362 3345 Producant
3381 3310 3530 3360 aqua:
3552 3312 3679 3347 omne

2135 3363 2312 3435 reptile
2338 3363 2624 3419 animarum
2641 3367 2926 3418 viventium.
2962 3363 3060 3417 Per
3087 3364 3293 3435 reptilia
3315 3375 3497 3417 autem
3522 3378 3676 3417 creata

2136 3433 2198 3487 ini
2214 3439 2360 3503 aquis
2384 3436 2743 3503 signiﬁcantur
2788 3448 2973 3486 omnes
3018 3447 3151 3496 aqua
3182 3433 3519 3497 baptismatis
3545 3450 3679 3501 rege-

2136 3502 2323 3557 nerati.
2354 3502 2586 3569 Quorum
2618 3504 2826 3568 quidem
2854 3502 2942 3554 alii
2971 3503 3126 3570 digne
3149 3506 3331 3553 vivunt
3364 3516 3679 3556 sacramento

2136 3574 2484 3635 baptismatis,
2516 3585 2568 3626 et
2596 3574 2644 3625 bi
2677 3574 3015 3640 designantur
3067 3586 3161 3635 per
3197 3578 3396 3623 oteum.
3431 3574 3532 3624 Alii
3568 3588 3678 3624 vero

2135 3643 2349 3712 indigne
2407 3645 2588 3695 vivunt
2631 3652 2963 3712 sacramento
3030 3640 3407 3705 baptismatis;
3462 3645 3546 3707 qui
3597 3658 3677 3705 per

2134 3711 2401 3765 auuircam
2432 3713 2817 3781 intelliguntur.
2855 3712 2915 3762 Et
2946 3711 2993 3761 hi
3026 3714 3381 3762 communiter
3414 3722 3534 3762 sunt
3586 3713 3676 3763 Do—

2135 3782 2325 3833 minica
2377 3781 2733 3851 congregatio,
2784 3781 2866 3833 cui
2908 3781 3166 3845 propheta
3218 3782 3483 3851 psalmum
3538 3781 3676 3834 isunn

2134 3860 2309 3901 cantat
2361 3866 2454 3913 pro
2500 3851 2852 3903 torcularibus
2898 3851 3079 3913 quinta
3126 3850 3361 3915 sabbati,
3400 3850 3452 3900 id
3478 3859 3555 3903 est
3597 3864 3679 3914 pro

2135 3934 2381 3982 pressura
2414 3919 2727 3973 intendenda
2754 3928 2807 3971 et
2832 3916 3123 3983 appetenda
3148 3957 3163 3978 ,
3198 3918 3321 3984 quia
3368 3933 3582 3971 neces~e
3608 3930 3681 3970 est

2134 4003 2317 4040 unuies
2347 3991 2431 4054 qui
2466 3990 2549 4052 pie
2568 3991 2742 4041 volunt
2764 3990 2941 4039 vivere
2964 3986 3014 4038 in
3032 3986 3261 4047 Christo,
3295 3988 3407 4053 pati
3442 4002 3677 4053 persecu-

2135 4058 2351 4107 tionem.
2385 4057 2630 4108 l‘tcssura
2656 4059 2775 4110 dico
2800 4065 3082 4119 separante
3127 4071 3214 4109 res
3245 4057 3570 4124 signiﬁcans
3598 4073 3680 4120 per

2137 4141 2220 4176 res
2250 4138 2456 4178 creatas
2482 4127 2529 4177 in
2560 4128 2739 4193 quinta
2765 4127 2986 4187 sabbati,
3022 4128 3123 4193 hoc
3151 4137 3233 4178 est
3262 4141 3358 4178 eos
3390 4128 3552 4190 ipsos.
3573 4128 3678 4193 qui-

2136 4197 2231 4246 bus
2263 4198 2358 4248 ista
2391 4192 2688 4247 mutantur.
2715 4198 2812 4257 Qui
2844 4196 2978 4245 enim
3006 4192 3162 4260 digne
3190 4196 3371 4245 vivunt
3397 4192 3681 4248 sacramen-

2135 4272 2188 4315 to
2247 4265 2620 4330 baptismatis.
2688 4280 2791 4315 non
2840 4262 3225 4330 sublerl’ugiunt
3273 4264 3359 4317 hic
3419 4265 3677 4325 tribulari,

2135 4335 2253 4397 quia
2289 4347 2389 4384 non
2422 4335 2592 4384 solum
2627 4333 2930 4399 aldigtmtur
2981 4333 3218 4395 interius,
3253 4347 3313 4385 se
3360 4335 3507 4398 ipsos
3535 4337 3681 4387 aboe-

2137 4412 2342 4469 gantcs,
2375 4404 2467 4453 sed
2511 4402 2669 4456 etiam
2722 4404 2855 4469 apud
2906 4416 3092 4463 aquam
3134 4404 3591 4459 contradictiouis.
3633 4406 3680 4454 nl

2142 4474 2374 4533 psalmus
2403 4473 2549 4531 dicit,
2578 4474 2881 4539 probantur,
2912 4472 2958 4523 id
2978 4481 3077 4529 est.
3102 4472 3339 4523 exterius
3361 4472 3673 4539 afﬂiguntur.

2067 4523 2113 4577 Ῑ)
2142 4523 2237 4604 Qui
2270 4556 2392 4591 vero
2424 4523 2634 4610 indigine
2665 4541 2845 4592 vivunt
2867 4523 3199 4593 sacramento
3230 4523 3580 4610 baptism-ftis.
3613 4542 3679 4593 illi

2144 4611 2353 4675 quidem
2382 4608 2579 4661 malunt
2611 4610 2697 4663 hic
2724 4611 2969 4661 delectari
3013 4624 3169 4675 quant
3197 4608 3461 4661 tribulari.
3510 4610 3569 4661 Et
3593 4613 3679 4661 huc

2146 4682 2302 4731 modo
2333 4695 2425 4747 per
2450 4694 2752 4747 pressuram
2783 4680 2833 4732 in
2869 4679 3107 4743 prmsenti
3138 4690 3493 4741 separantur:
3523 4680 3570 4731 in
3610 4677 3679 4728 lu-

2147 4758 2262 4801 lttrtt
2280 4765 2406 4802 vero
2420 4750 3045 4815 penitusseparabuntur,
3062 4749 3274 4816 quando
3287 4749 3470 4799 oleum
3499 4750 3544 4800 in
3566 4762 3677 4812 apo-

2145 4821 2355 4869 thecam
2409 4819 2729 4871 Dominicatn
2758 4819 3093 4884 etiquabitur,
3126 4832 3340 4869 amurca
3372 4833 3503 4869 vero
3539 4826 3679 4869 ater-

2148 4890 2335 4938 naluer
2355 4889 2707 4939 conculcwda
2741 4888 3000 4949 e;icietur.
3028 4887 3157 4938 Ecce
3185 4890 3361 4936 lumen
3395 4887 3579 4951 psalmi
3597 4900 3679 4936 an-

2146 4956 2391 5016 divunus,
2420 4956 2695 5017 intremus,
2720 4956 3011 5012 audiamus.
3029 4954 3369 5021 gaudeamus,
3397 4956 3677 5017 timeamus,

2148 5023 2428 5094 fugiamus,
2457 5037 2761 5094 appetantus
2786 5043 2797 5076 :
2828 5027 2945 5091 quia
2974 5028 3082 5077 hate
3111 5024 3163 5075 in
3189 5025 3394 5088 psalmo
3417 5025 3677 5076 invenian-

2148 5104 2250 5166 tur.
2287 5098 2582 5166 Atloquttur
2609 5110 2781 5148 autem
2826 5099 3075 5162 prOptteta
3106 5094 3248 5160 prius
3289 5094 3487 5155 oleum,
3511 5094 3677 5146 dicens

2148 5174 2213 5214 Ila
2243 5183 2253 5215 ζ

2222 5232 2485 5287 Exsultate
2517 5234 2641 5287 Deo.
2665 5233 2822 5297 Quasi
2844 5231 2983 5284 dicat
3008 5250 3019 5282 :
3050 5229 3197 5283 Circa
3226 5245 3320 5284 vos
3341 5242 3465 5285 sunt
3489 5231 3572 5301 qui
3593 5245 3676 5285 ex-

2148 5305 2345 5357 sultant
2392 5308 2588 5356 mundo
2638 5302 2905 5370 deceptori
2953 5312 3005 5353 et
3049 5302 3305 5355 desertori
3335 5317 3452 5362 suo,
3481 5304 3676 5370 quidam

2148 5374 2304 5425 etiam
2335 5374 2503 5427 ventri
2551 5374 2653 5427 deo
2682 5369 2817 5425 suo:
2865 5385 2957 5422 rus
2981 5383 3175 5433 autem,
3204 5386 3237 5422 ο
3279 5387 3405 5425 vere
3434 5369 3677 5423 dominia

2149 5450 2507 5511 congregatio,
2541 5446 2785 5495 exsultate
2833 5439 2956 5501 Deo,
2986 5441 3043 5511 id
3062 5449 3164 5511 est,
3195 5455 3323 5511 cum,
3345 5442 3488 5492 omni
3513 5439 3674 5511 latitia

2150 5506 2547 5580 aggiatulantitti
2583 5512 2710 5572 Deo,
2756 5526 2856 5561 nou
2890 5510 3102 5571 tnundo,
3136 5510 3266 5572 Deo,
3298 5510 3443 5569 dico,
3467 5506 3675 5578 adjutori

2152 5591 2340 5633 nostro.
2384 5583 2515 5635 Cum
2546 5581 2672 5632 dicit
2698 5580 2918 5645 adjutori
2953 5590 3152 5639 nostro,
3205 5594 3303 5633 nec
3334 5580 3565 5641 ingratus
3586 5585 3677 5645 est

2152 5653 2352 5717 gratim,
2401 5666 2495 5703 nec
2525 5651 2657 5701 tollit
2683 5644 2882 5702 arbitrii
2924 5651 3241 5703 libertatem.
3281 5644 3672 5717 Jubilateetiatn

2154 5714 2282 5780 Deo,
2315 5714 2401 5787 qui
2434 5734 2555 5774 vere
2588 5720 2720 5773 Deus
2744 5730 2823 5772 est
2853 5717 3030 5779 Iacob,
3057 5718 3317 5785 posterius
3358 5718 3488 5775 nati,
3513 5714 3561 5787 id
3584 5723 3673 5768 est,

2155 5785 2559 5857 populigralizu.
2590 5788 2747 5854 Quasi
2772 5790 2905 5843 dicat
2933 5807 2942 5840 :
2972 5788 3108 5857 quod
3143 5793 3381 5852 potentes
3404 5785 3653 5849 explicate
