3898 6226
454 384 555 439 927

456 564 805 634 intelligerent
826 568 1079 620 habentes
1102 567 1256 619 tidem
1280 580 1395 630 quia
1424 571 1603 634 postea
1626 564 1855 634 revelata
1883 574 1982 616 est.

456 640 515 691 lli
540 632 664 705 ergo
690 653 781 703 per
802 638 1038 702 spiritum
1065 634 1428 705 nmvidentes,
1454 632 1589 698 quod
1611 632 1711 705 ille
1737 634 1822 705 qui
1850 634 1991 705 prius

459 725 552 775 pcr
596 702 956 761 i'ntirntitatcin
989 706 1204 775 veniens
1233 704 1467 755 occultus
1494 719 1507 764 ;
1538 703 1655 775 quia
1679 702 1993 775 judicandus

460 771 635 829 inultis
664 778 937 830 assimilari
971 773 1153 834 voluit,
1187 774 1238 825 in
1283 780 1481 823 tantum
1508 771 1644 836 quod
1685 774 1840 824 etiam
1871 787 1990 826 cum

458 848 649 913 iniquis
674 856 943 909 reputatus
975 845 1091 896 fuit.
1118 845 1181 913 Et
1202 841 1321 909 quia
1352 842 1514 913 multa
1543 840 1821 907 opprobria
1853 841 1988 913 tulit,

450 926 504 967 et
538 911 688 969 nobis
732 915 1036 977 patientiam
1084 911 1313 975 reliquit,
1361 912 1438 963 sic
1479 913 1687 965 tandem
1718 914 1784 963 sit
1814 911 1995 964 mani-

452 984 585 1038 feste
616 992 888 1045 venturus,
919 983 1059 1052 quod
1092 982 1266 1052 nullus
1293 982 1451 1052 etiam
1482 981 1682 1042 piorum
1712 982 1758 1052 ei
1787 979 1992 1033 assimi-

452 1055 664 1107 labitur.
698 1053 761 1106 Et
804 1051 1025 1106 tuncisit
1069 1068 1166 1107 nos
1212 1051 1561 1119 iudicaturus.
1601 1060 1653 1103 et
1692 1051 1757 1102 ab
1792 1063 1993 1119 oppro-

456 1124 585 1176 briis
615 1122 815 1175 cunctis
846 1116 1353 1183 Iiberaturusflta'c.
1387 1121 1615 1185 inquam,
1644 1116 1994 1182 praevidentes

453 1195 862 1259 apgratoiantur,
891 1204 941 1244 et
979 1193 1044 1246 ad
1094 1192 1231 1244 idem
1275 1206 1369 1242 nos
1398 1190 1758 1259 exhortamur,
1789 1198 1841 1242 et
1871 1204 1994 1242 can-

453 1271 583 1322 tant,
617 1264 682 1314 ita
712 1263 982 1316 dicentes:
1009 1264 1052 1314 0
1084 1259 1218 1314 Deus
1263 1260 1482 1313 veniens
1530 1258 1785 1321 occultus,
1832 1260 1991 1312 etiam

454 1347 573 1384 cum
635 1334 825 1399 iniquis
876 1340 1144 1397 reputatus
1184 1328 1365 1391 fuiSti;
1412 1336 1746 1399 cumjautem
1776 1344 1993 1399 attinens

455 1396 787 1463 manifestus,
813 1396 947 1468 quis
969 1401 1127 1454 etiam
1160 1402 1360 1465 piorum
1390 1399 1484 1468 erit
1521 1397 1607 1449 tibi
1635 1396 1858 1468 similis?
1889 1402 1993 1450 uti-

453 1486 557 1538 que
581 1472 774 1534 nullus,
804 1466 922 1537 quia
955 1481 1073 1524 tunc
1104 1471 1259 1523 etiam
1285 1467 1453 1533 angeli
1478 1474 1729 1537 tremeat.
1765 1466 1846 1519 Ne
1868 1483 1995 1534 ergo

453 1550 576 1591 tunc
616 1545 802 1599 (areas,
850 1556 1008 1605 neque
1030 1538 1381 1602 compescaris,
1418 1546 1468 1589 tit
1509 1538 1594 1599 qui
1628 1551 1749 1588 vere
1778 1551 1995 1603 appare-

451 1608 533 1661 liis
562 1609 717 1672 Dens,
750 1612 882 1662 sicut
911 1611 1057 1673 prius
1083 1606 1267 1667 fecisti,
1301 1622 1418 1659 cum
1447 1605 1709 1658 videbaris
1736 1607 1992 1658 iulirinus.

452 1678 692 1744 Quandiu
738 1678 875 1730 enim
926 1678 974 1731 in
1008 1678 1311 1731 inlirmitate
1348 1676 1549 1743 positus
1577 1675 1691 1742 fuit,
1736 1686 1993 1742 prazcepta

450 1748 663 1814 quidem
689 1747 855 1809 dedit,
889 1749 978 1801 sed
1007 1764 1035 1801 a
1069 1748 1297 1801 vindicta
1327 1747 1507 1800 tacuit.
1545 1745 1835 1798 Potentiam
1861 1763 1990 1811 quo—

836 412 846 423 ε
901 378 1101 435 ΒΕυᾹΞ
1144 375 1584 432 VENERADILIS
1624 378 1769 434 (-l’P.
1814 377 1985 433 PARS
2026 380 2086 433 ll.
2128 379 2317 433 SECT.
2362 379 2421 431 Il.
2454 411 2519 420 —
2565 379 2758 433 DUBI.‘
2805 377 2885 431 ET
2926 377 3189 431 SPUllH.

450 501 775 568 gratulatur;
822 514 924 549 non
955 497 1091 551 enini
1119 495 1403 568 defuerunt
1435 493 1501 546 de
1547 493 1872 568 populo_illo
1900 496 1985 559 qui
2023 499 2060 555 Α
2091 494 2319 568 carnalis
2361 494 2566 548 animus
2620 493 2847 563 suggerit
2874 534 2888 555 ,

3546 376 3654 433 935

2963 494 3182 560 impii-re
3230 505 3493 564 satagunt.
3547 496 3647 552 Se-

2094 567 2307 631 quitur:

2169 631 2315 683 .lloab
2358 641 2403 683 et
2430 633 2663 699 Agareni,
2705 630 2861 684 σίδαι
2899 643 2945 683 et
2994 637 3201 689 Ammon
3230 644 3275 684 et
3322 634 3579 698 Amalech,
3603 649 3653 691 et

2093 702 2389 769 alienigein
2436 718 2550 751 cum
2580 702 2915 774 habitantibus
2948 702 3155 773 Tyrum.
3206 703 3359 756 Moab
3388 708 3646 774 interpre-

2095 780 2231 822 tatur
2261 786 2323 821 επ
2353 779 2527 833 patre:
2572 773 2691 842 quia
2719 787 2836 842 Aper
2862 773 3163 828 abusionem
3198 776 3326 842 legis
3354 790 3415 827 ex
3449 773 3546 827 avo
3594 786 3652 831 et

2092 854 2277 893 sorore
2311 851 2462 893 natus
2484 849 2585 894 est.
2618 840 2818 893 Dicitur
2856 851 3011 894 etiam
3039 840 3267 898 abutens
3287 842 3421 905 lege,
3454 846 3647 900 etideo

2094 924 2190 975 per
2230 925 2348 962 eum
2404 910 2680 962 abutentes
2728 909 2843 975 lege
2869 920 2970 962 tam
3003 915 3225 966 naturali
3253 928 3410 979 quam
3455 916 3645 977 scripta

2099 978 2479 1050 intelliguntur,
2512 978 2580 1031 de
2623 979 2813 1050 quibus
2844 990 3005 1050 patet,
3051 985 3185 1050 quod
3228 978 3354 1036 vere
3381 986 3645 1039 utentibus

2096 1048 2210 1122 lege
2237 1057 2356 1122 sunt
2384 1049 2653 1122 contrarii.
2688 1050 2911 1122 Agareni
2934 1048 3345 1122 interpretantur
3372 1056 3641 1122 prnselyti,

2094 1119 2175 1171 vel
2206 1120 2437 1170 atlvenzi-.
2467 1117 2724 1188 Prose'yti
2747 1128 2921 1171 autem
2952 1120 3280 1183 dicebantur,
3306 1117 3395 1188 qui
3422 1122 3487 1174 de
3518 1117 3641 1188 peti;

2096 1188 2282 1241 tilitate
2303 1190 2353 1241 in
2386 1190 2513 1241 ritus
2540 1187 2842 1241 .lnduiorum
2883 1187 3343 1257 couyertebantur,
3368 1203 3421 1244 et
3457 1194 3643 1245 intelli-

2101 1269 2294 1324 guntur
2318 1274 2408 1323 per
2438 1258 2565 1310 isms
2597 1259 2689 1318 illi,
2718 1260 2804 1325 qui
2834 1262 3111 1314 occasione
3152 1263 3373 1315 nocendi
3404 1264 3571 1314 alieno
3595 1274 3646 1316 et

2094 1329 2375 1379 adventitio
2400 1328 2575 1378 animo
2602 1328 2652 1379 in
2681 1330 2871 1393 p0pulo
2896 1328 2984 1379 Dei
3015 1343 3417 1384 conversantur.

2166 1395 2326 1447 Gelial
2358 1413 2483 1447 vana
2508 1398 2649 1449 vallis
2682 1398 3070 1465 interpretatur.
3134 1402 3293 1453 Vallis
3322 1412 3403 1453 est
3437 1399 3649 1452 humili-

2098 1474 2175 1515 tas
2207 1468 2459 1529 superlia;
2512 1467 2720 1531 quidam
2752 1470 2893 1520 enim
2929 1470 3275 1522 humilitatem
3308 1472 3539 1522 exterius
3564 1471 3646 1523 si-

2096 1537 2315 1606 mulant,
2376 1546 2425 1587 et
2474 1536 2771 1606 superbiam
2830 1537 2880 1589 in
2912 1539 3071 1590 corde
3115 1550 3345 1606 gestant,
3379 1541 3427 1590 in
3457 1540 3641 1605 quibus

2098 1604 2366 1674 multiplex
2399 1614 2480 1656 est.
2506 1605 2774 1673 iniquitas,
2806 1608 2921 1674 quia
2953 1604 3191 1660 simulata
3245 1604 3505 1670 iniquitas.
3549 1609 3641 1660 du-

2096 1673 2211 1745 plex
2242 1683 2322 1725 est
2349 1673 2613 1745 iniquitas.
2649 1673 2871 1727 Ammon
2900 1680 3115 1745 populus
3148 1680 3392 1738 maeroris,
3444 1678 3521 1731 vel
3549 1696 3638 1739 po—

2095 1744 2242 1813 pultis
2264 1744 2488 1794 turbidus
2517 1742 2922 1809 interpretatur;
2956 1742 3008 1799 et
3040 1747 3156 1800 ideo
3185 1765 3275 1813 per
3320 1750 3537 1800 Ammon
3572 1749 3640 1799 illi

450 1812 552 1876 oue
582 1833 691 1871 sum
719 1818 1008 1871 divinitatis
1052 1818 1399 1887 compescuit,
1429 1815 1637 1887 quando
1672 1828 1885 1887 carnem
1939 1816 1989 1867 in
2028 1828 2070 1887 Β
2100 1812 2475 1887 intelliguntur,
2530 1814 2616 1880 qui
2670 1815 3047 1887 deainissione
3079 1812 3441 1884 temporalium
3492 1818 3640 1871 nimis

448 1902 604 1952 quam
636 1890 897 1951 saavirent,
932 1888 1154 1942 inimicis
1183 1885 1443 1953 Opposuit.
1472 1885 1576 1937 Nisi
1599 1884 1823 1953 euimrse
1853 1898 1991 1936 com»

523 1966 650 2017 scat,
685 1960 892 2024 quando
920 1952 1229 2021 caperetur.
1250 1964 1548 2024 teneretur,
1580 1952 1995 2024 cruciﬁgeretur.

477 2026 545 2095 llo
577 2022 717 2080 enim
749 2029 1118 2093 respondente,
1164 2026 1271 2095 Ego
1291 2042 1400 2077 sum
1424 2039 1443 2077 :
1484 2023 1559 2075 illi
1586 2022 1821 2095 qiti_eum
1863 2040 1998 2091 qua:-

448 2094 641 2159 rebant,
674 2091 944 2150 retrorsum
979 2091 1226 2149 abierunt'
1240 2104 1283 2148 et
1323 2096 1624 2146 ceciderunt.
1661 2091 1791 2145 Cum
1821 2105 1993 2146 autem

448 2167 655 2218 venerit
689 2167 737 2218 in
772 2167 1068 2228 manifesto,
1103 2176 1223 2219 tunc
1256 2164 1434 2229 utique
1461 2178 1561 2217 non
1605 2161 1791 2215 tacebit
1819 2177 1847 2213 a
1883 2164 1997 2214 vin-

453 2232 613 2295 dicta,
647 2249 744 2287 nec
771 2238 1083 2299 repritnetur
1110 2235 1225 2303 ejus
1254 2233 1505 2301 potentia.

524 2304 774 2368 Quoniam
812 2322 921 2357 ecce
949 2301 1236 2358 iiiimici'tui
1272 2310 1565 2363 sonuerunt,
1591 2310 1636 2353 et
1663 2301 1749 2362 qui
1789 2304 2000 2354 oderunt

448 2383 495 2425 te
522 2374 803 2427 extulerunt
824 2384 992 2440 caput.
1007 2375 1171 2442 Super
1190 2375 1432 2442 populum
1449 2384 1585 2424 luunt
1602 2370 1999 2442 maligiiaijerunt

448 2445 731 2507 consilium,
752 2454 796 2495 et
807 2440 1145 2513 coqitaverunt
1158 2440 1392 2497 adversus
1403 2452 1737 2513 sanetostuos:
1754 2440 1881 2504 Quia
1896 2441 2000 2493 duo

451 2512 719 2579 praemisit,
749 2514 851 2565 duo
869 2508 1026 2568 etiam
1060 2515 1249 2568 reddit.
1295 2512 1452 2577 Quasi
1476 2512 1646 2563 dicat:
1681 2508 1803 2562 Ideo
1828 2525 1889 2561 ne
1922 2522 2000 2561 Ia-

450 2598 565 2634 ceas
614 2592 754 2644 tunc,
787 2586 1022 2649 quoniam
1064 2585 1253 2636 inimici
1294 2582 1367 2632 tui
1394 2582 1533 2647 prius
1570 2595 1672 2631 non
1703 2590 1997 2649 tacuerunt,

448 2651 541 2704 sed
568 2648 839 2704 sonuerunt
864 2663 1044 2707 contra
1086 2663 1138 2706 te
1179 2662 1233 2707 et
1278 2662 1425 2715 tuos,
1467 2651 1584 2703 ideo
1622 2648 1795 2718 potius
1830 2650 1999 2717 ponit,

446 2732 737 2775 sonuerunt
765 2738 942 2790 quam,
974 2733 1277 2787 tacuerunt;
1308 2721 1428 2788 quia
1485 2730 1658 2773 tacere
1686 2734 1789 2771 non
1813 2721 2001 2774 dicitur

450 2792 547 2863 nisi
576 2803 690 2854 post
718 2795 1051 2857 locutionem,
1076 2795 1215 2860 quod
1248 2802 1421 2845 autem
1467 2790 1892 2863 iirationabiliter
1916 2790 1968 2863 di
2007 2853 2017 2863 κ

450 2860 608 2918 citur.
638 2877 741 2913 non
789 2873 868 2913 est
897 2859 1173 2917 dicendum
1204 2862 1422 2920 locutio,
1453 2861 1542 2912 sed
1575 2873 1754 2912 sonus.
1789 2862 1851 2910 Et
1882 2859 1999 2914 ideo

448 2946 511 2981 ne
555 2934 884 2999 compescaris
910 2942 1053 2998 tunc,
1094 2933 1213 2999 quia
1252 2931 1337 2998 qui
1365 2931 1573 2982 oderunt
1603 2939 1669 2989 te,
1718 2929 2001 2983 extulerunt

449 3010 623 3066 caput,
652 3000 699 3052 id
722 3011 804 3055 est
833 3003 988 3055 nimis
1009 3002 1234 3069 superbe
1262 3008 1546 3053 erexerunt
1570 3014 1627 3051 se
1655 3010 1835 3051 contra
1870 3010 1920 3052 te
1946 3010 1998 3069 et

450 3078 587 3123 tuos.
622 3070 770 3123 Nunc
797 3084 950 3138 caput
994 3067 1088 3138 pro
1118 3083 1292 3126 mente
1334 3069 1608 3137 accipitur.
1632 3069 1687 3123 Si
1734 3078 1909 3121 autem
1934 3067 1997 3121 ad

449 3140 731 3192 novissima
775 3152 1009 3209 tempora
1039 3142 1137 3194 hoc
1184 3141 1378 3195 referre
1426 3140 1669 3202 velimus,
1722 3153 1815 3209 per
1842 3148 1997 3205 caput

447 3208 827 3279 Anticliristuin
859 3207 1099 3278 accipere
1130 3225 1426 3279 possumus.
1459 3213 1531 3261 De
1570 3224 1675 3274 quo
1703 3207 1829 3260 dicit
1860 3213 1995 3272 Apo-

446 3278 647 3333 stolus:
680 3280 827 3342 Quod
858 3278 1302 3348 extollitursuper
1326 3296 1490 3338 omne,
1523 3284 1652 3345 quod
1680 3279 1882 3338 dicitur,
1914 3289 1999 3331 aut

447 3350 582 3413 quod
613 3349 796 3400 colitur
829 3349 980 3401 Deus.
1007 3351 1069 3403 Et
1101 3364 1226 3404 ecce
1248 3349 1417 3417 (quasi
1442 3348 1599 3412 dicat)
1625 3349 1886 3413 quomodo
1912 3363 1999 3399 so-

450 3427 698 3482 nuerunt,
751 3420 1018 3484 quoniodo
1062 3427 1220 3487 caput
1271 3419 1605 3479 extulerunt;
1650 3417 1849 3469 scilicet
1879 3417 1997 3487 quia

445 3488 712 3541 consilium
740 3486 1161 3558 malignaverunt,
1195 3489 1244 3544 id
1282 3499 1361 3543 est
1393 3488 1679 3558 malignum
1722 3486 1998 3558 Consilium

446 3558 759 3612 invenerunt
818 3555 966 3628 super
1013 3563 1255 3627 populum
1296 3570 1456 3628 tuum,
1508 3568 1561 3609 et
1592 3556 1709 3606 ideo
1736 3555 1995 3607 consiliati

452 3638 594 3695 sunt,
625 3630 747 3697 quia
796 3626 940 3696 prius
988 3626 1326 3696 cogitaverunt
1377 3626 1617 3678 adversus
1645 3633 1997 3697 sanctostuos.

452 3697 583 3760 Οιὶᾰ
636 3694 810 3751 autem
862 3694 1140 3751 va'uerunt
1194 3698 1443 3749 adversus
1509 3696 1627 3748 illos
1687 3696 1771 3759 qui
1825 3694 2000 3750 dicere

446 3776 733 3819 noverunt:
791 3767 851 3821 Si
904 3768 1037 3820 Deus
1067 3784 1158 3835 pro
1186 3766 1347 3831 nobis,
1374 3766 1486 3834 quis
1507 3775 1685 3817 contra
1708 3765 1836 3817 nos?
1862 3764 2000 3821 Nihil

444 3846 638 3900 tuique.

517 3904 787 3969 Dixerunt,
814 3908 991 3960 venite.
1017 3907 1445 3977 Malignaveruiit,
1462 3905 1669 3977 inquam
1682 3944 1693 3965 ,
1709 3904 1995 3977 consilium,

443 3982 495 4023 ct
527 3984 640 4042 post
682 3978 956 4029 c0nsi|ium
986 3971 1234 4030 dixerunt
1260 3978 1395 4029 alter
1420 3976 1482 4025 ad
1514 3971 1767 4026 alterum:
1825 3971 2000 4025 Venite

441 4054 489 4095 et
520 4045 865 4112 disperdomus
891 4048 953 4099 de
976 4056 1118 4115 gente
1141 4055 1315 4099 nostra
1347 4060 1429 4115 eos
1455 4043 1808 4115 despectione.
1841 4043 1998 4115 Quasi

443 4116 819 4182 dicatz'Viles,
856 4114 1249 4178 abominabiles,
1284 4126 1330 4167 et
1372 4114 1439 4165 ita
1470 4114 1831 4181 disperdanius
1860 4114 1998 4179 quod

445 4201 545 4236 non
589 4199 907 4252 memoratur,
964 4188 1011 4239 id
1043 4199 1142 4248 εει,
1173 4189 1310 4254 quod
1355 4200 1453 4237 nec
1483 4186 1533 4237 in
1584 4183 1832 4235 memoria
1862 4185 1998 4234 ultro

446 4254 477 4304 lt
499 4255 717 4319 -boatur,
748 4258 845 4310 hoc
876 4273 1051 4310 nomen
1085 4255 1248 4307 Israel
1277 4254 1561 4307 secundum
1594 4254 1769 4314 tidem,
1795 4266 1999 4306 uonse-

446 4325 670 4377 cundum
701 4341 931 4385 carnem,
971 4326 1020 4377 id
1051 4337 1149 4385 est,
1182 4325 1522 4377 christianum
1550 4339 1760 4377 nomen.
1995 4327 2020 4345 ‘

521 4395 768 4457 Quoniam
788 4395 1127 4463 cogitaverunt
1149 4395 1466 4445 unanimiter.
1493 4393 1613 4446 Ideo
1633 4393 1729 4445 hoc
1755 4392 1997 4447 dixerunt

449 4478 654 4523 omnes,
683 4468 919 4532 quoniam
953 4465 1096 4531 prius
1124 4464 1445 4521 unanimiter,
1480 4463 1528 4514 id
1558 4470 1659 4517 est.
1689 4476 1871 4513 omnes
1900 4466 1997 4515 hoc

448 4511 807 4600 cogitaverant.
836 4536 893 4587 Et
922 4511 1042 4602 quia
1066 4548 1249 4586 omnes
1280 4511 1659 4599 cogitaverunt,
1686 4532 1804 4582 ideo
1824 4534 1993 4595 simul,
2024 4511 2075 4571 Ῐ)

449 4604 497 4655 id
529 4613 627 4666 est,
656 4618 839 4656 omnes
866 4604 1217 4669 disposuerunt
1252 4610 1618 4662 testamentum,
1678 4602 1726 4653 id
1763 4611 1859 4662 est,
1916 4618 2003 4668 pa-

449 4688 587 4724 ctum
632 4674 937 4738 praedictum
983 4674 1211 4726 scilicet:
1253 4674 1426 4727 Venite
1464 4672 1816 4737 disperdamus
1863 4688 1998 4733 eum,

443 4753 548 4794 ctr.
567 4743 960 4797 Testamentum
984 4741 1121 4795 enim
1158 4758 1260 4795 non
1284 4744 1452 4795 solum
1478 4752 1693 4793 vot'atur
1720 4741 1845 4793 illud
1864 4744 2000 4808 quod

445 4813 585 4864 valet
612 4815 831 4867 mortuis
872 4813 1334 4874 contestatoribus,
1360 4811 1449 4863 sed
1473 4812 1630 4863 etiam
1660 4812 2003 4879 quodcunque

447 4894 653 4949 pactum
681 4884 815 4949 quod
846 4883 1084 4936 homines
1107 4884 1442 4948 paciscuntur
1466 4883 1601 4931 inter
1620 4897 1697 4932 se.
1728 4881 2001 4950 Disposue-

446 4962 584 5011 runt,
610 4954 841 5017 inquam,
862 4962 1228 5013 testamentum,
1249 4960 1301 5002 et
1320 4952 1415 5001 hoc
1428 4949 1678 5000 adversus
1710 4959 1759 5001 te
1784 4960 1834 5001 et
1862 4958 1999 5017 tuos.

448 5023 545 5086 Qui
574 5014 749 5073 autem
791 5014 889 5074 hoc
931 5021 1201 5075 fecerunt?
1230 5020 1623 5073 tabernaculum
1675 5019 1896 5083 scilicet,
1949 5014 1999 5073 id

450 5102 552 5153 est,
582 5092 779 5142 lllllllliB
829 5092 1197 5151 ldumteoruin,
1229 5100 1283 5145 et
1317 5089 1590 5142 lstnaelilat
1631 5103 1751 5139 (um
1796 5090 2000 5142 caiteris

450 5160 809 5227 sequentibus.
866 5162 996 5212 Ecce
1049 5161 1289 5212 collectio
1338 5159 1547 5226 maligni
1595 5158 1874 5221 exercitus,
1909 5161 1995 5224 qui

450 5234 697 5296 popumm
745 5229 834 5282 Dei
861 5230 1206 5297 persequitur.
1256 5231 1351 5283 Per
1380 5228 1839 5293 interpretationes
1871 5242 1998 5296 ergo

450 5301 739 5363 nominum,
768 5312 958 5367 quinta
994 5300 1186 5351 malitia
1230 5303 1297 5351 sit
1326 5299 1649 5365 singulorum
1695 5298 1985 5367 videamus.

453 5372 659 5423 Idumaei
710 5361 1116 5437 interpietantur
1172 5361 1455 5436 sanguinei,
1506 5368 1616 5421 sire
1658 5361 1852 5420 terreni.
1902 5367 1999 5437 Per

450 5442 897 5508 ldumaiositaquc
929 5440 1285 5502 intelliguntur
1309 5438 1402 5492 illi.
1425 5440 1509 5503 qui
1538 5453 1638 5489 non
1662 5454 1722 5489 ex
1752 5438 1879 5497 Deo,
1906 5436 1995 5489 sed

446 5527 511 5562 ex
541 5513 879 5577 sanguinitius
902 5521 953 5562 et
973 5524 1033 5561 ex
1062 5508 1327 5559 voluntate
1348 5522 1539 5565 carnis,
1569 5509 1665 5559 hoc
1687 5522 1761 5559 εει
1782 5510 1867 5574 qui
1894 5522 1995 5558 non

452 5583 809 5647 spiritualitcr,
837 5581 925 5632 sed
960 5578 1240 5629 carnaliter
1265 5578 1368 5647 nati
1396 5586 1534 5647 sunt,
1562 5587 1613 5628 et
1634 5578 1998 5647 concupiscen—

451 5646 533 5699 ωε
564 5654 758 5709 carnis,
808 5658 858 5700 et
888 5659 1099 5701 terreno
1122 5646 1381 5700 desiderio
1422 5646 1526 5696 dati
1561 5656 1695 5697 sunt.
1726 5646 1997 5698 lsmaelita:

454 5732 576 5766 vero
639 5719 945 5770 obedietites
1016 5718 1114 5769 sibi
1180 5718 1607 5781 interpretantur.
1679 5716 1997 5767 Ubedientes

456 5795 620 5837 autem
664 5788 760 5839 sibi
792 5788 875 5848 qui
906 5787 1097 5841 rectius
1146 5786 1245 5840 dici
1292 5794 1526 5854 possunt,
1560 5799 1711 5852 quiut
1745 5785 1993 5853 quidquid

2028 3174 2075 3239 C

2101 1881 2516 1950 contristantur,
2576 1894 2665 1935 aut
2726 1886 2790 1936 de
2844 1885 3124 1950 adeptione
3183 1881 3335 1939 nimis
3382 1887 3649 1940 innititur.-

2104 1948 2315 2021 Amalec
2342 1952 2534 2021 (ingens
2558 1962 2742 2005 terram
2772 1948 3175 2020 interpretatur:
3199 1972 3361 2019 quare
3384 1972 3473 2019 per
3496 1958 3643 2007 Arna-

2100 2018 2181 2093 le_c
2214 2018 2747 2093 terreiia'appetentes
2775 2034 2829 2077 et
2856 2018 3090 2079 amantes
3114 2018 3477 2093 designantur.
3512 2029 3643 2079 Alie-

2102 2088 2318 2166 nigenas
2370 2106 2463 2156 pro
2501 2091 2816 2166 Pttilistlimis
2869 2095 2947 2166 vel
2987 2088 3265 2165 al'lopbylis
3313 2097 3511 2162 po~uit,
3564 2102 3643 2163 qui

2101 2162 2514 2230 interpretantur
2560 2162 2768 2228 potione
2810 2162 3085 2216 cadentes:
3147 2162 3237 2230 per
3288 2166 3383 2217 hos
3421 2182 3540 2229 ergo
3571 2162 3643 2217 in-

2102 2229 2406 2291 telliguutur
2439 2232 2532 2293 illi,
2561 2246 2691 2298 quos
2730 2233 2958 2286 ebrietas
3008 2235 3236 2286 carnalis
3283 2234 3634 2288 delectationis

2103 2298 2307 2364 penitus
2331 2300 2625 2363 infamavit,
2647 2312 2698 2354 et
2725 2301 2982 2356 excedere
3005 2317 3062 2356 se
3085 2305 3225 2356 fecit.

2173 2368 2341 2439 Tyrus
2384 2369 2636 2424 llebraice
2682 2371 2869 2424 dicitur
2901 2371 3019 2437 Sor,
3063 2382 3117 2425 et
3146 2374 3248 2427 Sor
3274 2374 3638 2439 interpretatur

2101 2436 2483 2511 tribulatio‘vel
2533 2442 2784 2504 angustia.
2816 2436 3039 2511 Possunt
3067 2457 3194 2511 ergo
3223 2459 3315 2507 per
3348 2436 3534 2510 Tyrum
3565 2458 3641 2495 ac-

2102 2506 2207 2571 cipi
2234 2508 2324 2570 illi,
2355 2508 2420 2563 de
2462 2511 2649 2575 quibus
2676 2510 2956 2573 Apostolus
2988 2513 3111 2565 dicit
3129 2506 3152 2566 Ξ
3172 2506 3453 2565 Tribulaiio
3478 2526 3526 2564 et
3551 2530 3639 2565 (υιο

2100 2579 2267 2649 gustia
2288 2579 2338 2631 in
2363 2595 2557 2633 omnem
2572 2580 2790 2632 animam
2812 2582 3025 2634 hominis
3048 2582 3300 2649 aperantis
3320 2588 3523 2634 malum.
3549 2585 3643 2634 lla-

2104 2646 2329 2701 bitantes
2382 2665 2505 2703 vero
2532 2649 2860 2720 Tyruiurilli
2901 2646 3174 2713 dicuntur,
3216 2654 3307 2720 qui
3341 2653 3553 2705 studiosi
3593 2665 3643 2705 ct

2104 2729 2497 2782 perseverantes
2527 2719 2579 2772 iu
2609 2719 2852 2787 operibus
2892 2719 3247 2775 tribulationis
3298 2732 3355 2779 et
3396 2724 3639 2790 augusti:

2172 2855 2372 2910 Etenim
2411 2860 2568 2911 Assur
2595 2859 2723 2912 venit
2761 2874 2875 2911 cum
2914 2858 3040 2915 illis.
3089 2859 3210 2915 Ideo
3243 2859 3294 2913 lii
3326 2876 3507 2913 omnes
3551 2862 3637 2914 ad-

2104 2940 2285 2998 versus
2327 2940 2397 2993 te,
2432 2930 2669 2995 Domine,
2702 2940 3069 2984 tesmmentum
3101 2932 3489 2998 disposuerunt,
3522 2933 3633 2997 quia

2101 2995 2388 3064 principem
2421 3002 2611 3051 malum
2644 2998 2957 3053 habuerunt.
3006 3001 3138 3056 Nam
3171 2995 3333 3053 Astur
3371 3004 3499 3053 venit
3526 2995 3632 3053 cum

2100 3064 2202 3117 illis
2228 3078 2281 3119 ut
2309 3070 2410 3121 dux
2441 3084 2645 3122 eorum.
2678 3069 2774 3122 Per
2793 3068 2959 3124 Assur
2986 3072 3234 3138 populum
3266 3073 3415 3123 illum
3443 3072 3635 3124 intelli-

2104 3150 2227 3208 gere
2262 3152 2590 3208 possumus,
2646 3140 2734 3208 qui
2785 3150 3091 3206 persecutor
3148 3139 3420 3193 lsraelitici
3473 3142 3639 3208 p0pu|i

2107 3203 2224 3271 fuit,
2252 3203 2407 3274 juxta
2440 3207 2563 3278 illud
2596 3225 2607 3259 :
2649 3203 2799 3278 Virga
2827 3210 3014 3275 furoris
3042 3212 3139 3261 mei
3162 3211 3343 3263 Assur.
3379 3203 3494 3278 Ipse
3518 3226 3639 3264 vero

2113 3289 2215 3345 non
2245 3277 2522 3329 intellexit.
2573 3277 2881 3345 Iutelligitur
2909 3278 3172 3342 diabolus,
3206 3280 3291 3345 qui
3323 3277 3564 3345 Operatur
3594 3283 3642 3333 in

2108 3344 2228 3398 liliis
2276 3345 2605 3408 difﬁdentiae,
2656 3344 2902 3413 tauquam
2954 3349 3004 3401 in
3036 3350 3172 3400 vasis
3218 3344 3330 3402 auis
3368 3344 3443 3399 ad
3490 3364 3642 3415 oppa-

2104 3417 2369 3481 guanduni
2398 3416 2641 3483 populum
2670 3416 2781 3468 Dei.
2817 3416 3012 3471 Dicitur
3041 3425 3213 3470 autem
3256 3434 3282 3469 a
3314 3418 3635 3484 quibusdam,

2106 3485 2244 3563 quod
2275 3486 2441 3538 Assur
2466 3484 2709 3563 alﬂigens
2733 3486 2812 3539 vel
2838 3488 3639 3563 elatusiiiterpretaturLAucto-

2108 3556 2315 3676 ssitatem
2350 3570 2472 3609 vero
2504 3556 2659 3623 hujus
2698 3556 3146 3623 interpretationis
3194 3571 3299 3611 non
3332 3557 3618 3610 audivimus

2148 3635 2351 3676 eauitur
2377 3642 2389 3676 ε

2148 3635 2389 3689 equitur:

2178 3692 2245 3745 Et
2286 3697 2405 3763 facti
2451 3704 2567 3748 sunt
2599 3709 2782 3748 omnes
2832 3710 2962 3761 quos
3013 3696 3179 3748 Assur
3223 3696 3482 3757 adduxit,
3533 3698 3643 3762 [iliis

2106 3761 2201 3834 Lat
2245 3761 2297 3817 in
2342 3766 2836 3834 adjutorium:quia
2867 3776 2986 3820 sunt
3032 3768 3382 3820 instrumenta
3431 3761 3641 3819 lilioiuin

2108 3832 2223 3898 Litt,
2264 3836 2312 3887 id
2355 3832 2453 3898 est,
2489 3836 2711 3887 tilioruin
2747 3835 3133 3887 declinationis.
3184 3834 3281 3887 Lot
3310 3841 3453 3889 enim
3485 3838 3632 3887 decli-

2107 3918 2235 3956 nans
2267 3906 2655 3973 interpretatur.
2697 3905 2758 3957 Et
2788 3904 3067 3957 declinatio
3105 3919 3133 3955 a
3168 3907 3390 3958 veritate
3436 3907 3639 3971 angelos

2106 3972 2580 4039 apostatas'quasi
2655 3972 2961 4043 generavit,
3013 3972 3100 4041 qui
3149 3974 3302 4027 malis
3352 3976 3636 4027 lioniiuibus

2108 4050 2342 4106 utuntur,
2378 4045 2520 4096 velut
2562 4046 2726 4097 armis
2771 4043 2834 4096 ad
2867 4043 3216 4097 infestandum
3272 4048 3518 4113 populum
3544 4044 3628 4098 Di-i

2105 4115 2470 4234 forporaliter,
2522 4128 2676 4180 quem
2722 4125 2776 4167 et
2814 4113 2913 4182 ipsi
2964 4125 3352 4183 persequuntur
3401 4116 3638 4183 spiritua-

2128 4193 2242 4234 iter.

2128 4193 2242 4236 iter.

2179 4251 2285 4304 Fac
2332 4253 2433 4305 illis
2485 4254 2612 4305 sicut
2660 4252 2891 4304 Madiaii.
2942 4252 3050 4306 Hoc
3094 4252 3219 4306 dicit
3270 4269 3372 4307 non
3424 4255 3643 4319 optando

2107 4322 2306 4388 ASaph,
2350 4324 2440 4375 sed
2488 4323 2871 4389 pronhetando,
2918 4339 3023 4375 non
3067 4324 3290 4385 orando,
3339 4324 3430 4377 sed
3463 4325 3640 4391 praedi-

2105 4392 2294 4443 cendo.
2334 4392 2487 4457 Quasi
2536 4393 2677 4445 dicat
2710 4411 2722 4445 :
2760 4392 2994 4446 l’riedicti
3039 4407 3222 4447 omnes
3270 4394 3545 4447 adversum
3593 4403 3642 4444 te

2105 4470 2158 4512 et
2182 4462 2429 4529 populum
2478 4472 2618 4515 tuum
2661 4471 2950 4517 venerunt:
2981 4473 3030 4514 tu
3057 4471 3251 4521 autem,
3302 4463 3539 4524 Domine,
3565 4464 3639 4530 {ac

2102 4531 2203 4582 illis
2252 4532 2380 4582 sicut
2429 4532 2593 4584 fecisti
2621 4531 2854 4595 Madian,
2888 4532 3089 4584 scilicet
3118 4542 3174 4584 ut
3201 4532 3339 4585 sicut
3366 4533 3566 4585 Madiau
3613 4552 3635 4579 ει

2101 4601 2296 4653 Carnali
2332 4603 2486 4655 Israel
2514 4602 2810 4655 destructus
2863 4612 2965 4662 est,
3004 4603 3070 4654 ita
3101 4614 3155 4656 et
3194 4603 3291 4669 ipsi
3332 4617 3361 4654 a
3390 4602 3637 4669 Spirituali

2105 4670 2284 4731 Israel.
2318 4672 2367 4725 id
2397 4681 2496 4733 est,
2531 4690 2556 4722 a
2590 4673 2781 4740 populo
2822 4682 2911 4724 tuo
2950 4672 3291 4726 destruantur
3320 4681 3375 4725 et
3405 4686 3630 4739 pereant,

2100 4741 2237 4793 sicut
2264 4740 2415 4794 labia
2446 4750 2498 4794 et
2521 4742 2693 4797 Sisara
2730 4743 3014 4807 perierunt.

2173 4810 2377 4863 Madian
2427 4812 2801 4873 interpretatur
2848 4812 3118 4864 declinans
3163 4810 3432 4876 judicium.
3475 4812 3637 4863 Decli-

2101 4892 2288 4933 nantes
2319 4888 2494 4933 autem
2533 4879 2786 4947 judicium
2819 4892 2961 4941 sunt,
2993 4882 3097 4931 vim
3144 4879 3363 4932 rationis
3414 4896 3514 4932 non
3564 4890 3635 4931 at-

2103 4952 2408 5011 tendentes;
2460 4961 2507 5003 et
2561 4949 2679 5002 ideo
2726 4948 3155 5004 irrationabiliter
3206 4957 3437 5015 agentes.
3470 4950 3639 5015 utqui

2101 5030 2397 5073 creaturam
2422 5020 2668 5085 creatori,
2695 5028 2899 5073 terrena
2922 5022 3135 5073 aeternis
3160 5030 3487 5086 prmponuut,
3514 5030 3567 5071 et
3592 5020 3639 5069 bi

2104 5092 2234 5141 tales
2270 5091 2456 5143 merito
2502 5090 2863 5142 destruuntur.
2914 5092 3091 5142 Sisara
3144 5089 3354 5154 quidam
3406 5094 3638 5156 princeps

2104 5158 2502 5213 Madianitarum
2542 5160 2657 5219 luit,
2687 5162 2772 5226 qui
2814 5173 2930 5211 cum
2969 5156 3173 5224 fugiens
3217 5160 3268 5210 'tu
3310 5159 3511 5226 tugurio
3548 5173 3642 5209 cu-

2097 5226 2305 5293 jusdam
2357 5230 2680 5282 muliercqu
2724 5230 2928 5293 lateret,
2987 5238 3041 5280 et
3088 5229 3513 5291 obdormivisset,
3560 5230 3638 5277 illa

2104 5298 2235 5349 clam
2269 5313 2387 5351 eum
2417 5300 2564 5351 clavo
2613 5308 2665 5350 et
2695 5300 2861 5349 maleo
2888 5297 3133 5363 accessit,
3164 5310 3215 5350 et
3247 5308 3400 5351 terra:
3427 5300 3635 5363 attigeris

2103 5368 2379 5421 interiecit.
2415 5371 2790 5436 Interpretatur
2820 5376 2991 5421 autem
3019 5368 3196 5421 Sisara
3242 5368 3483 5421 exclusio
3507 5379 3627 5436 ρυ-

2101 5437 2191 5498 dii,
2226 5449 2279 5491 et
2310 5435 2667 5503 intelliguntur
2699 5451 2788 5503 per
2816 5452 2934 5491 eum
2970 5448 3168 5489 tantum
3204 5438 3254 5489 lii
3286 5438 3372 5503 qui
3401 5435 3635 5501 gaudium

2102 5506 2151 5557 in
2203 5513 2425 5562 terrenis
2462 5518 2705 5575 quaerunt
2732 5548 2746 5571 ,
2796 5524 2971 5561 verum
3022 5522 3198 5561 autem
3244 5506 3484 5575 gaudium
3529 5520 3556 5555 δ
3586 5517 3642 5558 se

2096 5578 2399 5630 excludunt.

2169 5647 2317 5700 labin
2356 5661 2564 5715 quoque
2614 5648 2853 5717 princeps
2898 5646 3294 5700 Madianitarurn
3343 5646 3394 5699 iu
3431 5655 3639 5717 torrente

2098 5714 2270 5768 Cisson
2299 5714 2603 5770 interiectus
2632 5718 2749 5783 luit,
2777 5714 2828 5771 et
2854 5721 3227 5783 interpretatur
3250 5716 3399 5769 .labin
3423 5715 3613 5782 sapiens

2098 5792 2193 5851 Qui
2244 5805 2364 5842 tcto
2415 5788 2664 5856 sapiens?
2705 5788 2904 5844 scilicet
2953 5786 3041 5841 ille
3080 5787 3148 5844 tle
3190 5802 3294 5857 quo
3324 5786 3625 5855 Apostolus.
