3872 6232
131 314 237 368 935
813 314 876 370 ΙΝ
916 313 1328 370 PSALMORUM
1373 310 1617 366 LIBRUM
1658 311 2011 365 EXEGESIS.
2046 340 2112 350 —
2154 310 2388 366 PSAI..\I.
2435 310 2709 364 LXXXIII.
3239 310 3342 365 934

133 427 278 480 nulla
306 426 408 480 erit
435 425 668 480 miseria.
704 427 896 480 Littera
940 438 1116 479 autem
1164 428 1242 478 sic
1281 427 1484 489 legitur.
1530 423 1687 488 Quasi
1721 430 1763 482 Α
1796 425 1874 473 los
1907 431 2174 486 peccatum
2218 424 2599 485 demonstrare,
2649 425 2738 476 sed
2787 438 2888 475 non
2919 425 3081 485 potuit
3111 422 3340 486 auferre,

133 500 324 550 dicat:
370 495 504 549 Vere
567 497 740 548 anima
793 511 906 548 mea
950 508 993 547 et
1040 511 1155 547 caro
1205 494 1574 547 exsultaverunt
1639 496 1691 542 in
1801 494 1934 558 quod
1970 494 2105 545 idem
2123 495 2400 560 Apostolus
2423 493 2650 544 osrendit
2673 493 2886 559 dicens:
2921 494 3190 546 Occasione
3211 497 3340 546 enim

140 566 308 617 Deum
332 568 516 625 uiuum,
543 566 665 632 quia
693 568 866 616 anima
895 581 1008 616 mea
1041 581 1132 617 ens
1161 579 1352 631 passer,
1384 563 1572 612 invenit
1599 561 1691 612 sibi
1802 571 2022 628 accepta,
2053 573 2305 629 peccatum
2340 577 2426 632 per
2452 562 2744 613 mandatum
2774 573 3031 629 operatum
3068 569 3140 614 est
3173 564 3227 615 in
3267 579 3343 616 me
3381 576 3388 586 '

135 634 373 699 domum,
405 643 455 687 et
484 630 608 686 caro
645 649 759 686 mea
789 649 884 686 eus
927 644 1090 686 turtur
1121 630 1314 685 invenit
1356 631 1449 683 sibi
1498 632 1694 691 nidum,
1802 644 1997 681 omnem
2024 630 2498 699 concupiscentiam,
2550 641 2604 684 et
2653 633 2870 698 reliqua.
2918 633 2978 684 Et
3008 633 3075 684 ita
3101 633 3181 685 lex
3232 633 3342 696 qui-

139 703 224 755 ubi
257 698 468 771 rsponat
499 705 663 770 pullos
691 718 824 756 suos.
862 703 927 756 Et
972 703 1141 771 (quasi
1170 700 1333 771 dicat)
1374 713 1698 771 quaecunque
1802 701 1920 750 dem
1949 701 2261 771 producebat
2293 698 2690 771 inllrmos,_r_sed
2720 717 2821 752 non
2873 702 3094 752 sanabat
3117 714 3229 753 eos.
3257 702 3344 771 Si-

136 787 267 825 caro
297 768 419 825 talis
454 768 568 836 est,
617 774 940 826 exsultanter
969 768 1176 824 transiit
1202 773 1252 821 in
1298 770 1460 822 Deum
1500 768 1721 824 vivum.-
1804 779 1891 820 cut
1925 778 1977 821 et
2005 768 2235 836 quinque
2264 770 2492 834 porticus
2541 769 2808 838 illa-circa
2843 771 3160 836 prohaticam
3190 769 3344 838 pisci-

138 841 243 904 Qui
284 843 356 895 sit
399 851 572 896 autem
605 842 758 895 nidus
796 842 905 908 ille,
947 842 1013 896 de
1056 856 1160 910 quo
1187 839 1333 901 dicit,
1367 839 1700 907 prosequitur
1807 852 1926 888 nam
1961 834 2198 891 inlirtnos
2225 838 2433 905 quidem
2479 834 2854 903 producebant,
2898 841 2987 892 sed
3021 834 3219 892 nullum
3261 853 3346 890 sa-

139 910 378 962 direns:
1807 910 2022 959 nabant.
2074 908 2218 962 Aqua
2273 910 2500 962 uuinuue
2548 907 2856 962 porticibus-
2875 908 3044 960 cincta
3094 916 3177 962 est
3223 921 3346 962 tiens

179 926 331 964 nens
363 927 378 963 2

217 981 420 1031 Altaria
452 987 558 1036 tua.
597 979 824 1033 Domine.
868 979 1048 1032 Altare
1093 979 1239 1031 locus
1269 985 1347 1029 est
1379 977 1465 1028 ubi
1513 991 1701 1043 snper-

143 1060 421 1113 pommtur
444 1060 562 1100 vota
595 1061 795 1109 nostra,
847 1059 901 1100 ut
933 1047 1038 1100 Deo
1082 1048 1186 1100 sint
1223 1047 1588 1114 acceptabilia.
1641 1047 1704 1099 Et

145 1117 272 1169 ideo
302 1119 485 1170 altaria
514 1129 775 1185 ponuntur
815 1133 909 1184 pro
955 1117 1077 1180 lide,
1125 1132 1242 1184 qute
1271 1119 1321 1168 in
1366 1116 1516 1168 nubis
1548 1114 1706 1168 debet

146 1188 500 1250 przecedere,
563 1195 616 1239 et
662 1202 839 1253 postea
881 1185 1286 1255 superaedilicari
1337 1186 1468 1236 bona
1522 1198 1702 1255 opera,

145 1257 390 1320 alioquin
423 1259 618 1323 ingrata
649 1251 702 1309 et
731 1251 961 1309 inutiliaf
986 1256 1179 1308 Littera
1210 1255 1286 1306 sic
1317 1255 1543 1322 legitur:
1578 1251 1705 1304 Tur-

147 1336 259 1387 tnr,
293 1329 526 1392 inquam,
577 1325 775 1378 invenit
810 1327 1005 1388 nidum,
1059 1325 1256 1378 scilicet
1289 1323 1484 1392 invenit
1522 1323 1706 1392 altaria

149 1404 270 1458 tua,
307 1391 482 1453 idest,
519 1393 673 1447 Iidem
705 1404 843 1447 tuam
870 1401 920 1448 et
951 1399 1147 1445 cauera'
1167 1391 1518 1444 ecclesiastica
1552 1391 1704 1442 insti-

155 1473 296 1516 tuta.
341 1467 388 1516 0
420 1462 650 1526 Domine,
692 1466 846 1515 etiam
872 1465 1127 1524 virtutum,
1173 1460 1279 1513 Rea:
1323 1475 1461 1512 meus
1487 1470 1530 1510 et
1576 1460 1710 1512 Deus

157 1548 329 1594 meus,
372 1532 420 1585 id
451 1541 552 1594 est,
602 1534 689 1600 qui
739 1547 822 1584 me
852 1532 1010 1598 regis,
1059 1532 1124 1584 ad
1169 1533 1280 1583 haec
1325 1529 1509 1582 altaria
1560 1530 1707 1582 inve-

158 1602 383 1665 utenda,
411 1613 544 1655 sicut
572 1611 624 1654 et
650 1615 801 1653 creas
829 1616 931 1653 uie.

230 1669 382 1724 Beati
402 1671 487 1738 qui
507 1671 728 1723 habitant
751 1672 801 1721 in
827 1673 974 1721 domo
995 1678 1101 1721 tua.
1128 1667 1229 1721 l'ste
1257 1667 1342 1733 qui
1373 1665 1456 1738 hic
1485 1666 1714 1735 loquitur

157 1743 372 1806 positus
410 1737 457 1793 in
481 1739 758 1808 pressaris,
794 1751 845 1792 et
868 1740 1138 1804 suspirans
1161 1738 1210 1790 in
1244 1738 1329 1808 illa
1354 1737 1709 1808 tabernacula,

161 1809 254 1862 ubi
277 1809 417 1862 nulla
435 1807 532 1862 erit
552 1822 810 1874 pressura,
829 1822 946 1860 cum
966 1808 1188 1871 quodam
1211 1815 1421 1872 stupere
1435 1815 1487 1858 et
1501 1807 1723 1858 admira-

166 1880 316 1933 tione
332 1878 486 1931 dicit;
512 1876 651 1929 Beati
672 1893 818 1942 vere,
834 1886 885 1929 et
901 1876 1228 1929 ineﬂabilitcr
1247 1874 1405 1937 beati,
1427 1889 1459 1926 ο
1491 1874 1721 1938 Domine,

166 1956 320 2010 sunt,
339 1961 418 2014 pet
436 1950 689 2013 tingentes
709 1949 756 1999 in
772 1947 901 1999 atria
922 1955 1030 2011 tua,
1049 1945 1134 1999 ubi
1155 1945 1291 2014 nulla
1307 1945 1720 2014 pressuramulta

171 2013 416 2069 miseria.
469 2016 532 2069 Et
579 2025 724 2068 notat
771 2016 1030 2083 duplicem
1077 2013 1448 2068 beatitudinem
1492 2013 1749 2078 illorum,-

165 2085 399 2150 scilicet,
429 2096 481 2140 et
505 2086 554 2140 iu
580 2085 818 2141 habendo
842 2085 970 2140 etin
1001 2083 1222 2149 agendo.
1255 2083 1310 2139 lu
1345 2083 1586 2140 habendo
1608 2083 1724 2154 qui-

169 2157 322 2220 dem,
378 2160 686 2210 cum'dicit:
719 2158 820 2222 Qui
870 2156 1093 2213 habitant
1122 2158 1173 2207 in
1216 2153 1367 2208 domo
1411 2167 1496 2207 tua
1534 2153 1720 2224 super-

168 2226 407 2289 ccelesti,
441 2229 490 2296 in
520 2241 642 2296 qua,
674 2227 897 2296 scilicet,
930 2234 984 2278 et
1013 2239 1214 2296 mansio
1237 2238 1441 2296 aeterna
1462 2235 1514 2278 et
1544 2226 1721 2278 lzetitia

169 2297 296 2348 sine
325 2295 559 2349 tristitia.
610 2297 740 2361 Quia
781 2295 954 2347 nullus
979 2295 1050 2346 ibi
1078 2307 1292 2362 pauper,
1341 2295 1511 2346 nullus
1541 2299 1718 2355 miser,

169 2367 353 2417 nullus
378 2369 428 2417 in
455 2379 634 2429 rtnus,
688 2365 859 2416 nullus
901 2377 1118 2430 egenus,
1166 2363 1395 2431 deniQue
1426 2363 1596 2416 nullus
1624 2365 1719 2431 nisi

169 2449 385 2486 Summa
417 2434 662 2487 felicitate
684 2433 932 2498 repletus.
963 2434 1162 2497 Agendi
1196 2446 1320 2486 vero
1347 2433 1720 2485 beatitudinem

104 2518 107 2520 ’
167 2513 326 2556 notat
352 2505 636 2556 cumdicit:
664 2501 962 2556 Laudabunt
982 2510 1027 2554 te
1047 2503 1096 2555 in
1122 2501 1637 2567 stcculam'culorum,
1671 2502 1720 2554 id

168 2581 281 2634 est.
310 2573 652 2626 aeternaliter.
684 2573 761 2626 Ne
785 2573 993 2624 dubites
1021 2586 1086 2623 ne
1109 2573 1279 2640 possis
1311 2570 1454 2623 illum
1487 2571 1718 2634 laudare,

170 2655 335 2703 quem
366 2657 482 2695 .non
529 2641 724 2710 poteris
755 2657 855 2694 non
895 2655 1091 2692 amare.
1114 2639 1121 2640 “
1144 2639 1458 2693 Insatiabilis
1488 2652 1568 2692 est
1603 2641 1720 2707 pul-

175 2709 452 2776 chritudo,
482 2709 539 2765 et
564 2713 682 2765 ideo
710 2723 857 2762 amor
877 2710 990 2762 sine
1019 2709 1188 2761 taedio.
1279 2716 1282 2717 '

256 2778 447 2832 Beatus
467 2781 560 2833 oir.
593 2780 748 2844 Quasi
771 2779 904 2831 dlcat
931 2795 942 2828 :
973 2777 1081 2829 Non
1111 2778 1277 2830 solum
1299 2777 1433 2830 beati
1465 2778 1513 2830 in
1533 2776 1719 2844 patria,

177 2849 278 2904 sed
306 2852 465 2909 etiam
489 2850 622 2903 beati
653 2853 702 2902 in
732 2849 810 2901 via
836 2857 888 2902 et
919 2852 969 2901 in
990 2848 1199 2907 militia.
1251 2847 1375 2899 Nam
1416 2849 1588 2900 omnis
1637 2847 1722 2899 ille

175 2927 265 2973 est
303 2919 494 2982 beatus,
523 2927 576 2971 et
605 2929 802 2972 tantum
831 2917 924 2981 uir,
958 2913 1007 2968 id
1037 2925 1135 2980 est,
1170 2917 1388 2986 viriliter
1412 2919 1590 2984 agens,
1622 2915 1718 2968 nisi

175 2990 404 3053 l‘etuiua,
445 2989 590 3058 cujus
636 2987 983 3058 auxiliumrest
1025 2986 1110 3036 abs
1149 2995 1216 3048 te,
1249 2986 1307 3058 id
1352 3000 1451 3049 ρει,
1483 2996 1720 3058 quemiu

177 3059 426 3125 sdjuvas.
467 3056 594 3109 Nam
626 3071 716 3124 per
747 3056 997 3108 auxilium
1023 3064 1163 3108 tuum
1205 3056 1448 3122 disposuit
1469 3056 1718 3125 ascensio-

174 3124 290 3186 nes.
325 3128 376 3179 id
405 3135 504 3187 est,
535 3128 726 3194 gradus
755 3138 855 3194 non
879 3129 1203 3191 corporales,
1231 3127 1321 3176 sed
1352 3126 1402 3176 in
1433 3124 1581 3174 corde
1608 3140 1718 3186 suo,

176 3201 227 3247 id
262 3205 365 3260 est,
389 3192 682 3263 spirituales
709 3209 722 3258 ;
751 3201 804 3247 et
832 3192 930 3263 hoc
953 3195 1004 3245 in
1019 3195 1146 3244 valge
1166 3195 1519 3261 lat‘rymarum,
1548 3193 1596 3244 id
1625 3202 1727 3263 est,

177 3270 234 3316 in
273 3262 516 3329 praesenti
546 3264 667 3326 vita,
715 3275 832 3330 quae
860 3262 1147 3330 lacrymosa
1189 3272 1271 3314 est
1308 3277 1359 3314 et
1402 3263 1498 3315 mis
1521 3279 1609 3313 -ra.
1661 3262 1728 3314 lbi

175 3333 690 3402 euimlacrymatur,
738 3331 826 3384 ubi
871 3335 1201 3402 seminatur;
1253 3332 1598 3402 ibiilatatur,
1645 3332 1729 3384 ubi

181 3401 479 3469 colligitur.
518 3403 864 3470 Ascensiones
890 3401 1005 3453 dico
1042 3401 1091 3451 in
1137 3402 1280 3451 illum
1327 3401 1493 3451 locum
1541 3403 1731 3470 perdu-

185 3484 396 3532 centes,
440 3481 585 3539 quem
617 3472 727 3536 ipse
773 3469 909 3539 Deus
951 3471 1136 3537 posuit,
1182 3470 1444 3534 proposuit
1491 3470 1732 3520 unmibus

186 3538 496 3609 petendum.
526 3547 711 3603 Quem,
740 3538 960 3599 scilicet,
981 3538 1146 3590 locum
1170 3539 1465 3609 oculusnon
1485 3539 1626 3609 vidit,
1647 3552 1732 3588 nec

190 3607 339 3661 aurs
367 3609 576 3674 audit-it,
609 3624 696 3661 nec
714 3611 762 3658 in
791 3623 876 3659 cor
903 3609 1116 3659 hominis
1157 3608 1398 3660 ascendit.
1434 3607 1520 3659 Vel
1546 3609 1730 3660 aliter:

189 3678 459 3747 Disposuit
481 3680 789 3730 assensiones
812 3680 862 3730 in
879 3679 1025 3747 ualle
1044 3677 1377 3743 larrymarum
1403 3678 1453 3729 in
1475 3679 1602 3747 loco,
1629 3679 1733 3747 δυιε

188 3744 333 3808 licet,
367 3750 455 3800 illo
481 3762 627 3816 quem
674 3749 784 3812 ipse
821 3746 977 3816 miser
1017 3744 1172 3798 homo
1219 3746 1608 3816 praavaricaudo
1636 3746 1732 3797 sibi

181 3820 381 3882 posuit,
435 3815 612 3878 idest,
665 3819 802 3867 Iecit.
859 3815 949 3865 γει
998 3818 1158 3866 etiam
1201 3831 1343 3880 quem
1393 3815 1530 3867 Deus
1571 3819 1734 3882 posuit

180 3887 338 3949 quasi
372 3887 436 3937 ad
465 3887 688 3936 stadium
717 3884 1220 3946 Otttuilius,_smlicet,
1271 3891 1326 3936 ut
1348 3886 1396 3935 itt
1426 3899 1490 3935 eu
1517 3899 1634 3935 cum
1663 3886 1733 3935 vi-

183 3966 276 4004 ttis
327 3965 379 4006 et
424 3955 783 4019 spiritualibus
825 3952 1048 4005 inimicis
1075 3952 1497 4019 couliigeremus.
1544 3950 1734 4004 Militia

181 4025 321 4074 enim
345 4024 444 4074 vita
467 4024 679 4074 hominis
700 4037 848 4089 super
871 4033 1072 4074 terram.
1102 4021 1435 4074 Aacensionis
1457 4030 1605 4074 vocat
1632 4023 1734 4073 vir-

187 4104 333 4166 tutes
363 4095 576 4166 agentia;
605 4093 721 4166 vitze
744 4093 1088 4166 necessarias,
1119 4091 1338 4166 scilicet,
1371 4091 1544 4166 tidem,
1564 4105 1734 4166 spem,

185 4164 524 4214 charitnlem.
565 4164 626 4213 ιιι
657 4163 748 4213 has
789 4165 944 4213 etiam
974 4161 1196 4225 quatuor
1228 4161 1542 4228 principales
1575 4163 1736 4212 virtu-

188 4244 293 4294 tes,
328 4233 551 4293 scilicet,
602 4231 948 4298 prudentiam,
991 4231 1271 4297 justitiam,
1315 4231 1733 4298 temperantiam,

191 4304 580 4364 tot-titudiuem,
603 4295 679 4353 vet
721 4315 835 4365 qua:
864 4301 962 4351 sub
994 4295 1109 4352 illis
1135 4309 1274 4352 sunt.
1327 4295 1602 4351 Prudentia
1632 4308 1732 4361 est,

189 4383 296 4435 qua
327 4369 674 4423 discernimus
698 4370 832 4435 inter
855 4369 1044 4420 bonum
1075 4377 1127 4421 et
1155 4366 1345 4420 malum
1369 4384 1382 4430 ;
1408 4368 1607 4434 justitia
1629 4380 1727 4433 est,

1807 910 2022 959 nabant.
2074 908 2218 973 Aqua
2273 910 2500 974 quinque
2548 907 2856 973 porticibus-
2875 908 3044 960 cincta
3094 916 3177 962 est
3223 921 3349 976 gens

1805 976 1984 1028 Judzea
2036 978 2263 1044 quinque
2316 977 2564 1044 legalibus
2608 978 2752 1028 libris
2797 979 3066 1028 COIICillsa.
3120 977 3176 1031 In
3218 980 3349 1029 hanc

1805 1059 1993 1109 aquam
2024 1045 2374 1097 descendebat
2401 1047 2616 1111 angelus
2650 1047 2848 1098 Domini
2877 1044 2944 1098 de
2973 1048 3128 1109 curto,
3155 1055 3209 1099 et
3238 1056 3351 1099 tur-

1809 1117 2117 1166 babateam.
2169 1116 2228 1167 Et
2255 1116 2492 1182 quisquis
2523 1130 2657 1166 unus
2705 1118 2846 1180 prior
2895 1116 3249 1168 descendebat
3297 1115 3348 1167 in

1810 1183 2066 1235 turbatatn
2094 1199 2301 1253 aquam,
2327 1185 2624 1237 satiabatur.
2666 1184 2919 1236 Similiter
2948 1184 3148 1250 Augelu
3178 1182 3349 1252 magni

1806 1254 2008 1305 consilii
2040 1253 2388 1306 descendente
2437 1253 2500 1305 de
2541 1254 2678 1305 ccelo
2706 1295 2719 1319 ,
2766 1269 2930 1318 aqua,
2978 1253 3028 1306 id
3076 1262 3157 1306 est
3205 1268 3347 1320 gens,

1810 1322 2027 1372 turbata
2049 1332 2130 1374 est
2171 1324 2220 1373 iu
2254 1332 2473 1381 tantum,
2505 1323 2824 1389 quodetiam
2868 1322 3152 1387 phrenetici
3184 1324 3350 1375 medi-

1807 1404 1925 1443 Cum
1956 1393 2284 1444 occiderunt.
2334 1392 2640 1457 Intelligitur
2665 1401 2836 1443 autent
2872 1409 2961 1459 per
2982 1407 3169 1460 aquam
3211 1394 3353 1444 illam

1811 1460 2067 1512 turbatam
2094 1461 2265 1526 passio
2291 1461 2506 1523 Christi,
2550 1476 2681 1528 quze
2701 1460 2834 1513 facta
2865 1474 2941 1514 εει
2970 1476 3033 1514 ex
3063 1460 3354 1513 turbatione

1812 1528 1918 1598 illa.
1955 1529 2008 1581 In
2028 1529 2187 1595 cujus
2211 1531 2466 1595 passionis
2506 1527 2850 1582 humilitatem
2881 1535 2922 1581 si
2954 1532 3070 1598 quis
3091 1530 3357 1584 credendo

1818 1597 2196 1662 descenderit,
2244 1609 2297 1650 et
2326 1613 2457 1649 unus
2498 1600 2652 1652 luerit
2695 1612 2795 1650 uoo
2837 1597 3056 1661 divisus,
3098 1601 3218 1667 quia
3259 1601 3357 1651 Ec-

1819 1667 1978 1718 clesia
2009 1684 2109 1719 non
2141 1669 2292 1719 habet
2315 1669 2565 1730 sclustna,
2591 1668 2677 1721 ille
2701 1682 2818 1720 vere
2845 1683 2937 1732 per
2970 1669 3143 1732 litem,
3178 1669 3225 1719 id
3254 1678 3354 1729 est,

1755 1760 1797 1818 Β
1826 1749 1914 1803 per
1936 1738 2150 1815 gratiam
2173 1738 2467 1818 sanabitur,
2494 1738 2639 1818 _quia
2683 1751 2784 1818 non
2816 1749 3011 1818 potest
3043 1738 3214 1818 sanari
3263 1752 3357 1818 per

1828 1808 2103 1871 porticum,
2136 1806 2183 1858 id
2210 1820 2240 1858 e
2273 1817 2315 1868 t,
2364 1822 2454 1873 per
2493 1806 2679 1874 legem.
2726 1807 2786 1858 Et
2813 1805 2929 1864 ideo
2966 1807 3153 1858 dicitur
3193 1809 3358 1874 gratia

1822 1875 2119 1938 sublevans,
2159 1890 2313 1940 quam
2354 1876 2570 1943 gratiam
2600 1885 2745 1934 vocat
2780 1876 3212 1940 benedictionem,
3240 1878 3358 1942 quia

1820 1944 2040 1996 contulit
2083 1947 2271 1996 multas
2301 1947 2543 1997 virtutes.
2598 1946 2697 1996 Alii
2725 1946 2855 1995 enim
2896 1946 3044 1996 datus
3087 1953 3158 1998 est
3201 1960 3361 1996 sermo

1820 2014 2059 2086 scientiis,
2099 2014 2189 2068 alii
2226 2014 2521 2084 prapheliw,
2548 2016 2638 2069 alii
2677 2014 2966 2086 linguarum
3008 2030 3210 2086 genera,
3258 2025 3359 2067 etc.

1825 2082 1887 2136 Et
1927 2087 2074 2154 quasi
2115 2082 2290 2139 dicat:
2321 2082 2465 2150 Quid
2507 2099 2681 2139 autem
2720 2082 2794 2139 eis
2836 2104 2927 2152 per
2971 2082 3106 2139 illam
3150 2092 3364 2140 benedi—

1824 2155 2099 2208 ctionem?
2158 2157 2494 2220 lleSpoudct:
2548 2156 2763 2209 Mullum
2813 2158 3060 2221 quidem,
3101 2158 3219 2225 quia
3272 2172 3364 2225 per

1822 2238 1935 2275 eam
1966 2224 2102 2276 ibunt
2123 2224 2184 2276 de
2207 2227 2392 2277 uirtute
2409 2227 2649 2289 actionis,
2682 2240 2797 2291 qua:
2838 2242 2940 2277 nou
2985 2236 3064 2277 est
3097 2224 3235 2287 una,
3268 2224 3360 2279 Sed

1825 2295 2114 2358 multiplex,
2149 2303 2203 2346 ut
2231 2310 2383 2359 supra
2424 2295 2616 2346 dictum
2646 2307 2746 2361 est,
2765 2298 2829 2346 ,ιη
2874 2297 3099 2346 virtutem
3126 2305 3363 2348 contem-

1827 2363 2091 2427 pl...tionis,
2133 2363 2181 2415 id
2228 2374 2344 2426 est,
2390 2368 2553 2431 usque
2600 2363 2663 2415 ad
2707 2363 3165 2430 contemplandum
3203 2363 3360 2431 Chri-

1826 2441 1985 2493 stum,
2022 2433 2109 2500 qui
2133 2443 2210 2485 est
2251 2434 2339 2485 Dei
2371 2434 2533 2484 vinus
2555 2446 2607 2485 et
2647 2432 2735 2484 Dei
2771 2431 3062 2499 sapientia;
3099 2449 3366 2502 perquam

1824 2515 1977 2552 uuam
2009 2505 2276 2561 virtutem,
2316 2504 2444 2553 alias
2484 2504 2622 2555 enim
2665 2502 2882 2554 virtutes
2909 2502 3366 2569 contemplationis

1825 2569 2126 2633 habebunt,
2177 2571 2407 2640 scilicet,
2457 2570 2766 2640 charitatem
2793 2573 3266 2640 perfectissimam,
3308 2584 3365 2624 ut

1825 2639 2142 2693 :cternalitcr
2200 2639 2362 2692 Deum
2419 2638 2652 2704 laudent,
2710 2650 2762 2693 ct
2801 2638 3264 2703 immortalitatem,
3316 2655 3368 2694 ut

1825 2709 2312 2773 impassihilitatem,
2355 2719 2405 2759 et
2448 2708 2634 2762 similia
2661 2751 2674 2770 ,
2723 2721 2774 2760 ot
2817 2712 2868 2760 in
2917 2726 3092 2776 quam"
3121 2709 3365 2762 virtutem

1825 2775 1990 2844 ibunt.
2023 2776 2333 2848 determinat
2363 2777 2542 2829 dit-ens
2568 2795 2578 2827 :
2610 2779 2728 2848 quia
2756 2775 3001 2830 videbitur
3029 2779 3081 2830 in
3118 2777 3247 2830 Sion
3276 2794 3364 2830 su-

1829 2846 2125 2912 pcrttnlesti
2167 2846 2298 2899 Deus
2325 2849 2551 2910 deorum,
2594 2846 2643 2900 id
2671 2854 2770 2910 est,
2795 2851 3034 2902 Christus
3054 2849 3369 2900 Christiano-

1822 2930 1958 2968 rum.
1985 2915 2082 2982 Qui
2123 2918 2253 2966 dedn
2277 2919 2344 2968 eis
2366 2925 2655 2977 potestatem
2689 2916 2822 2984 ﬁlios
2863 2915 2954 2970 Dei
2993 2917 3105 2984 ﬁeri
3127 2956 3142 2984 ,
3169 2917 3244 2969 lus
3285 2919 3370 2982 qui

1821 2988 2028 3054 credunt
2055 2986 2107 3037 in
2131 2987 2326 3038 nomine
2341 2988 2468 3054 ejus.
2558 3019 2563 3024 ν

1895 3053 2106 3106 Domine
2129 3054 2258 3106 Deut
2285 3053 2537 3109 virtutum.
2569 3055 2670 3108 Iste
2698 3055 2783 3124 qui
2818 3053 2900 3108 hic
2933 3057 3155 3123 loqu’tur
3188 3070 3248 3108 ex
3290 3070 3372 3108 re-

1747 3098 1793 3158 c
1827 3124 2131 3177 cordatioue
2156 3123 2463 3190 gaudiormu
2494 3098 2786 3177 rediens‘ad
2810 3140 2902 3177 sua
2930 3098 3222 3187 superiora,
3265 3127 3368 3176 sci-

1832 3191 1950 3244 licet
1988 3193 2050 3242 ad
2084 3194 2383 3263 toreularia,
2429 3197 2552 3261 quia
2603 3195 2733 3263 vidit
2766 3194 2904 3261 quod
2940 3193 3047 3260 jam
3089 3209 3374 3263 princesse-

1829 3263 1895 3313 rit
1924 3275 2037 3327 spe,
2075 3270 2127 3313 ct
2158 3260 2241 3330 ubi
2287 3260 2460 3313 adhuc
2501 3263 2572 3315 sit
2609 3262 2661 3329 in
2687 3260 2794 3327 re,
2823 3271 2875 3315 et
2919 3264 3038 3330 quia
3076 3260 3246 3318 adhuc
3295 3275 3374 3316 est

1832 3340 2035 3398 tempus
2084 3329 2284 3392 orandi,
2328 3330 2554 3382 noudmu
2603 3330 2884 3394 laudandi,
2942 3329 2999 3386 et
3043 3344 3245 3399 tempus
3285 3348 3372 3398 ge-

1831 3400 2025 3461 tnendi,
2069 3400 2295 3452 nondum
2342 3399 2624 3467 gaudendi,
2670 3399 2786 3454 ideo
2829 3412 2944 3454 orat
2982 3412 3036 3457 et
3072 3402 3232 3462 dicit:
3264 3400 3371 3452 Do-

1830 3469 1962 3521 mine
1994 3468 2127 3520 Deu's
2153 3471 2306 3522 etiam
2340 3481 2598 3532 vtrtutum,
2632 3470 2814 3522 exaudi
2855 3476 3131 3524 orationem
3177 3486 3371 3530 meum;

1831 3540 2050 3604 iercipe,
2085 3536 2224 3602 dico,
2253 3537 2409 3588 etiam
2449 3538 2676 3600 auribus,
2709 3540 2757 3592 id
2789 3549 2888 3602 est,
2924 3544 2989 3591 ita
3029 3553 3142 3593 eam
3172 3540 3372 3602 audias,

1833 3617 1886 3658 ut
1944 3621 2038 3673 per
2087 3605 2328 3659 el'l‘ectum
2391 3618 2438 3659 te
2497 3609 2969 3676 eam_percepisse
3028 3610 3376 3662 attentissime

1831 3679 2100 3741 ostendas,
2131 3685 2183 3728 tu
2213 3677 2298 3744 qui
2337 3689 2394 3729 es
2435 3674 2788 3747 Deusila'cob,
2831 3674 3027 3734 tacens
3064 3679 3130 3732 de
3171 3680 3375 3747 prolici—

1832 3747 2095 3799 scemihus
2139 3747 2521 3810 pervenientes.
2563 3746 2726 3811 Quasi
2770 3747 2946 3800 dicat:
2977 3748 3053 3807 Tu
3075 3749 3100 3810 ,’
3133 3746 3373 3808 Domine,

1833 3830 1919 3882 qui
1948 3816 2118 3868 locnsti
2144 3815 2208 3867 de
2231 3815 2391 3868 Iacob
2436 3815 2614 3878 Israel,
2649 3816 2726 3884 lac
2751 3815 2815 3869 de
2837 3831 2920 3870 me
2958 3819 3376 3884 proﬁciscentem

1837 3881 1891 3934 ut
1923 3885 2121 3936 videam
2150 3884 2306 3936 Deum
2335 3885 2550 3936 deorum
2585 3886 2633 3936 in
2665 3881 2812 3938 Sion.

1905 3953 2166 4006 Prmector
2188 3965 2368 4004 noster.
2395 3951 2616 4014 Exaudi,
2642 3955 2872 4021 inquam,
2895 3957 3170 4007 oralionem
3194 3971 3372 4019 meam,

1836 4021 1969 4074 Dius
1997 4021 2175 4083 Jacob,
2211 4032 2284 4086 tu,
2327 4023 2467 4086 dico,
2499 4021 2634 4074 Deus
2678 4032 2923 4091 protector
2963 4036 3149 4090 noster,
3185 4030 3232 4075 ιιι
3271 4040 3371 4087 εει,

1835 4107 2043 4158 quinos
2090 4095 2140 4143 in
2185 4095 2264 4144 via
2314 4092 2542 4160 protegis
2585 4108 2686 4144 non
2732 4103 2833 4145 tam
2885 4095 3078 4146 lumine
3122 4105 3378 4146 nocturno

1835 4176 1988 4229 quam
2032 4163 2185 4214 etiam
2233 4163 2604 4216 uhumbraculo
2645 4163 2854 4216 diurno.
2903 4165 3080 4227 Aspice
3129 4179 3223 4214 nus
3281 4179 3373 4226 per

1838 4233 2267 4295 misericordiam,
2321 4241 2372 4284 et
2397 4235 2501 4299 'qui
2539 4234 2679 4297 prius
2708 4232 2995 4297 despexisti
3031 4247 3126 4283 nos
3157 4236 3204 4284 iu
3239 4232 3371 4285 facie

1838 4312 2034 4362 nostra,
2066 4301 2254 4367 respice
2285 4300 2335 4350 in
2363 4305 2539 4367 faciem
2572 4299 2754 4351 (ἐνηέιῑὶ
2803 4302 2896 4361 tui,
2947 4301 2997 4352 id
3038 4311 3138 4362 est,
3171 4304 3378 4367 respice

1839 4370 1889 4420 in
1918 4384 2034 4431 nos,
2080 4374 2129 4420 in
2160 4369 2347 4432 quibus
2382 4370 2490 4435 jam
2535 4383 2752 4435 apparet
2783 4372 2940 4423 lacies
2972 4369 3161 4422 tLhristi
3196 4376 3291 4434 tui,
3325 4384 3380 4423 ιιι

189 4431 296 4502 qua
324 4440 516 4503 cuique
561 4431 837 4506 tribuimus
865 4437 1000 4502 quod
1029 4436 1302 4500 debemus,
1353 4431 1441 4498 uti,
1488 4437 1622 4487 sicut
1658 4431 1731 4487 ait
1759 4439 1807 4497 D
1836 4439 1994 4490 lat-ias
2019 4452 2112 4490 nos
2142 4431 2207 4491 de
2233 4431 2396 4491 Jacoli
2423 4431 2616 4506 Israel,
2637 4441 2685 4492 id
2713 4450 2812 4505 est,
2860 4453 2913 4492 ut
2941 4455 3106 4492 sunus
3137 4431 3372 4494 videntes

188 4509 479 4573 Apostolus
501 4523 511 4556 :
548 4504 753 4557 Nemini
775 4506 1044 4574 quidquam
1065 4506 1278 4557 debeatis
1301 4506 1399 4556 nisi
1423 4520 1505 4555 vos
1527 4505 1732 4556 invicem

189 4578 453 4643 diligatis;
501 4577 844 4642 temperantia
873 4583 972 4640 est,
1023 4589 1122 4642 qua
1156 4575 1422 4627 libidinem
1452 4583 1504 4628 et
1549 4588 1733 4626 omnes

189 4648 435 4696 carnales
460 4643 908 4712 concupiscendus
931 4647 1290 4709 reireuamus;
1325 4643 1575 4696 fortitudo
1605 4658 1732 4697 vero

190 4728 294 4778 est,
326 4729 428 4781 qua
450 4715 512 4767 ad
526 4729 672 4767 versa
719 4717 1024 4767 tolerantur.
1049 4713 1120 4766 Et
1152 4715 1228 4766 hae
1259 4717 1472 4766 virtutes
1503 4727 1733 4778 praesen-

191 4786 257 4835 tis
290 4794 491 4836 tantum
522 4795 643 4836 sunt
670 4785 808 4845 vita,
859 4796 960 4835 non
991 4788 1196 4835 luturze.
1241 4783 1352 4836 Non
1385 4783 1733 4849 iudigebitnus

193 4856 493 4918 prudentia,
545 4853 630 4905 ubi
683 4853 823 4904 nulla
871 4855 1198 4907 incurrerunt
1246 4857 1416 4912 mala;
1465 4850 1738 4918 uequeju-

191 4923 377 4983 stitia,
428 4922 514 4973 ubi
563 4920 686 4973 nihil
738 4924 791 4973 lit
831 4922 1061 4990 injuste;
1122 4937 1218 4973 nec
1269 4930 1610 4987 temperantia
1659 4921 1737 4970 vel

194 4991 545 5054 tortitudiue,
603 4991 689 5048 ubi
738 4993 1163 5060 concupiscentia
1212 4991 1391 5053 nulla,
1439 4990 1734 5042 adversdas

194 5061 359 5112 nulla.
1463 5083 1468 5086 -

263 5127 470 5197 Etenim
494 5126 899 5197 benedictionem.
945 5131 1182 5185 Ostendit
1204 5126 1464 5197 quomodo
1487 5127 1572 5181 ille
1590 5127 1740 5196 cujus

195 5212 280 5248 est
317 5196 571 5267 auxilium
597 5210 624 5247 a
655 5195 874 5251 Domino
902 5201 1179 5267 disponere
1199 5195 1444 5267 potuerit,
1474 5195 1742 5251 ascensio-

196 5281 293 5320 nes
321 5266 540 5328 scilicet,
595 5268 711 5334 quia
761 5269 967 5336 adjutus
988 5266 1074 5322 est
1123 5285 1150 5321 a
1194 5266 1504 5322 Sublevante
1550 5277 1738 5335 grata.

195 5339 434 5404 Namque
462 5337 592 5388 lator
622 5337 742 5405 tegis
769 5337 905 5388 dabit
932 5337 1339 5401 benedictionem,
1372 5339 1470 5390 hoc
1500 5349 1601 5401 est,
1640 5339 1713 5390 Do

197 5409 398 5470 minus,
428 5408 514 5471 qui
545 5407 690 5458 dedit
729 5409 894 5474 legem
926 5408 1325 5474 deprimentem,
1377 5406 1520 5458 dabit
1546 5419 1598 5458 et
1621 5421 1740 5474 gra-

197 5477 327 5528 tiam
354 5475 731 5528 sublevantem.
768 5478 874 5529 Lex
908 5478 1024 5528 ideo
1053 5476 1243 5528 dicitur
1270 5476 1591 5542 deprimens,
1622 5477 1740 5542 quia

195 5560 303 5598 non
333 5547 498 5610 potuit
545 5549 766 5609 salvare,
815 5548 904 5599 sed
935 5558 1142 5612 peccata
1197 5553 1393 5597 tantum
1444 5548 1743 5597 ostendere.

196 5613 353 5668 Unde
379 5615 447 5664 ait
478 5616 786 5681 Apostolus:
830 5614 887 5668 Si
915 5617 1045 5667 enim
1080 5619 1198 5666 data
1220 5623 1344 5666 esset
1374 5616 1474 5679 lex,
1504 5629 1613 5679 qua:
1632 5625 1742 5682 pos-

195 5693 271 5736 set
306 5683 574 5748 vivi/icore,
601 5698 708 5735 vere
737 5700 796 5736 ea:
826 5686 929 5753 lege
958 5695 1081 5739 esset
1113 5686 1333 5752 justitia.
1392 5685 1562 5736 Potuit
1591 5687 1745 5735 etiam

1836 4507 1998 4558 Deum
2030 4511 2244 4560 deorum
2273 4509 2322 4560 iu
2354 4507 2498 4562 Sion.
2872 4572 2876 4578 ε

1905 4578 2033 4640 Quia
2072 4578 2247 4629 melior
2275 4590 2344 4629 est
2389 4582 2493 4629 dies
2536 4593 2686 4631 unus.
2733 4580 2853 4631 Ideo
2896 4593 2990 4642 oro
3023 4589 3080 4632 ut
3122 4577 3280 4639 lacias
3311 4579 3377 4633 de

1835 4644 1994 4699 Jacoh
2017 4647 2209 4707 Israel;
2256 4650 2374 4712 quia
2410 4650 2516 4700 dies
2557 4663 2671 4713 qua:
2693 4662 2903 4714 semper
2929 4662 3009 4701 εει
3034 4665 3138 4702 una
3160 4651 3213 4702 in
3237 4652 3380 4702 atris

1835 4716 1937 4767 tuis
1992 4715 2476 4781 supercmlestibus,
2521 4716 2654 4782 dies,
2699 4719 2915 4783 scilicet,
2962 4720 3075 4773 sine
3115 4719 3379 4786 line,quia

1835 4787 1947 4836 sine
1994 4793 2109 4837 ortu
2141 4795 2193 4836 et
2219 4799 2437 4848 occasu,
2485 4802 2599 4853 qua:
2632 4802 2725 4840 nec
2755 4790 3064 4854 pimceditur
3113 4791 3378 4847 hesterna.

1838 4855 2343 4926 urgetur_crastina,
2387 4864 2458 4907 est
2484 4925 2487 4926 ν
2513 4857 2685 4907 melior
2726 4874 2877 4926 super
2925 4860 3106 4920 millia,
3150 4858 3378 4920 'id-est,

1841 4923 1992 4987 longe
2037 4922 2152 4988 plus
2191 4937 2344 4990 quam
2387 4925 2543 4975 multa
2598 4926 2754 4978 millia
2789 4922 3004 4981 ’dierum
3056 4936 3375 4986 nostrorum.

1840 4996 2105 5058 Appetuut
2137 4993 2312 5045 miseri
2339 4993 2578 5045 homines
2602 4997 2764 5048 millia
2791 4996 2993 5049 dierum
3012 5015 3024 5050 :
3042 5008 3376 5050 contemnant

1841 5062 1996 5134 millia
2019 5061 2243 5134 dierum,
2270 5071 2323 5115 et
2348 5072 2596 5134 appetant
2621 5080 2773 5116 unam
2799 5067 2963 5130 diem,
2995 5069 3128 5134 quia
3144 5081 3246 5117 una
3275 5069 3380 5119 dies

1845 5129 2021 5181 melior
2043 5139 2114 5181 est
2141 5133 2316 5182 multis
2334 5132 2560 5184 millibus
2581 5134 2803 5187 dierum.

1914 5198 2055 5268 Elegi
2078 5200 2296 5266 abjectus
2318 5216 2440 5252 esse.
2468 5203 2526 5252 Et
2549 5207 2664 5269 quia
2693 5219 2791 5254 una
2818 5204 2921 5256 dies
2945 5204 3120 5257 melior
3140 5214 3235 5268 est,
3265 5205 3383 5256 ideo

1846 5279 1900 5342 ut
1931 5273 2276 5342 pertingerem
2317 5273 2395 5342 ad»
2417 5270 2557 5321 illam
2595 5286 2748 5322 unam
2780 5271 2942 5336 diem,
2985 5276 3110 5342 elegi
3138 5277 3379 5342 abjectus,

1845 5341 1894 5392 id
1924 5341 2032 5402 est,"
2055 5339 2261 5388 humilis
2289 5347 2342 5389 et
2370 5340 2646 5405 despectus
2669 5355 2772 5392 esse
2798 5345 2849 5394 in
2880 5347 3029 5396 domo
3062 5339 3162 5396 Dei
3187 5339 3299 5407 mei,
3333 5347 3381 5394 id

1839 5409 2042 5485 ﬁscum
2080 5407 2349 5485 praesenti
2381 5408 2630 5485 Ecclesia,
2682 5426 2798 5477 quae
2840 5413 3032 5466 dicitur
3083 5414 3238 5485 etiam
3291 5428 3379 5479 per

1847 5475 2016 5531 simile
2046 5483 2180 5528 sicut
2205 5485 2256 5526 et
2281 5475 2711 5549 tabernaculum,
2743 5485 2902 5549 magis
2945 5497 3096 5548 quam
3136 5475 3380 5542 habitare,

1850 5551 1896 5599 id
1929 5557 2027 5606 est.
2060 5559 2216 5618 quam
2261 5545 2779 5618 divitiisabundare,
2809 5545 2861 5600 et
2889 5545 3110 5618 regnare
3137 5553 3187 5604 in
3220 5553 3384 5604 taber-

1848 5618 2064 5679 naculis,
2101 5617 2147 5669 td
2176 5626 2275 5677 est,
2306 5615 2356 5674 iu
2387 5615 2622 5669 satietate
2658 5615 2990 5684 peccatorum,
3033 5623 3188 5675 etiam
3229 5624 3269 5675 si
3318 5622 3384 5673 ibi

1851 5702 2054 5752 possem
2087 5685 2342 5754 habitare,
2376 5687 2422 5738 id
2451 5697 2549 5748 est,
2583 5698 2834 5752 perpetuo
2866 5705 3096 5745 manere.
3124 5692 3386 5745 luti-llesit
